2916 5220
595 330 770 392 LIBER
815 329 873 391 lu.

300 512 347 584 Et
370 519 563 605 quandoque
586 519 751 604 potentior

344 622 459 708 Largis
484 619 674 686 muneribus
697 620 806 685 riserit
834 619 973 701 aemuli,

299 726 446 790 Albanos
470 746 570 810 prope
594 729 626 789 te
648 724 739 788 lacus

344 829 451 892 Ponet
473 848 689 891 marmoream
712 825 773 891 sub
798 824 888 889 trabe
913 823 1041 908 Cypria.

297 931 371 996 illic
395 931 538 1016 plurima
561 930 695 995 naribus

343 1035 450 1100 Duces
474 1035 586 1117 thura,
610 1034 766 1118 lyraeque
789 1037 822 1097 et
847 1029 1059 1115 Berecyntiae

299 1138 509 1203 Delectabere
534 1138 635 1203 tibiae

343 1240 459 1305 Mixtis
483 1239 701 1321 carminibus,
726 1260 793 1303 non
817 1238 888 1303 sine
911 1237 1032 1303 fistula.

298 1342 372 1409 lllic
395 1343 446 1408 bis
469 1343 562 1428 pueri
587 1343 640 1407 die

340 1446 471 1512 Numen
496 1469 571 1512 cum
594 1447 714 1512 teneris
737 1446 920 1532 virginibus
945 1451 1039 1510 tuum

298 1549 501 1633 Laudantes,
526 1550 608 1634 pede
632 1548 771 1615 candido

341 1653 381 1716 In
405 1675 529 1719 morem
553 1655 680 1720 Salium
704 1660 753 1719 ter
778 1653 928 1738 quatient
951 1653 1099 1717 humum.

161 1815 224 1865 fines
248 1817 345 1880 imperii
374 1817 413 1864 tui
437 1813 552 1879 proferet.
579 1812 653 1863 Ovid.
678 1812 712 1862 V.
754 1818 779 1860 et
803 1811 987 1859 substantivum
1015 1810 1050 1857 sic
1076 1809 1145 1871 poni,
1172 1813 1201 1854 ut
1226 1805 1301 1854 finem

161 1893 266 1944 Metam.
289 1896 346 1947 371.
376 1896 463 1944 Venus
493 1895 525 1941 ad
550 1892 713 1955 Cupidinem:
755 1890 884 1954 utriusque
900 1890 994 1939 ordinis
1012 1893 1141 1952 occupent.
1163 1886 1301 1937 Annotatio

163 1973 220 2022 Cur
243 1991 293 2024 aon
322 1977 460 2037 rastrisque
486 1979 605 2035 tueturque
630 1973 713 2033 Iorpe-
754 1971 813 2030 ista,
838 1970 923 2019 multis
944 1967 1064 2032 exemplis
1080 1967 1237 2022 confirmata,
1253 1972 1301 2012 tes·

160 2055 229 2102 mum
244 2054 365 2118 profers?
383 2057 449 2102 Lete
458 2053 533 2115 ferre
547 2058 575 2099 ut
592 2053 643 2099 lete
659 2053 712 2098 cin·
754 2056 822 2097 tatur
848 2056 989 2098 accuratam
1020 2048 1158 2096 doctrinam
1187 2052 1212 2094 et
1238 2044 1300 2092 noti·

159 2146 222 2180 cere.
246 2131 307 2181 Vid.
325 2131 393 2182 Cort.
412 2133 443 2179 ad
459 2131 555 2180 Lucan.
567 2130 602 2178 II.
620 2130 675 2178 432.
688 2136 712 2177 et
755 2131 816 2178 tiam
833 2129 1018 2179 consuetudinis
1035 2125 1195 2177 Horatianae.

161 2209 266 2258 Sallust.
293 2211 410 2273 Iugurth.
435 2224 489 2273 cap.
515 2212 538 2259 b.
568 2209 659 2258 Florus
685 2207 711 2255 in
787 2210 878 2272 Laepia
907 2209 1050 2256 muneribus
1079 2207 1166 2255 riserit
1199 2205 1300 2252 acutuli.

160 2289 330 2338 Praefatione:
360 2293 476 2352 Populus
502 2291 633 2338 Romanus
660 2290 712 2335 lete
753 2286 849 2350 Gogav.
867 2287 1005 2336 Praeterm.
1022 2301 1079 2349 pag.
1090 2287 1130 2333 32.
1156 2283 1300 2345 “Iego,ait,

156 2383 206 2429 per
222 2371 304 2417 orbem
321 2374 450 2417 terrerum
462 2368 709 2415 arenueircurutulit.
752 2381 791 2414 ree
807 2370 870 2423 erit,
886 2368 933 2414 hoc
950 2381 1038 2416 sensu:
1055 2365 1090 2413 Et
1105 2363 1204 2427 quando
1220 2363 1243 2410 ei
1255 2377 1298 2424 po·

159 2446 211 2495 111.
230 2447 253 2495 b,
272 2448 408 2508 Pompeius
424 2463 470 2509 per
487 2447 644 2495 eremorue'lla
656 2447 710 2493 odo·
752 2447 842 2493 tentior
863 2446 910 2494 erit
930 2461 969 2494 res
994 2445 1025 2494 de
1045 2458 1128 2492 amore
1150 2457 1207 2499 suo,
1224 2455 1299 2503 quam

159 2531 229 2582 rata,
246 2541 291 2587 per
309 2528 394 2574 thuris
405 2533 428 2575 et
442 2527 547 2574 balaami
558 2527 645 2583 sileas,
658 2526 709 2572 Ro·
752 2525 861 2583 aemulo,
879 2539 937 2573 eum
953 2537 1020 2571 nunc
1036 2523 1150 2570 vincente
1162 2519 1239 2568 donis.
1258 2519 1299 2569 Sic

159 2621 238 2653 mauu
253 2607 412 2654 circumtulit
421 2606 498 2667 siqua.
525 2604 575 2653 Sed
586 2605 639 2651 iure
650 2604 711 2652 mihi
752 2604 852 2658 Terent.
878 2604 904 2652 in
926 2604 1018 2652 Heaut.
1049 2604 1079 2651 St
1096 2602 1157 2648 ueibe'
1177 2601 1300 2648 secundae

159 2698 280 2746 quaerere
297 2683 390 2741 videor,
414 2698 446 2731 an
467 2685 515 2732 ista
534 2684 618 2744 imago
638 2682 709 2745 regni
751 2701 791 2734 res
812 2688 842 2734 de
858 2701 909 2734 uteo
930 2700 1013 2734 umore
1030 2686 1117 2732 essem.
1139 2681 1174 2728 Et
1190 2678 1226 2728 11.
1245 2679 1297 2728 Sat.

158 2762 266 2811 Veneris
283 2763 451 2826 propagandi,
474 2763 532 2811 huic
553 2763 607 2810 loco
624 2776 710 2811 conve·
754 2766 775 2813 l.
792 2766 832 2814 31.
850 2771 879 2812 ut
895 2778 941 2827 ego
958 2762 1081 2826 legebam:
1096 2761 1183 2822 Neque
1199 2760 1222 2806 ei
1233 2759 1299 2806 male

159 2841 221 2889 niat.
239 2841 360 2890 Horatius
371 2843 480 2890 dixerat:
498 2842 571 2904 “Ego
579 2841 674 2890 bellum
685 2849 710 2891 et
751 2859 791 2893 res
806 2847 887 2894 παῖδ’

159 2920 275 2968 militiam
306 2934 400 2969 recuso.
442 2920 501 2968 Non
526 2920 627 2968 idoneus
652 2935 708 2968 sum
784 2925 905 2972 Plurima
920 2924 1027 2972 uambae
1040 2923 1125 2969 Duces
1142 2920 1228 2966 thura.
1251 2914 1297 2965 Or·

158 3013 239 3060 neque
260 3015 299 3048 res
316 3000 378 3047 mihi
395 3005 468 3062 grata
484 3006 532 3057 est,
554 3006 654 3062 propter
670 3015 708 3050 ae·
750 3003 833 3051 dinem
854 3019 906 3053 esse
935 3009 1006 3066 puto:
1033 3007 1062 3049 tu
1087 3001 1214 3062 plurima,
1238 2996 1254 3044 i.
1276 3008 1297 3042 e.

158 3079 261 3128 tatem.''
280 3079 347 3127 Tum
358 3079 405 3127 sibi
422 3081 537 3141 opposuit
553 3079 707 3127 Maximum:
750 3092 778 3132 tu
795 3087 916 3146 ocultum,
939 3098 1024 3144 saepe,
1046 3082 1120 3128 duces
1137 3079 1219 3126 thura.
1246 3075 1298 3123 Illa

159 3157 253 3215 “Eoeffi
270 3158 407 3207 Maximus·
428 3159 478 3206 Hie
494 3160 546 3208 late
563 3159 624 3208 feret
636 3159 708 3221 signa
750 3163 898 3226 significatio
914 3164 981 3211 vocis
999 3164 1094 3209 reditus
1104 3159 1161 3206 satis
1172 3156 1298 3205 illustrata

158 3235 263 3286 militiae
280 3239 359 3286 tuae.''
393 3238 484 3287 Melius
502 3238 619 3287 arbitror:
643 3241 706 3287 Lue-
749 3249 787 3290 est
803 3259 818 3290 a
835 3242 960 3292 Gronovio
977 3242 1008 3289 cd
1030 3241 1085 3288 Liv.
1107 3237 1197 3286 XXV.
1216 3237 1255 3284 18.
1272 3241 1297 3282 et

158 3321 201 3364 tua
210 3319 281 3379 siqua
287 3318 359 3379 feret
368 3319 474 3366 militiae
483 3324 549 3366 tuae.
567 3317 707 3367 Comment.
749 3322 922 3385 interpretibus
936 3322 967 3369 ad
979 3320 1049 3369 Flori
1064 3319 1113 3367 IV.
1126 3320 1150 3367 2.
1168 3317 1207 3365 50.
1242 3316 1294 3364 En-

158 3392 237 3456 Crnq.
255 3397 623 3445 “υαη“ι1εαηιαὶῆίειὶὲὸιηιε.η
643 3396 708 3445 Ulti·
749 3402 807 3450 nius
824 3403 890 3464 apud
908 3401 1052 3451 Ciceronem
1069 3398 1099 3447 de
1119 3397 1216 3460 virgine
1232 3395 1295 3443 Ves-

158 3487 202 3520 ma
217 3473 289 3521 litera
304 3474 331 3522 in
348 3476 430 3523 laetus
446 3474 518 3523 facile
531 3475 612 3522 omitti
629 3475 709 3537 potuit
750 3480 810 3530 tali:
831 3483 991 3544 Quamquam
1003 3481 1086 3528 multu
1094 3491 1184 3525 merrus
1195 3475 1297 3524 adcoeli

158 3551 191 3598 ob
212 3551 319 3600 similem
342 3553 441 3602 literam
462 3554 488 3601 in
509 3568 568 3603 voce
589 3556 707 3616 sequenti.
749 3562 849 3609 comula
871 3562 964 3622 templu
989 3560 1127 3608 Tendebam
1143 3559 1295 3618 lacrymans.

158 3629 347 3694 Comparandus
361 3640 443 3681 autem
455 3638 491 3680 est
504 3632 599 3683 Statius
611 3632 633 3681 I.
647 3633 707 3682 suv.
750 3640 793 3687 Ad
820 3655 896 3702 quam
923 3639 1043 3687 rationem
1077 3632 1244 3684 Ruhnkenius
1269 3632 1295 3679 in

157 3709 182 3757 2.
200 3710 243 3757 ubi
259 3710 358 3773 Cupido
375 3712 405 3760 de
425 3711 517 3761 Stella:
531 3718 615 3760 uester
632 3728 709 3762 eomes
749 3718 828 3782 Epist.
850 3719 912 3769 Crit.
934 3719 970 3768 II.
993 3734 1016 3780 p.
1038 3718 1092 3766 142.
1118 3719 1190 3777 putat
1215 3710 1293 3761 Calli·

157 3789 202 3837 ille
215 3791 323 3852 piusque
348 3792 463 3855 Siquiser
490 3793 623 3851 sensiferos
640 3801 707 3855 pote·
750 3799 865 3846 maehum
893 3797 1008 3861 potuisse
1018 3795 1134 3843 scribere:
1161 3790 1247 3849 πολλὴ
1270 3788 1295 3838 δὲ

157 3873 202 3916 rat
211 3884 348 3919 memorare
357 3872 458 3921 labores.
470 3871 519 3919 III.
533 3870 596 3921 silv.
606 3872 630 3920 3.
639 3888 708 3921 mau-
749 3877 834 3941 μάτην
857 3877 1015 3926 ἐτανύσσατο
1040 3879 1138 3938 χεῖρας,
1167 3884 1211 3934 pro
1237 3868 1293 3916 vul·

158 3948 270 4010 ‘iamim'
278 3949 351 4010 ΜΝ
370 3951 448 4012 Sipus
465 3951 534 3999 lulit-
552 3949 601 3999 IX·
628 3950 707 4000 Theb.
750 3964 808 4019 gato
815 3955 926 4013 πολλάς.
936 3947 1295 4005 ConferatnretiamMinutius

157 4025 215 4075 608·
246 4029 416 4090 Vlryvpvtem
430 4044 565 4084 uentorum,
577 4030 647 4077 wll&
659 4045 709 4078 71οη
749 4033 824 4083 Felix
840 4032 927 4083 Octav.
953 4047 1010 4095 pag.
1027 4031 1085 4081 347.
1119 4033 1219 4076 Aurum
1238 4030 1297 4076 berei

157 4106 245 4153 urellic
261 4107 332 4168 uena
357 4108 533 4169 Militiemque
548 4114 644 4156 trucem
653 4111 708 4171 sre·
743 4113 819 4175 floris
836 4113 940 4159 naribus
957 4113 1045 4159 ducere
1061 4111 1172 4159 selectus.

157 4188 255 4244 questo.
276 4184 417 4234 Meinekius
434 4186 567 4234 Horatium
584 4185 709 4249 scripsisse
782 4192 843 4239 Illic
860 4192 897 4238 bis
913 4192 987 4252 pueri
998 4192 1044 4238 die.
1069 4189 1102 4238 Iu
1118 4187 1173 4238 Ms.
1191 4186 1295 4236 Mentel.

157 4266 242 4324 putat:
267 4265 332 4313 Late
353 4266 459 4314 militiae
468 4267 541 4327 ripae
551 4266 624 4327 seret
641 4271 707 4315 tuae.
739 4263 777 4318 'ie
793 4271 840 4318 die.
873 4269 949 4318 Forte
970 4268 1017 4316 fuit
1033 4270 1060 4317 in
1076 4271 1154 4325 άὶεηι,
1179 4266 1224 4314 hoc
1246 4272 1295 4322 est,

157 4339 226 4388 Nam
246 4341 272 4389 in
293 4343 339 4391 hoc
360 4345 432 4393 metri
453 4358 542 4406 genere
558 4343 707 4392 adiectivum
750 4349 867 4410 quotidie.
889 4347 949 4396 Vid.
970 4348 1053 4397 Bentl.
1078 4347 1110 4396 ad
1135 4345 1185 4395 111.
1211 4343 1295 4395 Curm.
