2916 5220
549 308 725 374 LIBER
773 312 796 373 l.

290 493 496 574 Quadrima
520 491 628 577 lyricis
651 493 772 560 vatibus
796 499 925 575 limeris,

288 594 430 660 Sublimi
452 595 568 660 fariam
592 596 698 662 sidera
721 598 850 663 vertice.

142 756 218 814 Quod
237 757 260 803 si
279 771 317 803 me
334 755 422 816 lyricis
441 756 542 804 validm
559 757 657 804 inserta
693 757 903 805 rwsHoratius.¹’
928 759 1016 822 Neque
1027 760 1145 811 Horatius
1157 777 1244 813 nomen

107 833 220 882 Cadebat
240 833 267 880 in
283 832 412 894 ingenium
430 832 656 883 Grammaticorum
693 840 719 881 et
736 835 812 883 decus
830 834 945 887 affectare
962 839 1080 900 audebat,
1097 855 1146 903 quo
1157 840 1246 891 Graeci

107 927 144 960 vs.
162 913 203 961 32.
220 912 257 959 ito
266 911 404 974 explicare:
417 912 448 959 st
461 913 552 961 Marsae
555 912 658 973 faveat,
695 912 781 975 poetae
797 913 922 965 florebant.
956 917 1009 967 Hos
1031 917 1105 981 longe
1127 921 1244 983 sequeba-

107 993 168 1039 adeo
185 997 215 1039 at
226 1005 314 1038 nomen
325 989 401 1050 lyrici
412 1004 518 1049 oreretur,
529 997 554 1037 re
557 993 659 1053 judice,
696 997 748 1049 tur,
765 990 825 1039 felix
842 992 862 1040 si
879 996 1011 1056 accepisset
1032 997 1152 1060 spiritum
1176 1000 1246 1048 Gra-

111 1071 252 1117 Maeeerws.
285 1067 341 1115 Hoc
358 1081 431 1115 versu
448 1067 559 1128 sublato,
575 1069 658 1118 omnia
696 1070 736 1117 iae
767 1076 865 1119 tenuem
899 1071 1045 1123 camoenae.
1089 1074 1144 1124 Hoc
1175 1078 1247 1127 unice

108 1147 228 1196 concinno
238 1147 323 1195 ordine
336 1145 469 1209 profluunt.
490 1147 560 1197 “Sua
571 1163 657 1210 quem·
696 1147 796 1208 agebat,
814 1155 842 1195 ut
854 1149 1021 1211 appellaretur
1031 1152 1247 1215 princeprstdicea

109 1239 157 1288 que
174 1225 288 1289 voluptas
306 1225 391 1274 trahit.
414 1226 457 1276 Me
474 1241 544 1275 amor
561 1230 659 1290 podsem
696 1227 768 1287 lyrae
785 1228 929 1291 Romanae,
950 1231 993 1293 qui
1009 1230 1127 1280 Aeolium
1145 1245 1245 1280 carmen

108 1305 223 1354 delectat.
240 1305 271 1353 In
288 1320 338 1368 qua
354 1319 380 1354 re
397 1304 419 1353 si
430 1305 519 1353 Musae
534 1305 596 1354 mihi
614 1305 658 1353 ad-
697 1303 728 1351 ad
741 1303 819 1353 Italos
830 1306 915 1354 modos
923 1307 1076 1357 deduxisset.
1094 1308 1163 1358 Talis
1175 1309 1248 1359 homo

109 1383 220 1446 spirant,
253 1384 390 1433 maximam
415 1383 477 1432 mihi
503 1383 608 1446 gloriam
636 1390 661 1433 et
696 1396 746 1431 non
764 1391 830 1433 recte
846 1387 937 1447 lyricis
952 1389 1054 1437 vatibus
1070 1390 1203 1436 inseritur.

110 1463 255 1513 felicitatem
280 1469 427 1512 consecutus
453 1477 508 1512 esse
536 1463 659 1514 videbor.'‘
730 1462 862 1513 Caeterum
880 1465 910 1513 de
925 1464 1006 1529 primo
1017 1467 1063 1515 hoe
1074 1466 1185 1515 carmine
1196 1471 1248 1515 tarn

110 1542 262 1606 Interpretes
300 1549 330 1591 ut
354 1548 438 1605 aptam
464 1557 547 1591 rerum
573 1542 660 1592 seriem
698 1541 810 1592 diversae
827 1550 885 1592 sunt
902 1545 1010 1593 virorum
1027 1547 1179 1596 eruditorum
1192 1559 1247 1594 sen·

110 1620 263 1681 invenirent,
280 1623 358 1671 coacti
375 1628 435 1670 sunt
451 1625 473 1670 ri
489 1621 613 1685 explicare
629 1625 661 1671 si·
698 1621 802 1681 tentiae,
828 1628 865 1670 tot
893 1622 996 1683 libeliis,
1023 1624 1169 1686 praesertim
1194 1630 1250 1688 post

110 1702 224 1762 quidem,
251 1703 377 1764 quoniam.
419 1701 468 1751 Sed
494 1701 541 1748 boc
565 1700 661 1760 statim,
699 1700 1082 1766 meameditionem,explicatae,
1090 1709 1119 1753 ut
1128 1702 1250 1768 singulas,

111 1779 183 1828 initio
199 1780 235 1829 rei
252 1787 392 1843 susceptae,
410 1781 440 1829 de
461 1795 487 1829 se
507 1779 661 1843 praedicare,
699 1793 760 1842 quas
781 1780 881 1842 quidem
900 1783 1023 1842 noverim,
1045 1782 1086 1832 vel
1105 1781 1251 1832 brevissime

111 1865 150 1906 est
166 1858 274 1907 hominis
290 1859 398 1920 superbi.
431 1859 568 1924 Postquam
581 1860 661 1908 Hora·
700 1871 826 1908 recensere
834 1859 900 1907 haud
909 1860 1010 1923 possim.
1018 1861 1103 1911 Meam
1112 1861 1189 1924 igitur
1198 1874 1250 1910 aen·

112 1937 163 1986 tius
179 1951 207 1985 se
222 1937 267 1984 diu
284 1937 309 1984 in
321 1952 410 2000 genere
421 1938 500 2002 lyrico
509 1944 663 1997 exercuerat,
700 1938 804 1986 tentiam
820 1936 909 2002 reliqui
923 1938 1050 1988 intactam.
1067 1938 1135 2000 Quid
1148 1940 1174 1988 in
1188 1947 1252 1989 eaet

113 2031 145 2065 ne
161 2022 217 2064 tum
231 2015 333 2079 quidem
350 2017 395 2065 has
411 2017 497 2067 laudes
513 2017 559 2066 sibi
570 2017 662 2065 tribue·
701 2017 806 2065 aliorum
821 2015 885 2075 falsi,
898 2017 957 2081 quid
976 2019 1034 2078 veri,
1049 2019 1170 2079 videatur,
1184 2019 1251 2077 olim,

113 2097 169 2155 but,
191 2095 245 2144 sine
261 2095 345 2158 aliqua
361 2096 511 2160 exceptionis
532 2096 665 2155 modestia,
702 2107 781 2157 spero,
792 2095 824 2142 ad
837 2094 946 2158 aliquam
961 2095 1157 2158 probabilitatem
1166 2098 1252 2161 perdu-

113 2189 194 2239 neque
211 2174 275 2223 illud
286 2178 425 2237 quaesitum
436 2178 535 2224 meritis
545 2190 613 2224 sume
623 2191 662 2224 ru·
703 2180 781 2222 cetur.
798 2173 830 2224 G.
841 2174 1001 2223 Hermannus
1013 2174 1169 2239 inProgr.a.
1182 2176 1253 2234 1842,

112 2256 243 2318 percum,
260 2252 308 2301 nisi
324 2259 422 2302 tacente
438 2253 488 2302 iam
499 2253 595 2302 invidia
606 2268 663 2302 con·
702 2266 754 2312 me,
767 2267 844 2317 quum
852 2253 966 2316 argutius
974 2254 1005 2302 de
1013 2254 1161 2317 quibusdam
1169 2256 1252 2318 dispu-

114 2334 264 2396 firmataque
284 2332 375 2396 gloria,
397 2332 536 2395 usurpavit.
569 2332 666 2382 Ultima
703 2337 780 2391 tasse,
802 2337 856 2380 tum
872 2333 1016 2390 damnasse,
1041 2346 1104 2395 quae
1121 2333 1255 2382 dictasint

115 2428 173 2474 pars
198 2412 274 2460 huius
294 2411 423 2470 carminis,
445 2411 466 2460 si
487 2413 565 2462 verba
585 2419 666 2461 atres
703 2411 847 2470 rectissime,
865 2411 1011 2468 arbitratur,
1029 2424 1058 2458 ac
1069 2410 1171 2461 fortasse
1183 2412 1254 2462 aliter

115 2499 223 2554 spectes,
237 2506 290 2540 non
306 2491 387 2554 magis
407 2492 504 2553 poetica
524 2498 573 2551 est,
591 2506 666 2554 quam
704 2487 777 2537 firisse
792 2489 966 2547 iudicaturum,
985 2488 1006 2536 si
1020 2490 1255 2550 animadvertissem,

115 2571 235 2634 reliquae.
272 2572 345 2630 Quod
364 2573 389 2620 ri
404 2587 443 2620 me
460 2573 551 2634 lyricis
567 2574 667 2621 vatibus
704 2568 770 2630 quod
796 2569 856 2617 scite
881 2568 1021 2616 observavit
1047 2568 1081 2616 A.
1100 2568 1256 2629 Meineltius,

116 2653 207 2700 frueris
231 2665 275 2698 suo
299 2665 325 2698 se
349 2650 439 2714 frigore
459 2657 485 2699 et
501 2650 592 2698 humili
608 2665 667 2699 sono
704 2649 788 2696 omnia
818 2647 917 2696 Horatii
944 2646 1065 2698 Carmina
1093 2662 1125 2696 ex
1149 2648 1257 2712 strophis

117 2730 201 2791 ipsum
222 2729 312 2791 prodit.
345 2728 385 2776 Ne
407 2728 489 2776 dicam
513 2728 544 2776 de
569 2727 669 2790 ingrata
704 2734 810 2790 quatuor
827 2741 944 2776 versuum
961 2740 1014 2776 esse
1031 2726 1172 2789 composita.
1205 2726 1256 2775 Ne·

116 2809 269 2871 repetitione.
303 2809 334 2856 Si
354 2808 469 2870 Euterpe
491 2834 522 2842 -
550 2808 624 2866 Quod
646 2809 669 2855 ri
705 2821 752 2870 que
769 2807 908 2856 Meinckius
929 2808 954 2855 in
978 2804 1089 2855 Praefat.
1107 2804 1204 2854 Horatii
1220 2807 1259 2854 sui

118 2905 165 2936 me.
198 2889 234 2937 Et
253 2887 355 2950 quibus,
376 2901 480 2950 quaeso,
502 2886 586 2949 lyricis
611 2900 668 2934 eum
706 2899 730 2933 a.
750 2887 820 2934 1854.
838 2886 946 2944 dubitat,
962 2885 1035 2949 quin,
1052 2885 1073 2932 si
1090 2885 1163 2933 istam
1177 2884 1258 2948 legem

118 2968 238 3016 insereret
246 2967 392 3015 Maecenas?
403 2965 538 3015 Romanis?
549 2966 669 3014 Nondum
706 2964 832 3027 cognitam
850 2965 1003 3023 habuissem,
1021 2963 1187 3026 compluribus
1199 2964 1259 3012 locis

117 3047 265 3104 exstabant,
286 3046 330 3108 qui
351 3046 461 3108 aliquam
482 3044 582 3094 laudem
599 3049 670 3093 erant
707 3045 841 3092 cautiorem
858 3044 969 3092 criticum
988 3057 1028 3091 me
1045 3041 1145 3092 fuissem
1162 3042 1256 3105 praebi-

118 3126 216 3188 adepti,
231 3134 256 3175 et
272 3138 344 3174 nemo
360 3129 457 3186 praeter
467 3121 600 3170 Horatium
612 3122 668 3169 ade-
707 3130 787 3171 turus.
821 3122 877 3170 Hoc
887 3121 959 3170 facile
970 3121 1023 3169 fieri
1034 3121 1127 3184 potuit;
1144 3128 1169 3169 et
1180 3120 1258 3180 doleo,

119 3213 179 3267 ptus
201 3212 247 3254 ast.
284 3204 367 3267 Igitur
389 3201 503 3253 Graccis:
526 3206 556 3248 ut
578 3200 672 3248 scilicet
708 3202 773 3266 quod
795 3200 878 3264 legem
899 3201 971 3248 istam
992 3213 1043 3247 non
1063 3200 1130 3262 prius
1146 3201 1261 3263 cognovi.

118 3285 258 3333 diceretur:
281 3285 400 3332 “Nobiles
421 3282 512 3345 Lyriei
528 3286 587 3328 sunt
604 3281 672 3329 Pin·
708 3281 822 3330 Necdum
834 3279 895 3338 vidi,
909 3278 1043 3342 quomodo
1054 3278 1193 3327 Meinekius
1205 3292 1258 3326 eam

119 3367 216 3419 dam.
240 3365 363 3420 Alcaeus,
384 3362 537 3410 Horatius.''
570 3359 621 3409 Sed
637 3357 673 3406 ita
709 3360 821 3408 suaserit.
849 3358 898 3408 Sed
916 3370 1072 3420 quocumque
1088 3356 1261 3419 suaserit,ipsa

120 3457 172 3490 non
188 3442 314 3504 loquimur
330 3441 383 3488 sine
399 3439 484 3487 addita
498 3439 577 3502 gentis
594 3438 670 3501 signi·
709 3440 744 3487 rei
765 3437 912 3500 excogitatio
933 3435 1019 3485 sollers
1040 3435 1166 3496 ingenium
1184 3440 1259 3483 testa·

120 3522 248 3578 Mune,
273 3528 313 3568 ut:
338 3522 435 3582 “Apad
453 3520 565 3567 Graecos
581 3520 674 3567 nobiles
710 3525 758 3566 tur.
800 3515 881 3565 Simul
906 3522 979 3579 atque
1004 3514 1108 3578 possim,
1140 3514 1171 3562 ael
1197 3514 1261 3562 hanc

119 3607 183 3649 runt
200 3600 344 3660 Pindum,
363 3601 481 3659 Alcaeus,
496 3599 567 3660 apud
577 3598 673 3645 aonia·
710 3611 822 3645 normam
840 3594 960 3645 Carmina
977 3594 1114 3643 Horatiana
1130 3593 1239 3656 exigam.
