2916 5220
646 297 961 362 CARMINUM

579 523 737 588 onitu
750 524 778 586 Ε
792 523 823 586 Ν
872 524 1032 588 XXXIV.

422 671 550 753 Parcus
575 688 719 753 Deorum
744 687 849 752 cultor
872 692 905 752 et
929 687 1138 773 infrequens,

424 791 624 856 Insanientis
651 790 730 857 dum
754 789 936 876 sapientiae

468 894 647 960 Consultus
672 916 758 976 erre,
784 915 871 958 nune
895 898 1072 958 retrorsum

510 996 593 1063 Vela
616 997 692 1062 dare
718 1004 817 1082 atque
841 996 957 1060 iterare
981 1016 1095 1060 cursus

426 1101 532 1186 Cogor
554 1100 702 1167 relictos:
726 1121 868 1184 namque
894 1098 1078 1183 Diespiter,

422 1204 498 1287 Igni
521 1225 654 1269 corusco
678 1202 794 1268 nubila
817 1201 968 1267 dividens

466 1304 683 1390 Plerumque,
707 1326 908 1390 perpurum
932 1307 1085 1372 tonantes

512 1408 593 1494 Egit
616 1429 715 1493 equos
740 1407 972 1491 volucremque
995 1427 1142 1487 currum,

342 1564 506 1626 'cneum
544 1575 674 1624 xxxiv.

273 1669 309 1751 I
305 1711 388 1755 terere
404 1721 493 1755 curctis
508 1706 587 1768 Copcr
604 1706 712 1755 relictos.
730 1701 788 1753 Om-

240 1781 283 1828 nia
293 1796 357 1845 quae
371 1782 451 1830 adhue
463 1783 625 1830 innotuerunt
638 1781 717 1832 MSS.
732 1795 789 1829 oon-

240 1867 335 1909 stanter
345 1861 454 1909 relictos.
479 1861 512 1908 N.
529 1860 648 1909 Heinsius
665 1859 696 1907 ad
710 1858 788 1930 VIII.

240 1939 312 1990 Ovid.
332 1939 436 1987 Metam.
451 1939 505 1990 173.
518 1939 661 1994 emendavit
678 1940 788 1989 reiectos.

240 2017 380 2074 Bentleius,
393 2018 434 2066 eui
446 2017 510 2066 idem
525 2019 549 2067 in
556 2024 664 2067 mentem
673 2024 788 2078 venerat,

240 2097 321 2144 multo
337 2096 428 2145 iudicio
444 2103 469 2146 et
486 2097 597 2146 doctrina
608 2098 787 2145 hoccommen·

241 2176 291 2225 dat,
322 2176 442 2225 Probavit
466 2178 555 2226 deinde
586 2177 729 2226 Markland.
755 2177 787 2224 ad

242 2255 316 2306 Statii
338 2257 372 2306 V.
395 2256 457 2307 Silv.
475 2257 498 2304 3.
519 2257 560 2305 29.
579 2254 737 2318 Oudendorp.
755 2257 787 2304 ad

240 2335 306 2384 hunc
339 2335 421 2384 locum
455 2350 504 2384 non
537 2335 667 2398 probavit,
692 2348 786 2398 neque,

239 2420 269 2462 ut
293 2415 406 2472 videtur,
434 2415 465 2462 ad
489 2414 586 2476 Appul.
614 2413 719 2462 Metam.
737 2414 785 2462 VI.

240 2509 298 2556 pag.
320 2495 376 2542 432.
402 2494 590 2556 Argumentum
612 2491 719 2541 Bentleii
740 2492 787 2541 hoc

240 2578 288 2620 est:
308 2573 408 2621 Cursor
423 2586 474 2620 non
490 2577 528 2620 est
543 2572 596 2633 ipsa
612 2572 666 2629 ida,
683 2571 726 2620 sed
742 2587 786 2636 per

241 2651 306 2698 viam
323 2652 443 2700 decursio.
459 2650 548 2712 Itaque
559 2663 608 2696 non
619 2649 710 2698 dixeris
727 2667 784 2700 cur-

239 2744 281 2777 sus
294 2728 630 2787 repraesentaremus,
646 2742 697 2775 non
707 2731 785 2778 deser-

241 2813 290 2864 tos,
307 2808 349 2856 sed
366 2808 460 2857 dmitos.
495 2805 545 2856 Sed
560 2820 611 2854 non
626 2805 734 2855 dubitari
744 2823 785 2871 po

240 2893 298 2946 test,
324 2900 412 2936 cursus
436 2893 460 2934 et
485 2899 586 2934 cursum
612 2885 643 2934 de
663 2888 723 2949 Ipsa
744 2890 786 2939 vta

240 2965 305 3030 poni.
323 2963 452 3017 Cicereia
469 2964 592 3023 carmine,
609 2964 636 3013 iu
653 2966 731 3028 Epist.
749 2967 785 3018 Π.

242 3045 272 3092 ad
281 3043 362 3093 Attio.
371 3045 394 3093 3.
413 3045 624 3101 Intereccursac
634 3048 787 3106 quosprr'ma

240 3139 256 3171 a
270 3129 347 3184 parte
362 3124 490 3182 iuuentae,
518 3123 636 3186 Quosque
651 3125 705 3172 ideo
723 3126 786 3174 Cou-

239 3206 281 3252 sul
297 3205 392 3252 virtute
409 3205 541 3264 animoque
555 3203 657 3264 pettsta',
676 3204 733 3252 Hos
749 3220 785 3254 re·

240 3284 299 3332 tine.
324 3283 373 3331 III.
396 3283 428 3330 ad
449 3281 528 3330 Attic.
542 3281 571 3330 8.
604 3283 654 3330 Ille
675 3283 787 3332 incertus

239 3363 283 3410 ubi
299 3377 340 3424 epo
356 3377 445 3421 essem,
456 3360 572 3423 fortusse
588 3361 668 3409 altum
685 3376 787 3410 cursum

237 3442 337 3500 petiuit.
356 3441 377 3489 Ι.
395 3439 466 3490 offic.
480 3441 520 3488 33.
550 3440 629 3498 Quem
646 3441 715 3489 vitae
727 3455 785 3489 car-

238 3534 294 3566 eum
319 3521 389 3580 sequi
413 3520 512 3568 vellent.
537 3518 561 3566 h.
586 3532 607 3567 e.
636 3518 703 3581 qnod
728 3521 786 3577 iter,

239 3610 315 3658 quam
330 3599 412 3657 oium,
428 3601 457 3645 ut
469 3595 510 3645 ulii
523 3596 667 3660 loquuntur.
686 3597 785 3647 Terent.

239 3673 341 3723 Phorm.
363 3674 397 3723 V.
423 3675 446 3725 6.
476 3675 499 3723 8.
538 3676 610 3724 Num
630 3690 720 3724 meum
740 3683 786 3726 aut

238 3754 332 3801 mirum
349 3761 386 3803 est
403 3754 527 3810 reuocari,
548 3768 651 3803 cursum
672 3769 728 3803 cam
748 3757 785 3805 iu-

237 3834 341 3882 stiteris.
368 3830 493 3895 Virgilius
510 3830 561 3879 iam
578 3847 593 3880 a
612 3830 784 3880 Comm..lau-

238 3911 322 3960 datus:
341 3912 380 3959 Ni
399 3915 732 3969 emmeramensem
750 3919 787 3961 est

237 3991 299 4038 dare
316 3992 397 4038 lintea
412 3994 488 4038 retro.
505 3987 573 4037 Vide
590 3996 615 4037 et
633 3987 741 4038 Gronov.
756 3992 786 4038 ari

236 4067 294 4117 Liv.
311 4068 412 4117 XLIV.
437 4068 461 4116 2.
489 4067 515 4116 si
537 4081 639 4115 cursum
661 4070 786 4132 petimus,

235 4148 371 4208 sequimur,
382 4146 487 4195 eundem
500 4146 672 4207 relinquimus.
693 4148 723 4195 In
735 4161 786 4196 ma-

237 4238 287 4286 gna
303 4223 473 4286 exemplorum
496 4225 579 4286 copia,
601 4239 664 4286 quae
680 4226 785 4288 college.

236 4310 295 4351 runt
312 4303 428 4352 Heinsius
446 4311 471 4351 et
486 4303 614 4352 Bentleius
632 4305 736 4355 verbum
750 4323 786 4355 re·

830 1547 908 1607 lepore
924 1558 1008 1594 secum
1025 1545 1099 1594 habet
1110 1547 1167 1602 iter,
1178 1560 1258 1604 mare,
1268 1549 1380 1610 castipiu,

830 1625 928 1686 mutia,
939 1627 1007 1687 vias,
1023 1639 1135 1688 campos:
1152 1623 1236 1687 itaque
1246 1626 1304 1687 ipsa
1316 1629 1380 1686 loco,

830 1715 889 1750 num
905 1705 1010 1766 certifie
1027 1709 1087 1752 sunt
1103 1708 1176 1751 notae
1196 1702 1256 1751 locis
1277 1704 1379 1766 impres-

830 1794 878 1829 sae.
897 1780 951 1831 Soli
967 1781 1120 1830 Prudentius
1132 1787 1157 1830 et
1165 1779 1297 1829 Paullinns
1310 1783 1379 1832 dixe-

830 1865 890 1907 runt
910 1863 1017 1922 relepere
1035 1875 1137 1918 cursus,
1154 1861 1221 1923 quod
1237 1860 1379 1909 observavit

829 1936 970 1997 Bentleius,
995 1952 1044 1988 non
1069 1937 1183 2001 cogitans
1207 1939 1254 1987 hoc
1278 1953 1380 1988 caussae

829 2030 888 2065 suae
905 2031 956 2065 non
972 2017 1062 2073 favere.
1080 2018 1161 2075 Nam,
1179 2017 1251 2066 sicuti
1268 2017 1310 2065 alii
1322 2020 1378 2080 po'e-

830 2099 870 2144 tae
886 2094 1033 2149 dixereaaas
1044 2099 1167 2161 relegunt,
1182 2096 1217 2145 sic
1233 2096 1271 2145 illi
1288 2112 1379 2147 cursus

829 2176 949 2238 relepuut.
986 2178 1074 2240 Neque
1099 2176 1165 2225 enirn
1195 2177 1316 2226 Latinum
1341 2182 1379 2224 est

829 2258 935 2320 relepere
952 2257 1072 2306 actionem
1089 2256 1217 2312 currendi,
1228 2269 1274 2318 pro
1283 2257 1379 2304 {terme

830 2335 871 2391 vel
887 2342 1011 2398 repetere:
1034 2349 1114 2398 neque
1130 2335 1184 2398 ipsa
1200 2333 1245 2382 illa
1262 2335 1378 2397 exempla

829 2413 901 2462 aliter
917 2429 993 2477 quam
1004 2415 1035 2462 de
1045 2416 1088 2464 cta
1098 2414 1176 2478 accipi
1183 2419 1292 2477 possunt.
1308 2412 1377 2461 Vide

829 2491 869 2540 vel
896 2492 960 2540 illud
982 2492 1106 2542 Paullini:
1132 2495 1268 2553 Dtcimus,
1285 2497 1315 2539 ut
1326 2491 1375 2555 fu·

828 2572 895 2632 piens
911 2587 961 2621 cca
970 2571 1085 2635 superc't,
1099 2577 1177 2634 atque
1192 2572 1301 2620 reductis
1310 2572 1376 2618 Pas-

827 2652 910 2712 uuus,
934 2665 1042 2700 enaeusos
1064 2666 1112 2700 sua
1135 2665 1183 2713 per
1198 2650 1304 2710 cesttpic
1320 2663 1377 2697 ccr-

827 2742 872 2777 sus
888 2731 1022 2779 Incassum
1042 2730 1115 2778 toties
1134 2729 1244 2778 volvente
1262 2728 1378 2788 relepertt

828 2822 890 2857 orso.
921 2809 1027 2857 Emenai
1046 2822 1137 2858 cursus
1157 2811 1216 2854 sunt
1240 2806 1281 2853 vic
1298 2821 1377 2855 erizen-

827 2899 864 2934 ca.
898 2887 1039 2937 EmetImur
1058 2885 1138 2934 oculis
1154 2884 1194 2933 vel
1212 2883 1325 2946 passibus
1343 2886 1377 2934 Io-

827 2979 858 3014 cc
874 2971 899 3014 et
915 2967 981 3022 otus,
1003 2979 1053 3014 non
1077 2964 1208 3014 emetimur
1226 2977 1320 3026 passus
1337 2965 1377 3014 vel

828 3044 949 3099 actionem
966 3043 1088 3093 currendi.
1123 3041 1314 3104 Oudendorpius
1331 3059 1377 3106 pu-

828 3129 865 3172 tat
880 3124 975 3173 iterare
991 3138 1079 3174 cursus
1096 3126 1199 3175 relectus
1214 3136 1266 3170 esse
1282 3124 1378 3172 iterare

828 3217 930 3261 cursus,
947 3207 972 3252 et
988 3205 1128 3265 relt'nqcere
1143 3202 1323 3264 interpretatur
1340 3203 1377 3249 uti

828 3280 933 3331 dicimus
949 3297 973 3330 v.
990 3295 1011 3330 c.
1029 3296 1081 3330 rem
1097 3280 1236 3343 relinquere
1247 3279 1375 3343 imperfec-

828 3349 888 3409 tu'm.
914 3359 986 3411 Ovid.
1003 3360 1052 3411 VI.
1069 3361 1131 3409 Met.
1148 3360 1205 3414 201.
1233 3361 1315 3409 Sacra
1332 3361 1376 3416 im-

827 3439 942 3502 perfecta
965 3441 1120 3502 relinquunt.
1162 3436 1263 3488 Terent.
1293 3437 1375 3486 Andr.

828 3515 864 3565 II.
881 3518 905 3566 ὁ.
926 3519 946 3565 l.
964 3519 1053 3566 Herus
1070 3533 1108 3565 me
1123 3517 1220 3567 relictis
1235 3519 1310 3567 robus
1325 3518 1376 3567 ius-

828 3598 863 3645 sc't
880 3599 1047 3660 Pompilium
1063 3597 1148 3648 Hodie
1163 3598 1301 3649 euocare.

863 3677 960 3726 Nubila
979 3677 1090 3725 dividens
1115 3677 1276 3738 Plerumque.
1311 3674 1376 3729 Satis

828 3753 872 3802 diu
898 3755 1002 3803 lectores
1031 3754 1131 3803 Horatii
1158 3756 1307 3818 plerunque
1325 3757 1376 3817 epit

828 3835 1016 3882 coniunxerant.
1050 3832 1138 3881 Multis
1159 3832 1266 3890 interea,
1292 3832 1376 3881 alteris

828 3912 934 3961 alterum
964 3912 1139 3971 nescientibus,
1168 3911 1254 3961 incidit
1278 3918 1376 3961 mutare

827 3991 1017 4040 distinctionem.
1042 3991 1075 4039 In
1091 3991 1128 4038 his
1145 3991 1196 4038 iam
1207 3989 1254 4037 fuit
1269 3991 1376 4038 Ioannes

826 4070 940 4127 Ulrieus‚
970 4070 1040 4117 cuius
1066 4068 1214 4117 sententiam
1239 4068 1377 4130 explicavit

825 4149 942 4197 Becman.
961 4148 986 4195 in
1001 4148 1149 4197 Manuduet.
1162 4147 1193 4194 ad
1205 4146 1281 4208 Ling.
1292 4147 1376 4194 Latin.

826 4241 849 4288 p.
866 4227 907 4278 72.
936 4227 976 4274 Ita
992 4241 1091 4289 quoque
1111 4225 1226 4274 censebat
1249 4224 1279 4273 P.
1297 4224 1375 4272 Fran-

826 4306 894 4363 cius,
913 4313 941 4353 ut
953 4305 1080 4354 annotavit
1090 4294 1265 4354 Broukhusius
1283 4304 1376 4352 addens
