2916 5220
664 309 703 320 ···
1188 295 1250 334 Xlll

113 458 317 517 modoetiam
339 454 517 514 Ciceronem
543 452 639 509 edidit
669 451 697 508 Ι.
739 453 815 509 Fust
839 450 1016 527 Moguntiae
1052 452 1140 511 1465.
1183 455 1249 511 Nec

113 575 187 613 vero
220 556 326 610 deerat
350 551 490 608 materies
519 549 647 617 chartis,
674 565 751 620 quae
779 566 893 604 vacuae
915 557 1031 619 essent,
1055 551 1249 625 occupandis.

114 651 209 709 Multi
232 648 362 706 Romani
387 665 457 703 suos
482 645 576 701 libros
602 644 761 699 tenebant:
789 645 878 700 edere
900 645 949 700 vel
970 644 1029 719 ipsi
1049 645 1250 720 negligentes,

115 746 165 802 vel
187 744 291 801 amicis
311 742 527 812 relinquentes.
569 739 696 795 Interim
720 738 815 794 multa
836 738 921 809 inde,
948 757 1038 814 saepe
1059 741 1251 809 recitatione,

117 840 349 907 enotescebant,
380 843 408 893 et
437 852 550 907 verm,
578 851 637 891 non
662 833 696 891 in
716 851 824 908 cerpus
843 834 983 906 retracti,
1005 841 1040 891 nt
1060 853 1178 893 erronee
1198 833 1252 892 ali·

117 953 216 1012 quern,
238 933 321 991 enias
340 930 522 999 dicerentur,
544 927 748 1000 inveniebant,
769 929 850 1000 quod
870 929 902 985 in
924 927 1052 987 Octavio
1071 947 1124 985 suo
1143 938 1254 985 metue-

117 1033 172 1087 bat
192 1029 312 1086 Plinius
333 1026 377 1083 ΙΙ.
399 1025 498 1100 Epist.
513 1024 560 1079 10.
598 1021 697 1097 Saepe
718 1032 820 1078 tamen
841 1025 972 1080 auctoris
994 1042 1101 1081 nomen
1123 1025 1252 1099 peribat.

120 1125 322 1198 Anthologiae
350 1123 436 1179 varia
466 1119 613 1176 eiusmodi
647 1119 780 1175 carmina
819 1118 957 1178 ἀδέσποτα
990 1119 1098 1177 incerti
1123 1119 1254 1176 auctoris

120 1220 289 1278 continent:
312 1237 351 1274 ex
372 1217 482 1290 quibus
503 1216 528 1272 si
549 1234 578 1270 v.
601 1232 627 1271 c.
649 1213 735 1271 Libri
763 1214 806 1270 Il.
835 1214 940 1289 Epigr.
968 1212 1106 1273 CCLVI.
1139 1215 1255 1271 Antho-

119 1316 218 1390 logiae
240 1313 484 1370 Burmannianae
506 1312 658 1384 legeretur
678 1310 709 1365 in
731 1309 833 1382 aliquo
854 1309 921 1369 MS.
943 1309 1126 1380 Horatiano,
1142 1308 1255 1365 nemini

120 1428 253 1483 unquam
274 1409 306 1464 in
326 1415 458 1463 mentem
478 1405 596 1461 veniret
615 1405 692 1461 illud
717 1422 779 1461 non
806 1405 917 1460 habere
949 1423 1132 1478 germanum.
1174 1403 1254 1460 Nam

30 1499 32 1503 ’
120 1523 219 1578 neque
250 1503 330 1560 infra
361 1501 542 1574 elegantiam
568 1499 704 1570 Horatii,
736 1517 834 1571 neque
861 1501 1056 1556 acerbitatem
1081 1500 1256 1575 Epodorum

121 1610 178 1658 est.
220 1601 262 1656 Et
282 1599 350 1672 quis
370 1598 468 1669 novit,
491 1597 579 1653 sicuti
600 1596 695 1652 multa
716 1595 886 1670 accepimus
908 1596 1024 1671 spuria,
1047 1615 1086 1652 an
1108 1614 1168 1652 non
1182 1595 1256 1651 mul-

120 1697 160 1753 tis
181 1695 272 1751 etiam
293 1693 431 1767 genuinis
454 1692 545 1748 sImus
577 1688 708 1766 priuati?
749 1690 862 1748 Variae
895 1710 943 1748 res
975 1691 1104 1747 Horatio
1135 1691 1255 1747 vivente

121 1790 310 1858 acciderunt,
333 1805 408 1860 quas
429 1806 498 1844 eum
518 1806 578 1843 non
600 1794 700 1842 tacere
722 1786 855 1861 potuisse
878 1787 1006 1857 dixeris,
1032 1787 1069 1842 de
1091 1787 1199 1859 quibus
1215 1795 1258 1842 ta-

122 1904 190 1942 men
212 1884 287 1940 nihil
307 1884 443 1957 legimus.
487 1881 548 1954 Qui
573 1883 612 1938 ad
639 1881 816 1954 Virgilium,
843 1881 981 1938 Athenas
1003 1882 1255 1957 proficiscentem,

122 1978 357 2056 pulcherrimum
383 1996 503 2034 carmen
528 1977 555 2033 Ι.
589 1977 617 2034 3.
644 1976 778 2051 scripsit,
805 1995 904 2034 nonne
932 1978 1073 2048 eundem,
1100 1977 1132 2033 in
1157 1977 1257 2033 reditu

123 2083 285 2145 mortuum,
308 2070 499 2130 deflevisset?
541 2071 601 2145 Qui
626 2071 715 2128 Varii
739 2072 845 2128 laudes
870 2073 1004 2147 poeticas
1029 2081 1186 2148 tantopere
1213 2090 1259 2128 ce·

123 2169 267 2239 lebravit,
290 2169 403 2225 nihilne
426 2167 553 2224 dixisset
574 2168 611 2223 de
633 2167 762 2242 Virgilio
783 2173 886 2242 poeta,
909 2168 1027 2226 animae
1040 2166 1165 2225 dimidio
1178 2184 1258 2238 snae,

125 2284 214 2338 quem
235 2282 311 2338 opus
328 2263 419 2320 Iliadi
440 2282 496 2338 par
516 2263 548 2319 in
569 2263 707 2319 manibus
728 2263 841 2320 habere
863 2263 978 2320 sciebat
994 2261 1022 2319 ¹?
1065 2263 1106 2319 Et
1127 2263 1192 2320 iure
1207 2261 1259 2317 mi·

124 2367 209 2415 ratur
229 2359 270 2415 N.
292 2359 437 2414 Heinsius
466 2359 505 2414 ad
531 2357 638 2416 Silium
658 2358 798 2415 Italicum
823 2358 914 2414 VIII.
944 2358 1012 2414 378.
1040 2358 1153 2415 nullam
1178 2375 1259 2413 men-

125 2455 237 2510 tionem
258 2473 323 2510 esse
345 2453 455 2509 factam
475 2453 540 2509 vini
561 2450 671 2525 Setini,
701 2454 781 2527 quod
807 2453 963 2527 Augustus
986 2452 1123 2508 omnibus
1143 2449 1259 2526 praefe-

125 2551 222 2608 rebat.
266 2550 448 2624 Fragmenta
480 2549 614 2621 quidem,
648 2566 725 2621 quae
752 2550 831 2606 hanc
861 2548 1033 2623 opinionem
1065 2547 1258 2619 aliquatenus

126 2645 314 2714 confirment,
337 2663 398 2700 non
418 2644 530 2700 inveni.
573 2644 653 2700 Nam
679 2646 716 2701 de
744 2645 898 2715 versibus,
925 2644 978 2716 qni
999 2643 1080 2718 apud
1102 2641 1259 2700 Gramma·

126 2742 201 2797 ticos
222 2741 428 2814 reperiuntur,
447 2739 585 2797 Servium
601 2739 633 2795 in
649 2737 848 2812 Centimetro,
868 2740 1086 2796 Terentianum
1100 2739 1258 2808 Maurum,

126 2836 216 2901 alios,
248 2835 302 2891 hos
333 2834 379 2890 illi
410 2852 501 2909 saepe
527 2835 701 2905 mutabant,
723 2843 757 2891 ut
777 2835 985 2906 ostenderent,
1007 2835 1155 2907 quomodo
1176 2833 1260 2890 aliud

127 2949 166 2986 ex
186 2929 246 2985 alio
267 2936 395 2984 metrum
416 2929 555 2984 oriretur.
597 2927 639 2984 Et
661 2945 754 3000 quum
773 2927 860 2985 Beda
886 2929 923 2984 de
945 2927 1169 3002 Orthcgraphia
1190 2946 1258 3003 pag.

127 3021 218 3080 2345.
240 3021 359 3079 scribit:
381 3020 531 3080 Nonnulli
546 3029 645 3078 tannen
658 3029 788 3079 oeternrn
803 3022 869 3098 ipsa
882 3023 1019 3080 carmine
1034 3023 1112 3079 soles
1126 3022 1260 3079 nomina·

126 3136 208 3175 oere:
233 3117 310 3174 aient
331 3115 480 3174 Horatius
500 3134 620 3174 enarrem
641 3123 699 3173 eat:
728 3113 810 3175 Soles
829 3135 907 3175 rneoa
927 3118 1008 3174 omni
1029 3115 1181 3176 Ecclesiae
1201 3136 1261 3175 ves-

128 3220 194 3269 troe
219 3209 402 3279 commend03
428 3212 478 3267 hic
504 3229 564 3267 non
589 3220 637 3267 est
661 3210 808 3268 Horatius
833 3212 1022 3282 Venusinus,
1055 3214 1109 3269 sed
1135 3212 1260 3269 fortasse

129 3305 352 3364 Grammaticus
373 3305 481 3379 aliquis
505 3303 694 3363 Christianus
716 3314 747 3363 et
767 3312 870 3380 poeta,
897 3306 949 3378 qui
975 3325 1007 3362 se
1034 3307 1166 3378 antiquis
1191 3312 1260 3380 poe-
1314 3323 1317 3329 ·

127 3409 227 3457 tarum
248 3400 419 3457 nominibus
445 3419 535 3476 saepe
562 3403 721 3458 ornabant.
762 3401 812 3457 Ita
844 3398 1003 3458 Cornelius
1035 3399 1158 3470 Gallus,
1188 3401 1262 3457 Pro·

128 3496 259 3572 pertius,
282 3496 334 3552 alii
360 3515 378 3552 a
403 3498 556 3553 veteribus
576 3485 752 3572 cognomina
767 3505 945 3554 sumserunt.
973 3497 1014 3553 Et
1029 3495 1156 3554 Carolus
1177 3496 1262 3572 Mag-

129 3610 186 3648 nus
207 3591 239 3647 in
260 3590 369 3648 Schola
389 3591 531 3648 Palatina
552 3593 763 3667 appellabatur
783 3591 918 3647 Davides
932 3589 955 3646 2.

164 3816 171 3842 ¹
189 3811 249 3859 Fuit
265 3818 289 3859 et
305 3813 336 3860 L.
352 3812 428 3869 Piso,
445 3821 469 3861 et
485 3812 532 3861 filii
548 3812 662 3871 Pisonis,
682 3819 753 3876 patre
771 3812 856 3875 digni,
878 3813 910 3860 ad
927 3826 988 3876 quos
1004 3812 1070 3860 misit
1086 3811 1215 3874 epistolam
1232 3812 1262 3860 de

128 3893 184 3938 erle
195 3889 299 3952 poetica.
319 3890 379 3938 Piso
394 3898 447 3939 erat
463 3898 488 3939 et
503 3893 592 3955 poeta,
608 3898 633 3940 et
650 3892 788 3940 studiorum
804 3891 944 3940 liberalium
961 3891 1070 3947 antistes,
1087 3889 1163 3938 Urbis
1179 3896 1264 3951 postea

129 3969 236 4026 Custos,
261 3976 289 4017 ut
312 3976 398 4017 namet
414 3976 485 4018 vetus
503 3970 659 4020 scholiastes.
693 3971 781 4034 Neque
797 3970 880 4026 hunc,
897 3968 1094 4032 puto,car1ninc
1112 3968 1195 4031 aliquo
1211 3982 1262 4015 non

129 4049 262 4096 laudatum
278 4048 414 4098 dimisIsset.

163 4126 173 4158 Β
190 4128 272 4175 Maius
289 4127 397 4176 Praefat.
415 4128 445 4176 T.
463 4128 497 4176 V.
515 4127 616 4177 Classic.
633 4128 710 4176 Auct.
727 4142 741 4176 e
757 4127 818 4177 Cod.
835 4126 918 4174 Vatia.
935 4125 992 4174 edit.
1010 4141 1033 4187 p.
1052 4124 1133 4181 XIII,
1150 4123 1194 4170 uhi
1211 4124 1263 4186 agit

130 4208 162 4255 de
179 4206 348 4256 Grammatico
368 4206 470 4270 Virpilio
487 4207 600 4254 Marone:
626 4207 702 4258 “Sine
721 4207 795 4254 dubio
812 4207 873 4254 haec
888 4205 989 4253 nomina
1005 4204 1130 4252 adscitieia
1145 4210 1218 4259 sunt,
1235 4219 1263 4250 eo

131 4301 231 4349 prorsus
248 4288 337 4344 modo,
361 4302 409 4350 quo
428 4287 453 4335 in
473 4286 557 4336 Caroli
576 4287 665 4349 Magni
684 4285 823 4334 Academia
838 4285 900 4332 fictis
916 4284 1056 4332 nominibus
1072 4298 1123 4331 sese
1140 4283 1204 4330 docti
1220 4282 1262 4329 ho-

131 4366 210 4414 mines
226 4366 365 4414 vocitarunt
382 4367 432 4429 sq.''
466 4366 517 4415 Istc
541 4365 615 4414 Maro
638 4372 725 4428 quater
749 4365 835 4412 laudat
848 4364 1001 4421 Horatium,
1026 4363 1146 4412 iuniorem
1163 4361 1261 4410 scilicet.
