2916 5220
567 319 881 411 (attentabit

336 506 419 569 Acer
442 514 471 569 et
494 506 606 568 illumi
623 503 745 587 perlitis
769 512 927 567 cruentum

476 606 586 671 Vultus
609 610 642 670 ia
664 605 786 671 boetem.

337 712 412 777 Sive
436 714 564 775 mutata
586 709 737 774 iuvenem
761 708 867 793 figura

335 816 414 880 Ales
439 815 473 879 in
498 814 592 879 terris
617 800 776 894 imitaris,
801 815 907 878 almae

336 917 441 983 Filius
466 917 590 998 Maiae,
615 916 744 1002 patiens
768 917 876 981 vocari

470 1020 618 1086 Caesaris
641 1020 744 1084 ultor:

340 1125 436 1189 Serus
461 1123 496 1187 in
520 1123 648 1188 coelum
672 1122 803 1205 redeas,
830 1123 950 1207 diuque

339 1228 459 1293 Laetus
483 1226 615 1292 intersis
640 1225 767 1311 Populo
794 1226 939 1306 Quirini3

340 1330 430 1396 Neve
454 1336 486 1395 te
510 1329 631 1394 nostris
656 1329 748 1393 vitiis
772 1329 923 1414 iniquum

473 1435 570 1502 Ocior
591 1457 670 1500 aura

339 1539 453 1603 Tollat.
503 1539 568 1603 Hic
590 1559 728 1623 magnos
751 1538 861 1624 potius
886 1539 1086 1623 triumphos,

340 1643 405 1707 Hic
429 1664 517 1707 ames
542 1641 606 1706 dici
631 1642 745 1724 Pater,
771 1647 868 1727 atque
892 1641 1064 1727 Princeps:

341 1745 415 1811 Neu
439 1745 528 1810 sinas
552 1744 667 1810 Medos
691 1744 835 1830 equitare
859 1745 997 1828 inultos,

473 1849 516 1914 Te
539 1849 636 1931 (luce,
662 1848 789 1914 Caesar.

162 1991 186 2035 et
202 1987 346 2049 conquiret
362 1988 455 2034 elamor
472 1985 711 2033 eturmue'uvorent.
748 1983 799 2031 fiat.
827 1984 894 2031 Nam
916 1986 936 2032 si
953 1999 1014 2047 gens
1031 1983 1145 2032 universa
1161 1988 1212 2030 tam
1229 1981 1299 2030 fortis

162 2065 238 2114 Recte
256 2065 331 2116 Silius
347 2065 516 2128 clunror,quia
532 2064 613 2112 iunxit
630 2067 712 2122 tubus,
748 2062 833 2121 fucrit,
850 2062 950 2112 fuerunt
965 2070 991 2112 et
1007 2064 1100 2126 equites
1112 2062 1197 2110 Marsi.
1223 2060 1298 2111 Suffi-

161 2147 267 2195 vulaera
283 2152 307 2194 et
323 2161 404 2193 arma.
436 2145 521 2193 Minus
537 2152 602 2193 recte
619 2148 713 2195 claruet
748 2143 826 2190 ciebat
848 2143 931 2190 vultus
949 2141 1049 2200 lisura-i,
1071 2142 1113 2190 scd
1134 2141 1169 2189 ita
1191 2147 1299 2188 metrum

162 2229 187 2272 et
202 2226 294 2287 paleae.
327 2224 408 2272 Nimis
433 2224 480 2271 hoc
505 2229 577 2272 tenue
599 2224 630 2272 ad
647 2222 711 2271 indi·
749 2237 799 2271 non
816 2222 903 2270 stabat.
931 2223 996 2270 Huic
1012 2224 1087 2285 igitur
1104 2221 1219 2271 debemus
1235 2220 1300 2269 illud

162 2303 269 2350 candum
286 2310 404 2351 terrorem
421 2302 545 2352 bellicum.
747 2303 855 2364 peditis:
875 2315 932 2348 uam
950 2303 1043 2350 militia
1059 2302 1139 2349 dicere
1155 2314 1205 2348 non
1221 2299 1301 2363 potuit

196 2384 263 2432 Acer
291 2387 316 2430 et
341 2383 435 2430 Mauri
461 2384 557 2444 peditis
582 2386 713 2432 oracutum
749 2387 841 2429 auctor.
876 2379 1009 2428 Praeterea
1037 2378 1123 2429 infelix
1146 2386 1184 2428 est
1208 2392 1300 2426 nomeu

168 2462 258 2508 Vultus
278 2461 307 2508 in
330 2462 431 2509 hortem.
465 2460 526 2508 Vox
545 2461 640 2523 peditis
658 2457 713 2505 nul·
749 2461 840 2517 Marsi,
857 2461 882 2507 in
900 2460 1048 2522 cogitatione
1064 2459 1123 2507 belli
1140 2458 1225 2513 civilis,
1245 2471 1300 2521 pro-

163 2539 214 2586 lam
228 2540 629 2602 hichabetgratiamncquevim.
646 2539 713 2586 Nam
749 2546 803 2602 pter
827 2539 921 2588 bellum
945 2539 1087 2587 Marsicum.
1122 2537 1214 2600 Sponte
1234 2536 1301 2585 enim

163 2617 246 2666 Mauri
262 2618 354 2680 pedites
371 2632 421 2665 non
437 2619 525 2666 eximie
542 2617 714 2680 praecaeteris
749 2618 903 2676 auferimur,
920 2623 948 2665 ut
964 2617 1132 2678 intelligamus
1146 2617 1239 2663 hostem
1252 2615 1301 2662 Ro·

163 2695 268 2744 allarum
300 2697 411 2758 gentium
441 2696 562 2759 peditibus
593 2695 715 2743 nobilitati
750 2714 859 2747 manum.
886 2697 1037 2759 Interprctes
1054 2696 1078 2743 h.
1097 2695 1113 2743 l.
1132 2694 1204 2741 variis
1220 2693 1302 2740 modis

164 2781 234 2822 sunt:
259 2776 309 2821 imo
333 2776 417 2824 Mauri
441 2789 472 2823 ne
496 2774 590 2837 pedites
616 2774 714 2837 quidem
749 2783 923 2842 exposuerunt.
949 2775 1021 2837 Quod
1032 2776 1112 2838 ipsum
1124 2775 1172 2822 iam
1184 2773 1302 2821 indicium

163 2859 245 2909 erant,
262 2853 303 2901 sed
321 2857 421 2916 equites.
448 2853 531 2913 Quare
546 2853 674 2902 Bentleius
690 2861 715 2902 et
749 2863 786 2904 est
803 2856 926 2918 scriptoris
942 2868 992 2903 non
1010 2853 1124 2902 accurati.
1142 2850 1301 2912 Oudendorp.

164 2933 205 2982 alli
227 2947 284 2980 cum
305 2932 387 2981 Fabro
410 2933 543 2996 legendum
565 2938 715 2996 putaverunt
750 2935 811 2984 hacc
828 2935 963 2984 annotavit.
997 2933 1108 2982 “Vultus
1128 2929 1231 2988 lluari,
1249 2944 1303 2979 non

165 3012 263 3067 Maru,
280 3011 345 3073 quod
387 3013 435 3059 'am
452 3011 570 3060 laudabat
582 3010 713 3059 Broukhu-
751 3022 788 3064 est
808 3015 918 3071 victoris,
943 3014 986 3062 sed
1011 3013 1069 3060 vieti
1094 3012 1125 3060 ab
1151 3011 1235 3065 hoste,
1260 3009 1304 3070 qui

163 3091 221 3139 sius.
256 3090 305 3140 Sed
329 3018 408 3154 noio
429 3092 463 3139 sic
485 3091 593 3138 multum
613 3089 713 3152 profeci·
750 3093 854 3142 vulnere
871 3093 956 3141 Mauri
970 3098 1008 3140 cst
1024 3095 1174 3139 cruentatus.
1195 3088 1303 3136 Maurus

163 3183 227 3216 mus.
253 3168 350 3217 Marsos
367 3169 440 3218 fruisse
457 3185 535 3233 genus
546 3169 713 3226 fortissimum,
749 3173 775 3221 in
792 3172 866 3220 vultu
879 3172 968 3221 retinet
984 3170 1107 3228 ferociam,
1124 3167 1204 3232 quoad
1217 3167 1303 3230 spirat.

164 3248 286 3298 novimus.
318 3248 367 3298 Sed
389 3263 477 3299 caussa
493 3249 582 3298 idonea
597 3262 648 3297 uon
664 3257 714 3305 est,
751 3265 774 3299 v.
794 3249 897 3300 Sallust.
913 3248 989 3299 Catil.
999 3249 1039 3298 61.
1056 3247 1236 3298 Lucau.VIII.
1245 3247 1303 3297 663.

164 3341 208 3377 cur
232 3327 384 3390 potissimum
410 3328 490 3377 Marsi
508 3330 603 3392 peditis
623 3329 715 3376 mentio
754 3328 829 3378 Silius
846 3327 904 3377 Ital.
921 3328 954 3377 V.
973 3328 1028 3380 673.
1055 3315 1145 3376 Florus
1163 3326 1184 3374 I.
1204 3325 1259 3377 18,”

651 3455 814 3480 ⁸⁴0*-

556 3590 805 3656 OARMEN
851 3591 912 3655 III.

394 3745 450 3824 Sic
474 3764 506 3823 te
531 3758 617 3822 Diva
638 3762 754 3843 potens
780 3757 896 3842 Cypri,

433 3861 487 3928 Sic
510 3860 626 3926 fratres
652 3860 814 3942 Helenae,
839 3859 948 3924 lucida
972 3861 1096 3945 sidera,

336 4027 488 4078 CARMEN
507 4027 556 4076 HL
681 4024 684 4029 ·
752 3999 908 4056 tunatianus,
926 3999 968 4048 ulii
985 3999 1009 4048 h.
1027 3999 1045 4048 l.
1062 4000 1178 4047 citaruut.
1208 3999 1308 4062 Ubique

752 4077 844 4139 legitur
869 4079 960 4126 lucida.
994 4077 1068 4140 Virg.
1087 4078 1108 4126 1.
1139 4077 1229 4140 Georg.
1247 4079 1307 4128 205.

214 4113 332 4199 Luca
357 4152 450 4200 seuera.
494 4149 598 4205 Temere
626 4166 641 4197 a
666 4148 715 4199 Cu·
753 4158 869 4205 aucum
884 4158 983 4218 anqua-
1005 4155 1077 4206 ovu.
1095 4157 1117 4205 1.
1135 4157 1307 4206 Meumcoe.

166 4234 382 4296 ninghmutatum
384 4236 498 4298 sulqidu.
512 4235 617 4285 Veteres
627 4234 715 4284 Grum·
754 4237 839 4284 lucida
857 4237 951 4285 Pleias.
986 4237 1043 4300 Ipse
1067 4237 1156 4287 Horat.
1177 4237 1202 4284 in
1220 4237 1306 4286 Germ.

166 4313 248 4362 tnatici
262 4313 326 4363 Mar.
335 4313 487 4369 Victorinus,
501 4313 642 4369 Diomedes,
656 4315 716 4362 For·
754 4315 888 4363 saeculari:
910 4318 1034 4366 Lucidum
1055 4319 1212 4367 coelitem.
1246 4317 1307 4366 Virl.
