2916 5220
612 305 638 367 t.
663 305 677 366 l
704 305 730 369 Β
754 304 780 366 l}
804 305 842 367 R.

291 494 454 578 Pluraque
476 492 587 558 felices
611 492 820 557 mirabimur:
846 496 883 556 ut
906 513 1010 575 neque
1033 489 1135 574 largis

334 597 488 680 Aquosus
513 595 622 660 Eurus
646 618 723 660 arva
746 595 841 660 radat
864 593 1046 675 imbribus,

289 698 433 782 Pinguia
457 722 515 764 nec
540 698 635 764 siccis
660 704 797 763 urantur
821 698 947 763 semina
980 696 1104 782 glebiS,

335 803 520 886 Utrumque
544 802 634 886 Rege
657 807 860 886 temperante
884 800 1057 866 Coclitum.

290 906 393 971 Nulla
416 911 535 970 nocent
556 905 665 990 pecori
690 904 860 989 contagia,
887 903 1011 968 nullius
1035 901 1116 967 astri

334 1009 475 1092 Gregem
499 1016 650 1073 aestuosa
675 1013 776 1072 torret
798 1006 1002 1091 impotentia.

292 1112 368 1176 Non
391 1112 454 1176 huc
477 1112 589 1196 Argoo
613 1111 784 1175 contendit
806 1110 929 1195 remige
952 1110 1069 1194 pinus,

339 1215 452 1300 Neque
476 1214 644 1300 impudica
668 1213 801 1279 Colchis
826 1213 942 1277 intulit
964 1213 1098 1298 pedem:

290 1318 365 1381 Non
389 1318 452 1383 hue
478 1317 606 1384 Sidonii
630 1322 796 1382 torserunt
819 1339 940 1397 cornua
963 1322 1101 1397 nautae,

336 1421 514 1486 Laboriosa
537 1444 596 1486 nec
620 1421 733 1486 cohors
758 1420 900 1504 'Ulyssei

291 1525 417 1609 lupiter
439 1524 499 1588 illa
521 1525 594 1608 piae
619 1524 756 1588 secrevit
779 1523 876 1588 litora
899 1523 1011 1607 genti,

335 1627 385 1693 Ut
408 1627 595 1712 inquinavit
618 1649 690 1692 aere
714 1640 844 1710 tempus
868 1648 1020 1690 aureum:

294 1732 392 1813 Aere,
417 1730 526 1794 deliine
538 1729 638 1814 serre
662 1730 791 1794 eluro-eit
814 1728 958 1811 saecula,
983 1749 1111 1814 querum

337 1837 411 1899 Piis
434 1834 586 1916 secunda,
611 1843 681 1898 oute
701 1855 758 1915 rae,
788 1833 884 1897 datur
903 1832 1001 1920 supa.

157 2006 198 2053 62.
217 2004 291 2065 Quod
313 2003 399 2051 merito
423 2002 537 2065 probavit
565 2002 707 2058 Gesnerus,
783 2004 860 2059 Aere,
878 2004 966 2051 delrim
981 2002 1063 2063 ferro.
1098 1999 1187 2050 Glossa
1207 1999 1296 2047 iterum

158 2082 212 2146 ipse
230 2084 254 2130 in
272 2082 317 2129 hoc
334 2096 424 2142 genere
445 2082 591 2130 emendandi
616 2081 708 2142 scripta
749 2081 847 2143 incepta
869 2096 883 2128 a
904 2080 1008 2142 repetita
1029 2093 1096 2127 voce.
1130 2077 1196 2127 Satis
1217 2077 1296 2124 Hora-

157 2168 270 2210 veterum
298 2167 384 2208 acutus
402 2167 426 2208 et
446 2160 515 2208 felix.
546 2160 611 2208 Mihi
632 2160 706 2208 etiam
750 2160 785 2206 tio
816 2165 869 2207 erat
899 2159 1030 2215 indicasse,
1060 2164 1190 2220 postquam
1223 2171 1297 2204 aurea

157 2239 209 2287 alia
225 2253 277 2287 esse
293 2239 394 2286 turbata
410 2239 534 2297 videntur,
551 2244 648 2300 etputo
665 2253 705 2286 or·
749 2244 816 2285 aetas
841 2238 1014 2300 praeterierat,
1035 2243 1157 2285 secretum
1182 2244 1297 2285 tamena

157 2318 241 2365 dinem
266 2316 383 2366 orationis
405 2317 437 2364 ab
453 2317 559 2366 Horatio
576 2317 650 2364 fuisse
667 2317 704 2364 in·
748 2315 809 2364 love
825 2317 909 2364 locum
927 2315 1003 2363 fuisse
1020 2315 1066 2377 piis
1084 2314 1235 2374 hominibus,
1253 2315 1297 2362 ubi

157 2395 286 2453 stitutum,
307 2403 336 2443 ut
356 2395 470 2443 indicabo
491 2396 587 2443 duabus
605 2397 706 2444 vocibus
748 2397 795 2443 tuti
812 2402 837 2444 et
860 2396 940 2443 securi
960 2394 1081 2443 viverent.
1110 2396 1204 2442 Ferrea
1225 2399 1297 2441 uetur

158 2475 318 2538 singulorum
346 2489 464 2523 versuum
489 2475 620 2537 prioribus.
656 2478 706 2524 Re·
747 2474 810 2522 nihil
828 2475 860 2522 ad
877 2488 930 2521 rem
947 2472 1013 2521 facit.
1029 2471 1135 2533 Ingrata
1151 2486 1249 2534 quoque
1260 2480 1297 2521 est

152 2557 258 2618 fertque
269 2562 347 2604 tenta.
366 2557 497 2617 Pluraque
507 2555 605 2616 felices.
624 2558 706 2616 Aquo—
747 2555 879 2602 verborum
897 2555 1058 2603 constructio:
1085 2554 1135 2611 Ut,
1152 2562 1296 2616 postquam,

158 2651 202 2684 aua
220 2637 316 2682 Eurus.
351 2635 465 2695 Pinquia
482 2649 533 2682 nec.
564 2635 707 2696 Utrumque
747 2633 843 2696 Iupiter
869 2649 959 2681 aurum
976 2634 1116 2696 inquinavit
1142 2647 1214 2682 aere:
1241 2646 1296 2679 aere

158 2729 221 2776 reqe.
248 2715 329 2759 Nulla
344 2717 439 2760 nocent.
468 2713 706 2774 Greqemaestuosa.
747 2714 862 2776 inquam,
879 2719 904 2760 et
920 2719 1053 2775 postquam
1071 2713 1158 2760 deinde
1175 2712 1240 2760 ferro
1253 2712 1297 2758 du-

161 2791 214 2840 Nec
238 2792 402 2852 vespertinus.
447 2793 531 2853 Neque
555 2793 706 2840 intumescit.
748 2793 813 2839 ravit
830 2791 936 2840 saecula.
970 2791 1110 2840 Meinekius
1128 2791 1214 2848 reiicit,
1231 2791 1296 2853 quod

161 2863 278 2918 Nenbuc
291 2871 379 2930 Arqoo.
400 2869 485 2930 Neque
494 2870 628 2930 impudica.
651 2872 707 2918 Non
748 2870 808 2918 olim
833 2871 981 2933 probaverat
1006 2886 1092 2928 nerea,
1124 2871 1183 2933 quia
1209 2871 1297 2920 debinc

159 2949 207 2995 bur
224 2948 328 2995 Sidonii.
364 2949 501 2996 Laberiana
522 2963 572 2996 nec.
603 2950 707 3009 Iupiter
749 2950 854 2998 Horatio
875 2965 1004 3013 nunquam
1029 2956 1067 2998 est
1087 2950 1296 3013 monosyllabum.

158 3028 213 3074 illa.
256 3027 292 3073 Ut
317 3028 468 3088 inquinavit.
506 3025 641 3075 Caeterum
662 3042 708 3090 pro
783 3031 840 3076 Piis
856 3033 978 3086 secunda,
995 3036 1052 3077 vute
1069 3045 1114 3085 nte,
1131 3031 1209 3077 detur·
1220 3029 1296 3090 fnqn.

160 3104 481 3168 nltuhumus,Doeringius
490 3106 630 3168 corrigebat
639 3112 707 3165 utra,
750 3106 869 3155 Odiosum
893 3110 955 3168 piis,
982 3122 1061 3170 quum
1086 3107 1215 3168 praecedat
1239 3109 1298 3168 piae

159 3182 233 3246 idque
259 3183 290 3230 ad
312 3199 430 3231 cenenum
457 3183 587 3231 referebat.
620 3185 707 3232 Mark·
748 3189 824 3248 qenti.
869 3186 1015 3235 Notandum
1034 3185 1104 3248 supa
1126 3188 1296 3234 saeculorum:

159 3260 227 3308 land.
254 3261 280 3308 in
309 3261 396 3323 Eurip.
427 3261 537 3324 Supplic.
563 3277 621 3324 pag.
650 3262 707 3312 250.
749 3265 886 3312 notandum
903 3281 941 3312 rue
957 3271 1021 3312 urite.
1045 3266 1117 3324 Fuqa
1133 3265 1296 3318 saeculorum,

160 3342 236 3387 ulrice.
272 3339 320 3388 Sed
338 3340 433 3389 Statius
450 3341 500 3389 IV.
518 3340 597 3389 Theb.
615 3343 654 3390 95.
665 3359 708 3390 reu
749 3344 896 3407 plerumque
913 3343 1160 3407 significatzsuecula
1168 3341 1296 3390 celerrime

160 3419 272 3466 lubricus
287 3420 343 3466 alta
360 3421 450 3480 eripuis
466 3422 541 3467 breme
557 3423 674 3481 eripitur.
749 3423 944 3485 praetereuntia,
962 3430 990 3470 ut
1000 3422 1070 3484 fnqn
1087 3426 1232 3482 temporum.
1255 3420 1298 3469 Me

196 3499 254 3546 Non
271 3500 318 3547 bne
336 3500 426 3560 Arqoo.
460 3499 516 3547 MS.
538 3499 608 3547 Leid.
633 3501 708 3562 Epeo.
749 3507 807 3550 vate
830 3515 876 3564 pro
901 3518 939 3550 nze
962 3516 1075 3558 recusare,
1100 3506 1213 3558 auctore,
1242 3515 1297 3548 meo

160 3576 234 3636 Quod
268 3576 299 3623 ab
329 3575 408 3625 altera
440 3592 517 3624 manu
550 3579 708 3627 emendatum
750 3581 863 3639 consilio,
881 3587 910 3628 ut
928 3580 1122 3630 Commentator.
1150 3579 1199 3628 Sed
1216 3579 1294 3626 notio·

160 3661 205 3704 est.
750 3674 807 3708 nem
832 3661 918 3723 po'etae
944 3659 1102 3708 vaticinantis
1124 3672 1222 3721 prorsus
1240 3658 1296 3707 hinc

199 3736 236 3783 Ut
253 3737 396 3796 inquinarit
413 3752 472 3785 aere
489 3743 586 3798 tempus
595 3753 708 3785 aureum.
749 3753 861 3802 separare
894 3753 944 3787 non
973 3753 1111 3802 possumus.
1154 3738 1224 3798 Ergo
1253 3735 1296 3783 alii

158 3814 257 3876 Iupiter
278 3814 429 3878 inquinavit,
455 3814 536 3863 nescio
562 3830 594 3863 an
619 3816 709 3878 aliquis
748 3818 886 3880 iungebant
900 3820 951 3881 piis
971 3819 1135 3866 saeculorum.
1170 3815 1197 3864 Si
1214 3814 1294 3863 Hora·

160 3891 225 3939 serio
242 3892 343 3941 dixerit.
371 3893 402 3941 In
422 3893 505 3943 Satira
525 3895 622 3956 Iupiter
644 3895 709 3944 bene
748 3897 797 3944 tius
806 3897 865 3945 dicit
877 3913 914 3945 me
925 3896 1047 3952 vute,vix
1058 3894 1130 3942 aliter
1148 3893 1295 3955 accipimus,

160 3971 197 4017 sic
221 3970 352 4029 rideretur,
376 3979 502 4036 tamquam
523 3988 609 4021 aureos
635 3990 707 4022 num·
748 3991 822 4038 quam
841 3993 879 4024 me
895 3981 1005 4025 cernente,
1026 3974 1153 4022 Vaticinio
1171 3974 1210 4020 hic
1227 3973 1296 4021 locus

160 4063 215 4098 mos
233 4050 382 4100 adulterans.
417 4052 494 4100 Recte
516 4052 613 4114 Iupiter
635 4055 709 4101 niella
748 4070 797 4102 non
814 4061 863 4111 est,
880 4062 908 4102 ut
925 4053 990 4116 apud
1008 4052 1139 4102 Claudian.
1155 4052 1176 4101 1.
1190 4054 1294 4114 Eutrop.

160 4132 270 4178 decussit
289 4129 371 4190 foliis.
405 4131 531 4188 Horatius,
549 4133 635 4188 eredo,
656 4146 707 4180 me·
748 4136 804 4183 312.
823 4141 898 4197 utque
918 4136 986 4181 iuter
1001 4135 1120 4194 proprios
1144 4135 1230 4180 inrides
1247 4135 1295 4179 Ae-

160 4208 211 4256 lius
228 4210 375 4271 scripsisset:
394 4213 426 4261 Se
443 4218 473 4258 ut
490 4213 634 4274 inquinarit
654 4228 711 4261 nere
748 4219 837 4277 qqpte'u
862 4217 943 4263 iactat
972 4215 1088 4270 Somnia,
1104 4217 1293 4274 prostratosque

162 4293 262 4350 tempsit
279 4305 391 4338 niueum.
749 4297 833 4353 canit,
851 4309 876 4341 se
893 4298 961 4350 vate,
980 4298 1108 4354 tyrannos.
1136 4291 1186 4341 Sed
1198 4291 1244 4338 hoe
1258 4306 1296 4338 nte
