2916 5220
578 304 752 368 LlBllli
798 306 854 367 lV.

335 485 448 551 Victus
472 494 506 552 et
529 488 623 554 urbes
648 489 811 574 increpuit
833 491 921 574 lyra,

382 589 432 653 Ne
455 612 556 674 parva
579 592 780 675 Tyrrhenum
803 615 860 678 per
883 616 1003 679 aequor

424 693 506 758 Vela
531 694 649 758 darem.
698 695 781 777 Tua,
807 695 943 780 Caesar,
968 704 1057 763 aetas

335 796 460 880 Fruges
484 801 518 861 et
541 796 629 880 agris
653 797 767 861 retulit
789 799 920 883 uberes,

335 899 381 964 Et
405 899 501 984 signa
523 906 637 965 nostro
661 900 809 966 restituit
832 903 903 968 Iovi

155 1062 238 1109 neque
254 1049 339 1098 audeo.
373 1051 431 1098 Non
452 1050 498 1097 hoc
515 1050 576 1098 mihi
593 1064 704 1106 sumam,
747 1052 790 1115 pla
801 1055 922 1114 quaedam
933 1055 1055 1113 Romana,
1066 1062 1094 1103 ut
1106 1062 1230 1118 appareat,
1242 1055 1292 1104 llo·

156 1131 185 1173 ut
201 1125 311 1175 facinora
326 1128 374 1176 ista
390 1135 434 1176 tua
453 1127 543 1176 bellica
558 1127 704 1190 singulatim
748 1131 838 1178 ratium
848 1133 957 1194 potuisse
968 1134 1136 1183 scribereaela
1145 1136 1292 1196 lyraedare.

156 1203 265 1254 laudem.
298 1206 332 1254 Et
353 1206 403 1254 alia
423 1213 482 1255 sunt
502 1207 597 1256 maiora
616 1207 705 1255 merita
748 1209 891 1260 CiceroIV.
908 1212 1048 1262 Tusculi.
1076 1215 1233 1272 Quaerebam
1249 1215 1294 1274 ipi-

157 1291 215 1340 iuvo
231 1298 303 1347 quae,
319 1285 396 1348 Signis
409 1284 521 1348 receptis,
538 1285 705 1344 Ianoelauso,
749 1295 806 1346 tur,
831 1295 918 1338 utrum
940 1293 1076 1353 panderem
1100 1293 1155 1340 cela
1175 1292 1296 1339 annana

156 1362 252 1424 patriae
271 1363 420 1426 praestitisti.
455 1365 496 1413 Tu
520 1363 606 1426 fruges
627 1364 705 1427 agris,
747 1370 847 1425 statim,
871 1385 906 1417 an
931 1385 985 1419 eam
1010 1371 1199 1419 dialecticorum
1219 1371 1295 1417 remia

157 1444 230 1506 signa
246 1443 302 1491 Iovi
319 1445 453 1494 restituisti
487 1445 529 1493 Tu
542 1446 634 1493 Ianum
645 1445 705 1506 Qui·
745 1449 918 1509 propellerem.
963 1446 1035 1497 Ovid.
1055 1444 1109 1497 'IV.
1143 1448 1211 1496 Fast.
1237 1449 1293 1498 729.

157 1524 242 1571 rinum
258 1523 381 1581 clausisti,
393 1526 470 1573 caet.''
493 1525 579 1573 Verba
591 1526 706 1573 Phoebas
748 1526 825 1574 Mota
844 1528 901 1574 Dea
916 1531 964 1585 ert,
981 1528 1098 1590 aperique
1107 1527 1190 1590 facet.
1209 1529 1295 1575 Nara·

156 1605 276 1651 volentem
298 1617 333 1666 sq.
359 1604 431 1666 quasi
453 1605 479 1652 in
500 1603 641 1666 parenthesi
660 1618 704 1666 po·
748 1606 813 1653 libne
835 1607 876 1654 exi
893 1606 1008 1668 Pappia:
1032 1606 1123 1654 taient
1141 1608 1295 1655 centuriam

157 1681 207 1728 sita
232 1688 299 1730 sunt.
341 1681 485 1732 Orationem
514 1697 543 1730 ea
566 1682 707 1745 parenthesi
749 1689 797 1731 tua
820 1685 877 1733 aeia
901 1699 964 1733 auor.
997 1683 1032 1732 Π.
1058 1683 1134 1733 Trist.
1156 1684 1212 1735 547.
1256 1687 1296 1733 Ne

158 1760 290 1822 abruptam
312 1761 412 1825 repetit:
438 1764 496 1811 Tua
520 1763 616 1811 Caesar
636 1768 707 1810 aetas
749 1767 833 1811 tamen
852 1778 923 1813 omne
945 1778 1026 1812 meum
1047 1764 1134 1813 credas
1159 1778 1223 1825 opus
1243 1777 1296 1813 eree

159 1841 258 1901 Frupee
275 1853 312 1902 sq.
748 1843 887 1891 remissum.
910 1843 991 1903 Saepe
1007 1843 1065 1890 deaii
1075 1847 1176 1891 nostrae
1187 1843 1296 1904 prandia

197 1920 283 1966 Vicina
293 1924 318 1966 et
332 1920 404 1966 urbes
424 1920 551 1982 increpuit
561 1921 626 1982 ipra.
652 1919 706 1968 Alii
748 1922 804 1970 cela
819 1922 880 1970 rati.
913 1921 965 1971 Ubi
976 1921 1110 1984 legendnm
1124 1926 1198 1983 puto:
1217 1922 1298 1983 Saepe

158 1995 268 2057 iungunt
284 1998 352 2059 inqua
368 2001 433 2060 ipra.
462 1997 534 2058 Quod
553 2006 652 2061 propter
668 1998 706 2046 in·
748 2000 806 2047 dedi
819 2014 923 2060 parcae.
957 2000 1098 2049 Annotavit
1118 2000 1209 2048 similia
1222 2016 1297 2064 quae-

158 2075 301 2136 terpositum
327 2077 455 2139 increpuit
475 2083 512 2125 ast
532 2077 706 2134 durissimum,
750 2077 808 2124 dam
824 2077 915 2126 Boech.
932 2078 964 2126 ad
980 2078 1082 2126 Pindar.
1100 2077 1131 2126 T.
1148 2077 1184 2126 11.
1202 2093 1225 2140 p.
1240 2079 1295 2127 402.

158 2164 183 2200 et
200 2167 216 2200 a
235 2153 351 2202 Romana
369 2155 503 2202 verborum
524 2155 707 2203 constructione
750 2157 824 2204 Nem.
841 2156 876 2204 V.
894 2157 939 2214 50,
956 2155 986 2203 ad
1004 2155 1098 2218 lyram:
1119 2155 1181 2205 δίδοι
1199 2158 1296 2220 φωνὰν,

158 2231 276 2280 alienum.
301 2233 371 2281 Licet
386 2234 420 2282 D.
437 2234 705 2283 HeinsinsadAristo·
751 2235 802 2284 ἀνὰ
823 2233 844 2283 δ’
862 2234 931 2283 ἱστία
951 2236 1036 2283 τεῖνον
1057 2235 1122 2298 πρὸς
1144 2235 1222 2299 ζυγὸν
1239 2253 1296 2298 καρ-

159 2309 214 2356 telis
223 2309 330 2358 Politica
337 2326 361 2373 p.
369 2311 439 2360 1043.
448 2312 515 2359 hunc
523 2311 606 2359 locum
615 2309 706 2360 referat
750 2313 848 2377 χησίου.
877 2314 899 2361 1.
917 2312 992 2360 Pont.
1004 2313 1078 2364 s72.
1098 2315 1163 2362 'Vati
1179 2316 1299 2364 contrahe

159 2389 190 2435 ad
208 2391 323 2452 exempla
339 2393 574 2453 transpositionem,
596 2397 621 2439 et
641 2391 707 2439 dicat
750 2395 806 2441 vela
822 2394 870 2440 tui.
891 2392 943 2441 111.
965 2391 1040 2440 Trist.
1062 2393 1085 2441 4.
1107 2394 1147 2440 32.
1171 2395 1298 2455 propositi

159 2467 292 2516 Horatium
315 2469 349 2516 sic
370 2469 499 2533 aliquoties
516 2470 543 2517 in
565 2469 654 2519 Satiris
670 2471 705 2518 lo·
750 2472 870 2521 contraite
885 2472 948 2519 celo.
966 2470 1076 2518 Martial.
1086 2470 1163 2519 VIII.
1172 2471 1213 2521 70.
1235 2472 1295 2519 Pie-

158 2546 209 2608 qni.
235 2546 432 2597 Obliviscebatur
448 2549 486 2596 vir
503 2548 616 2607 eximius,
633 2564 703 2611 mag·
749 2553 817 2598 riam
842 2549 912 2598 tenui
931 2547 1046 2611 frontem
1070 2550 1187 2598 redimire
1207 2564 1298 2598 corona

158 2641 221 2674 num
238 2641 289 2674 esse
306 2627 436 2676 discrimen
452 2628 570 2677 orationis
586 2628 705 2678 Satiricac
753 2628 904 2684 Contentus,
914 2626 1005 2687 famae
1020 2641 1065 2675 nec
1081 2627 1143 2674 dare
1159 2627 1212 2674 aeia
1229 2641 1296 2674 suae.

159 2712 183 2753 et
200 2707 313 2769 Lyricae.
339 2708 394 2757 Alii
411 2712 539 2771 increpuit
555 2711 614 2771 lyra
630 2709 706 2758 inter·
751 2705 794 2755 Sil.
820 2705 879 2754 Ital.
905 2705 955 2754 ΠΙ.
980 2705 1036 2757 706.
1076 2705 1201 2767 Claroque
1217 2704 1297 2766 seron

158 2792 299 2846 pretantur:
323 2788 434 2850 “Apollo
455 2803 495 2837 mc
511 2789 634 2851 increpuit
650 2803 704 2837 ver·
750 2787 798 2834 dae
812 2787 869 2834 aeia
885 2787 972 2834 latori.
993 2784 1134 2833 Nemesian.
1147 2784 1243 2847 Cyneg.
1256 2785 1297 2832 58.

159 2864 211 2921 bis,
227 2871 252 2912 et
268 2866 343 2914 simul
359 2866 414 2929 ipsa
424 2867 547 2930 increpuit
557 2867 638 2930 lyra.”
654 2867 706 2915 Ho-
752 2865 845 2927 talique
858 2866 943 2929 placet
954 2867 1016 2914 dare
1026 2867 1106 2912 lintea
1118 2879 1206 2913 curae:
1227 2865 1297 2912 Duru

158 2944 237 2992 ratius
262 2945 338 2994 talem
363 2946 483 3009 dilogiam
503 2961 553 2994 non
574 2948 706 3009 probasset.
750 2959 800 2992 non
824 2961 915 3007 mapna
938 2945 1006 2993 ratis
1029 2959 1096 2993 nunc
1119 2945 1231 3005 prinlum
1252 2945 1298 2991 dat

158 3023 248 3086 Neque
264 3040 326 3087 opus
343 3031 396 3074 erat
412 3026 527 3088 Apollini
543 3027 607 3089 lyra,
619 3027 707 3074 utHo·
750 3025 806 3071 aeia
825 3026 899 3072 notia.
932 3024 1010 3072 Auci.
1035 3021 1163 3084 Panegyr.
1188 3021 1296 3069 Maxim.

159 3103 252 3151 ratium
273 3105 416 3154 admoneret
436 3106 508 3168 eique
530 3120 616 3155 aurem
632 3104 707 3153 velle·
750 3106 775 3148 et
795 3100 923 3150 Constant.
945 3102 968 3150 9.
1005 3102 1041 3148 Te
1061 3115 1179 3162 umquam
1199 3102 1296 3160 patien-

159 3187 205 3229 ret.
239 3183 353 3246 Heynius
370 3184 402 3231 ad
419 3184 512 3246 Virgil.
525 3185 547 3233 1.
565 3184 631 3232 Aen.
649 3184 706 3235 747.
752 3185 796 3228 tur
816 3182 969 3242 reipublicae
983 3180 1039 3228 aeia
1055 3179 1212 3234 contrahere,
1233 3192 1297 3239 quae

160 3262 253 3324 accepit
274 3265 332 3324 lyra
352 3265 479 3326 increpuit
499 3278 544 3325 pro
566 3266 649 3325 ipram
669 3249 707 3311 in·
752 3265 805 3307 tam
814 3257 935 3318 felicibus
947 3257 1028 3305 centis
1044 3256 1121 3304 etiarn
1137 3255 1234 3302 iuuenis
1250 3256 1296 3301 im·

159 3344 266 3403 crepuit.
300 3343 340 3391 De
364 3357 429 3404 quo,
454 3343 548 3405 inquit,
575 3342 708 3405 aliquando
749 3339 863 3401 placeris.
902 3334 1014 3384 Rutilius
1037 3335 1064 3382 in
1088 3332 1181 3381 Itinere
1210 3333 1232 3380 Ι.
1254 3335 1295 3381 35.

160 3419 192 3465 ad
210 3419 344 3468 Horatium
361 3421 481 3484 pluribus,
503 3419 645 3469 Editinnem
656 3421 708 3469 Ha·
751 3413 1097 3465 Eidetideriitadderevela
1108 3413 1176 3460 nteit.
1205 3410 1296 3460 Putide

160 3497 229 3555 ratii,
253 3512 327 3559 quam
349 3498 389 3546 vir
409 3497 551 3560 praeclarus
572 3498 707 3546 meditaba-
751 3494 836 3543 Valet.
848 3493 919 3541 Max.
931 3493 965 3541 V.
976 3494 999 3545 7.
1035 3493 1088 3540 Det
1104 3506 1171 3540 nunc
1188 3491 1242 3538 cela
1258 3492 1296 3552 pii

159 3583 214 3634 tur,
234 3589 284 3624 non
306 3578 449 3640 accepimus.
483 3577 566 3626 Locus
587 3583 625 3624 est
642 3576 706 3624 diffi·
750 3580 775 3622 et
792 3573 890 3635 placidi
910 3572 1019 3634 affectas
1035 3575 1172 3632 parentum
1187 3585 1247 3632 erpa
1264 3570 1294 3618 li·

159 3654 228 3714 cilis,
244 3656 304 3717 quia
319 3663 457 3720 corruptus.
490 3656 567 3705 Hunc
588 3655 624 3703 ita
640 3655 707 3702 resti-
751 3656 817 3703 teror
827 3652 998 3714 indulcentiaJ
1009 3650 1229 3713 coluntqueaura
1239 3665 1296 3711 pra·

160 3734 210 3781 tui:
233 3736 349 3783 Phoebus
369 3737 489 3785 colentem
507 3736 604 3797 proelia
620 3750 659 3782 me
675 3736 708 3783 lo·
750 3738 831 3790 aecta,
848 3738 949 3794 pratum
964 3731 1102 3779 innatatis
1117 3743 1199 3777 semna
1216 3729 1296 3776 dotem

159 3814 217 3875 qui:
246 3815 332 3862 Viciae
348 3820 373 3863 et
390 3818 473 3872 urbes,
489 3815 616 3875 increpuit
637 3816 709 3874 lyrae
751 3813 853 3874 afferat.
887 3809 1024 3859 Modestius
1040 3808 1107 3856 Plin.
1124 3806 1172 3854 IV.
1189 3806 1237 3867 Ep.
1254 3805 1295 3854 20.

161 3892 203 3939 Ne
213 3906 297 3952 parco
312 3895 473 3955 Tyrrhenum
482 3908 529 3954 per
541 3907 632 3954 aequor
647 3893 708 3940 Vela
753 3891 854 3952 Inponit
868 3890 944 3938 eimrrl
955 3889 1093 3949 dolorique
1103 3887 1163 3934 veiis
1174 3885 1297 3933 latissime

159 3973 256 4018 darem.
289 3971 345 4018 Hoc
365 3978 459 4020 rectum
479 3976 561 4018 estet
581 3970 707 4019 Latinum.
750 3975 833 4017 rectae
849 3984 881 4018 ea.
915 3967 982 4016 Vide
1003 3967 1038 4014 ibi
1055 3964 1169 4013 Gortium
1191 3970 1215 4011 ct
1231 3963 1294 4010 Bur-

159 4051 244 4100 Habet
260 4067 289 4100 ea
305 4052 454 4114 Metaphora
469 4051 571 4115 aliquid,
588 4051 653 4114 quod
665 4064 708 4097 no·
750 4061 869 4094 mannum
887 4048 918 4094 ad
935 4043 1058 4108 Propertii
1074 4041 1124 4090 III.
1139 4042 1164 4089 2.

160 4132 217 4178 stris
234 4131 334 4179 auribus
348 4137 419 4178 sonat
429 4131 599 4193 peregrinum:
617 4129 708 4177 Roma·
785 4128 863 4188 Sipna
883 4131 966 4174 nostra
985 4124 1100 4172 restituit
1120 4122 1180 4168 [aci.
1213 4120 1295 4167 Vetus

159 4212 199 4258 nis
216 4225 265 4259 non
278 4211 391 4266 sonabat,
408 4225 487 4272 neque
499 4209 609 4263 Graecis,
626 4214 655 4255 ut
668 4207 707 4255 vel
751 4203 889 4252 Scholiasta
910 4205 971 4252 Maii
987 4203 1017 4250 ad
1034 4199 1127 4262 Virgil.
1144 4199 1207 4247 VII.
1229 4198 1295 4246 Aen.

159 4305 192 4338 ex
210 4289 320 4338 Pindaro
336 4296 439 4338 constat.
474 4289 607 4350 Apponam
624 4299 706 4334 exem·
750 4284 806 4332 606.
842 4285 1001 4345 Parthasque
1012 4295 1136 4345 reposcere
1147 4281 1232 4340 ripna3
1253 4292 1295 4323 an-
