<?xml version="1.0" encoding="UTF-8"?>
<!DOCTYPE html PUBLIC "-//W3C//DTD XHTML 1.0 Transitional//EN"
    "http://www.w3.org/TR/xhtml1/DTD/xhtml1-transitional.dtd">
<html xmlns="http://www.w3.org/1999/xhtml" xml:lang="en" lang="en">
 <head>
  <title>
</title>
<meta http-equiv="Content-Type" content="text/html;charset=utf-8" />
  <meta name='ocr-system' content='tesseract 3.04.00' />
  <meta name='ocr-capabilities' content='ocr_page ocr_carea ocr_par ocr_line ocrx_word'/>
</head>
<body>
  <div class='ocr_page' id='page_1' title='image "./qhoratiiflaccic00horagoog_0361.png"; bbox 0 0 2916 5220; ppageno 0'>
   <div class='ocr_carea' id='block_1_1' title="bbox 158 302 894 369">
    <p class='ocr_par' dir='ltr' id='par_1_1' title="bbox 158 302 894 369">
     <span class='ocr_line' id='line_1_1' title="bbox 158 302 894 369; baseline -0.001 -2"><span class='ocrx_word' id='word_1_1' title='bbox 158 311 222 369; x_wconf 73' lang='lat' dir='ltr'><strong>:llli</strong></span> <span class='ocrx_word' id='word_1_2' title='bbox 576 307 600 363; x_wconf 72' lang='lat' dir='ltr'><strong>l?</strong></span> <span class='ocrx_word' id='word_1_3' title='bbox 614 307 641 367; x_wconf 79' lang='grc' dir='ltr'>Α</span> <span class='ocrx_word' id='word_1_4' title='bbox 659 306 683 368; x_wconf 87' lang='lat' dir='ltr'><strong>ll</strong></span> <span class='ocrx_word' id='word_1_5' title='bbox 696 304 726 366; x_wconf 75' lang='lat' dir='ltr'><strong>ll</strong></span> <span class='ocrx_word' id='word_1_6' title='bbox 747 305 755 366; x_wconf 99' lang='lat' dir='ltr'><strong>l</strong></span> <span class='ocrx_word' id='word_1_7' title='bbox 775 304 804 367; x_wconf 76' lang='lat' dir='ltr'>N</span> <span class='ocrx_word' id='word_1_8' title='bbox 821 305 846 367; x_wconf 93' lang='lat' dir='ltr'>U</span> <span class='ocrx_word' id='word_1_9' title='bbox 861 302 894 366; x_wconf 82' lang='lat' dir='ltr'><strong>ll</strong></span> 
     </span>
    </p>
   </div>
   <div class='ocr_carea' id='block_1_2' title="bbox 249 487 1174 986">
    <p class='ocr_par' dir='ltr' id='par_1_2' title="bbox 251 487 1174 670">
     <span class='ocr_line' id='line_1_2' title="bbox 251 487 1174 576; baseline 0 -22"><span class='ocrx_word' id='word_1_10' title='bbox 251 492 383 576; x_wconf 82' lang='lat' dir='ltr'><strong>Frigora</strong></span> <span class='ocrx_word' id='word_1_11' title='bbox 406 491 583 555; x_wconf 86' lang='lat' dir='ltr'><strong>mitescunt</strong></span> <span class='ocrx_word' id='word_1_12' title='bbox 608 489 782 573; x_wconf 83' lang='lat' dir='ltr'><strong>Zephyris,</strong></span> <span class='ocrx_word' id='word_1_13' title='bbox 808 510 864 554; x_wconf 84' lang='lat' dir='ltr'><strong>var</strong></span> <span class='ocrx_word' id='word_1_14' title='bbox 887 487 1024 573; x_wconf 76' lang='lat' dir='ltr'>proterit</span> <span class='ocrx_word' id='word_1_15' title='bbox 1047 495 1174 571; x_wconf 81' lang='lat' dir='ltr'><strong>aestas,</strong></span> 
     </span>
     <span class='ocr_line' id='line_1_3' title="bbox 294 593 615 670; baseline -0.006 -12"><span class='ocrx_word' id='word_1_16' title='bbox 294 595 488 670; x_wconf 74' lang='lat' dir='ltr'><strong>lnterhurn,</strong></span> <span class='ocrx_word' id='word_1_17' title='bbox 514 593 615 658; x_wconf 90' lang='lat' dir='ltr'><strong>simul</strong></span> 
     </span>
    </p>

    <p class='ocr_par' dir='ltr' id='par_1_3' title="bbox 249 694 1101 865">
     <span class='ocr_line' id='line_1_4' title="bbox 249 694 1101 780; baseline -0.002 -19"><span class='ocrx_word' id='word_1_18' title='bbox 249 698 392 763; x_wconf 82' lang='lat' dir='ltr'><strong>Pomiier</strong></span> <span class='ocrx_word' id='word_1_19' title='bbox 415 702 611 762; x_wconf 87' lang='lat' dir='ltr'><strong>auctumnus</strong></span> <span class='ocrx_word' id='word_1_20' title='bbox 637 696 746 780; x_wconf 88' lang='lat' dir='ltr'><strong>fruges</strong></span> <span class='ocrx_word' id='word_1_21' title='bbox 771 694 942 778; x_wconf 86' lang='lat' dir='ltr'><strong>effuderit,</strong></span> <span class='ocrx_word' id='word_1_22' title='bbox 967 702 1000 761; x_wconf 91' lang='lat' dir='ltr'><strong>et</strong></span> <span class='ocrx_word' id='word_1_23' title='bbox 1024 717 1101 760; x_wconf 83' lang='lat' dir='ltr'><strong>mox</strong></span> 
     </span>
     <span class='ocr_line' id='line_1_5' title="bbox 293 799 693 865; baseline -0.005 -1"><span class='ocrx_word' id='word_1_24' title='bbox 293 802 415 865; x_wconf 87' lang='lat' dir='ltr'><strong>Bruma</strong></span> <span class='ocrx_word' id='word_1_25' title='bbox 438 800 574 865; x_wconf 83' lang='lat' dir='ltr'><strong>recurrit</strong></span> <span class='ocrx_word' id='word_1_26' title='bbox 597 799 693 864; x_wconf 89' lang='lat' dir='ltr'><strong>iners.</strong></span> 
     </span>
    </p>

    <p class='ocr_par' dir='ltr' id='par_1_4' title="bbox 250 902 1153 986">
     <span class='ocr_line' id='line_1_6' title="bbox 250 902 1153 986; baseline -0.002 -18"><span class='ocrx_word' id='word_1_27' title='bbox 250 904 380 969; x_wconf 83' lang='lat' dir='ltr'><strong>Damna</strong></span> <span class='ocrx_word' id='word_1_28' title='bbox 403 909 513 968; x_wconf 90' lang='lat' dir='ltr'><strong>tamen</strong></span> <span class='ocrx_word' id='word_1_29' title='bbox 538 903 657 968; x_wconf 81' lang='lat' dir='ltr'><strong>celeres</strong></span> <span class='ocrx_word' id='word_1_30' title='bbox 682 907 833 986; x_wconf 85' lang='lat' dir='ltr'><strong>reparant</strong></span> <span class='ocrx_word' id='word_1_31' title='bbox 856 902 1012 968; x_wconf 87' lang='lat' dir='ltr'><strong>eoelestia</strong></span> <span class='ocrx_word' id='word_1_32' title='bbox 1034 903 1153 967; x_wconf 89' lang='lat' dir='ltr'><strong>lunae:</strong></span> 
     </span>
    </p>
   </div>
   <div class='ocr_carea' id='block_1_3' title="bbox 92 1062 1302 1446">
    <p class='ocr_par' dir='ltr' id='par_1_5' title="bbox 92 1062 1302 1368">
     <span class='ocr_line' id='line_1_7' title="bbox 92 1062 1300 1133; baseline -0.005 -16"><span class='ocrx_word' id='word_1_33' title='bbox 92 1095 97 1104; x_wconf 80' lang='lat'><strong>.</strong></span> <span class='ocrx_word' id='word_1_34' title='bbox 160 1067 257 1133; x_wconf 81' lang='grc' dir='ltr'>πρέπει.</span> <span class='ocrx_word' id='word_1_35' title='bbox 291 1066 425 1114; x_wconf 75' lang='lat' dir='ltr'><strong>Anacreon</strong></span> <span class='ocrx_word' id='word_1_36' title='bbox 449 1067 552 1129; x_wconf 87' lang='lat' dir='ltr'><strong>Fragm.</strong></span> <span class='ocrx_word' id='word_1_37' title='bbox 572 1081 629 1130; x_wconf 88' lang='lat' dir='ltr'><strong>pag.</strong></span> <span class='ocrx_word' id='word_1_38' title='bbox 649 1067 705 1116; x_wconf 80' lang='lat'><strong>423.</strong></span> <span class='ocrx_word' id='word_1_39' title='bbox 747 1073 825 1116; x_wconf 68' lang='lat' dir='ltr'><strong>astra</strong></span> <span class='ocrx_word' id='word_1_40' title='bbox 859 1067 910 1116; x_wconf 87' lang='lat' dir='ltr'><strong>Ubi</strong></span> <span class='ocrx_word' id='word_1_41' title='bbox 932 1065 1045 1129; x_wconf 78' lang='lat' dir='ltr'><strong>Scaliger</strong></span> <span class='ocrx_word' id='word_1_42' title='bbox 1061 1064 1198 1113; x_wconf 81' lang='lat' dir='ltr'><strong>Horatium</strong></span> <span class='ocrx_word' id='word_1_43' title='bbox 1216 1062 1300 1112; x_wconf 82' lang='lat' dir='ltr'><strong>lauda·</strong></span> 
     </span>
     <span class='ocr_line' id='line_1_8' title="bbox 159 1143 1302 1210; baseline -0.003 -16"><span class='ocrx_word' id='word_1_44' title='bbox 159 1147 184 1194; x_wconf 83' lang='grc' dir='ltr'><strong>τί</strong></span> <span class='ocrx_word' id='word_1_45' title='bbox 199 1147 281 1210; x_wconf 72' lang='grc' dir='ltr'>μακρὰ</span> <span class='ocrx_word' id='word_1_46' title='bbox 299 1144 329 1205; x_wconf 70' lang='grc' dir='ltr'><strong>ὃν)</strong></span> <span class='ocrx_word' id='word_1_47' title='bbox 346 1150 452 1210; x_wconf 61' lang='grc' dir='ltr'>φρονεῖς,</span> <span class='ocrx_word' id='word_1_48' title='bbox 470 1146 554 1195; x_wconf 82' lang='grc' dir='ltr'>τάλαν</span> <span class='ocrx_word' id='word_1_49' title='bbox 559 1164 568 1205; x_wconf 82' lang='lat'><strong>,-</strong></span> <span class='ocrx_word' id='word_1_50' title='bbox 586 1145 707 1209; x_wconf 86' lang='lat' dir='ltr'><strong>Aeschyl.</strong></span> <span class='ocrx_word' id='word_1_51' title='bbox 748 1147 791 1195; x_wconf 87' lang='lat' dir='ltr'><strong>rit.</strong></span> <span class='ocrx_word' id='word_1_52' title='bbox 824 1146 877 1194; x_wconf 89' lang='lat' dir='ltr'><strong>Pro</strong></span> <span class='ocrx_word' id='word_1_53' title='bbox 893 1145 1026 1209; x_wconf 77' lang='lat' dir='ltr'><strong>effuderit,</strong></span> <span class='ocrx_word' id='word_1_54' title='bbox 1048 1145 1074 1191; x_wconf 91' lang='lat' dir='ltr'><strong>in</strong></span> <span class='ocrx_word' id='word_1_55' title='bbox 1091 1143 1200 1192; x_wconf 81' lang='lat' dir='ltr'><strong>editione</strong></span> <span class='ocrx_word' id='word_1_56' title='bbox 1217 1143 1302 1206; x_wconf 83' lang='lat' dir='ltr'><strong>aliqua</strong></span> 
     </span>
     <span class='ocr_line' id='line_1_9' title="bbox 160 1222 1301 1289; baseline -0.001 -17"><span class='ocrx_word' id='word_1_57' title='bbox 160 1225 230 1274; x_wconf 85' lang='lat' dir='ltr'><strong>Pers.</strong></span> <span class='ocrx_word' id='word_1_58' title='bbox 250 1226 308 1276; x_wconf 84' lang='lat'><strong>817.</strong></span> <span class='ocrx_word' id='word_1_59' title='bbox 339 1224 384 1283; x_wconf 74' lang='lat' dir='ltr'><strong>‘lic</strong></span> <span class='ocrx_word' id='word_1_60' title='bbox 405 1226 453 1288; x_wconf 76' lang='grc' dir='ltr'><strong>οὐχ</strong></span> <span class='ocrx_word' id='word_1_61' title='bbox 481 1224 590 1289; x_wconf 83' lang='grc' dir='ltr'>ὑπέρφευ</span> <span class='ocrx_word' id='word_1_62' title='bbox 610 1227 708 1284; x_wconf 69' lang='grc' dir='ltr'>θνητὸν</span> <span class='ocrx_word' id='word_1_63' title='bbox 748 1230 894 1272; x_wconf 79' lang='lat' dir='ltr'><strong>annotatum</strong></span> <span class='ocrx_word' id='word_1_64' title='bbox 915 1225 966 1273; x_wconf 85' lang='lat' dir='ltr'><strong>ridi</strong></span> <span class='ocrx_word' id='word_1_65' title='bbox 982 1240 1039 1274; x_wconf 81' lang='lat' dir='ltr'><strong>cunt</strong></span> <span class='ocrx_word' id='word_1_66' title='bbox 1055 1223 1186 1286; x_wconf 61' lang='lat' dir='ltr'><strong>eff&#39;uderit.</strong></span> <span class='ocrx_word' id='word_1_67' title='bbox 1211 1222 1301 1272; x_wconf 69' lang='lat' dir='ltr'><strong>Naeuio</strong></span> 
     </span>
     <span class='ocr_line' id='line_1_10' title="bbox 160 1301 1078 1368; baseline -0.003 -16"><span class='ocrx_word' id='word_1_68' title='bbox 160 1307 223 1353; x_wconf 81' lang='grc' dir='ltr'>ὂντα</span> <span class='ocrx_word' id='word_1_69' title='bbox 248 1305 296 1368; x_wconf 74' lang='grc' dir='ltr'><strong>χρὴ</strong></span> <span class='ocrx_word' id='word_1_70' title='bbox 322 1308 432 1368; x_wconf 79' lang='grc' dir='ltr'>φρονεῖν.</span> <span class='ocrx_word' id='word_1_71' title='bbox 475 1305 602 1367; x_wconf 83' lang='lat' dir='ltr'><strong>Excerpta</strong></span> <span class='ocrx_word' id='word_1_72' title='bbox 627 1302 708 1353; x_wconf 89' lang='lat' dir='ltr'><strong>Grotii</strong></span> <span class='ocrx_word' id='word_1_73' title='bbox 748 1317 780 1350; x_wconf 83' lang='lat' dir='ltr'><strong>ox</strong></span> <span class='ocrx_word' id='word_1_74' title='bbox 797 1304 951 1361; x_wconf 88' lang='lat' dir='ltr'><strong>coniectura,</strong></span> <span class='ocrx_word' id='word_1_75' title='bbox 969 1318 1001 1350; x_wconf 90' lang='lat' dir='ltr'><strong>an</strong></span> <span class='ocrx_word' id='word_1_76' title='bbox 1017 1301 1078 1351; x_wconf 88' lang='lat' dir='ltr'><strong>MS.</strong></span> 
     </span>
    </p>

    <p class='ocr_par' dir='ltr' id='par_1_6' title="bbox 160 1382 1300 1446">
     <span class='ocr_line' id='line_1_11' title="bbox 160 1382 1300 1446; baseline -0.004 -13"><span class='ocrx_word' id='word_1_77' title='bbox 160 1399 217 1446; x_wconf 61' lang='lat' dir='ltr'><strong>prag.</strong></span> <span class='ocrx_word' id='word_1_78' title='bbox 234 1385 290 1432; x_wconf 79' lang='lat'><strong>923.</strong></span> <span class='ocrx_word' id='word_1_79' title='bbox 314 1385 397 1442; x_wconf 70' lang='grc' dir='ltr'>θνητὰ</span> <span class='ocrx_word' id='word_1_80' title='bbox 414 1385 463 1446; x_wconf 69' lang='grc' dir='ltr'><strong>χρὴ</strong></span> <span class='ocrx_word' id='word_1_81' title='bbox 480 1385 526 1432; x_wconf 79' lang='grc' dir='ltr'><strong>τὸν</strong></span> <span class='ocrx_word' id='word_1_82' title='bbox 542 1383 649 1444; x_wconf 67' lang='grc' dir='ltr'>θνητὸν,</span> <span class='ocrx_word' id='word_1_83' title='bbox 663 1382 708 1430; x_wconf 78' lang='grc' dir='ltr'><strong>οὐκ</strong></span> <span class='ocrx_word' id='word_1_84' title='bbox 783 1386 889 1432; x_wconf 84' lang='lat' dir='ltr'><strong>Damno</strong></span> <span class='ocrx_word' id='word_1_85' title='bbox 906 1390 989 1431; x_wconf 72' lang='lat' dir='ltr'><strong>tonan</strong></span> <span class='ocrx_word' id='word_1_86' title='bbox 1006 1383 1096 1432; x_wconf 81' lang='lat' dir='ltr'><strong>celerer</strong></span> <span class='ocrx_word' id='word_1_87' title='bbox 1111 1384 1241 1444; x_wconf 82' lang='lat' dir='ltr'><strong>reparant</strong></span> <span class='ocrx_word' id='word_1_88' title='bbox 1253 1395 1300 1429; x_wconf 67' lang='lat' dir='ltr'><strong>coe</strong></span> 
     </span>
    </p>
   </div>
   <div class='ocr_carea' id='block_1_4' title="bbox 160 1462 713 3732">
    <p class='ocr_par' dir='ltr' id='par_1_7' title="bbox 160 1462 713 3732">
     <span class='ocr_line' id='line_1_12' title="bbox 160 1462 707 1526; baseline 0 -16"><span class='ocrx_word' id='word_1_89' title='bbox 160 1462 279 1511; x_wconf 65' lang='grc' dir='ltr'>ἀθάνατα</span> <span class='ocrx_word' id='word_1_90' title='bbox 306 1462 352 1510; x_wconf 80' lang='grc' dir='ltr'><strong>τὸν</strong></span> <span class='ocrx_word' id='word_1_91' title='bbox 377 1463 474 1521; x_wconf 67' lang='grc' dir='ltr'>θνητὸν</span> <span class='ocrx_word' id='word_1_92' title='bbox 499 1465 610 1526; x_wconf 82' lang='grc' dir='ltr'>φρονεῖν.</span> <span class='ocrx_word' id='word_1_93' title='bbox 642 1462 707 1511; x_wconf 85' lang='lat' dir='ltr'><strong>Pro·</strong></span> 
     </span>
     <span class='ocr_line' id='line_1_13' title="bbox 160 1542 708 1604; baseline -0.002 -15"><span class='ocrx_word' id='word_1_94' title='bbox 160 1547 222 1604; x_wconf 88' lang='lat' dir='ltr'><strong>pert.</strong></span> <span class='ocrx_word' id='word_1_95' title='bbox 239 1542 276 1590; x_wconf 94' lang='lat' dir='ltr'><strong>II.</strong></span> <span class='ocrx_word' id='word_1_96' title='bbox 296 1543 332 1590; x_wconf 68' lang='lat' dir='ltr'><strong>l‘t</strong></span> <span class='ocrx_word' id='word_1_97' title='bbox 368 1543 411 1590; x_wconf 83' lang='lat' dir='ltr'><strong>Sic</strong></span> <span class='ocrx_word' id='word_1_98' title='bbox 427 1544 508 1600; x_wconf 64' lang='lat' dir='ltr'><strong>noba,</strong></span> <span class='ocrx_word' id='word_1_99' title='bbox 525 1543 569 1604; x_wconf 79' lang='lat' dir='ltr'><strong>oui</strong></span> <span class='ocrx_word' id='word_1_100' title='bbox 580 1556 648 1590; x_wconf 87' lang='lat' dir='ltr'><strong>nune</strong></span> <span class='ocrx_word' id='word_1_101' title='bbox 658 1556 708 1588; x_wconf 87' lang='lat' dir='ltr'><strong>ma·</strong></span> 
     </span>
     <span class='ocr_line' id='line_1_14' title="bbox 160 1621 709 1682; baseline 0.002 -16"><span class='ocrx_word' id='word_1_102' title='bbox 160 1636 236 1681; x_wconf 81' lang='lat' dir='ltr'><strong>pnum</strong></span> <span class='ocrx_word' id='word_1_103' title='bbox 251 1622 379 1682; x_wconf 76' lang='lat' dir='ltr'><strong>spiramus</strong></span> <span class='ocrx_word' id='word_1_104' title='bbox 396 1627 518 1677; x_wconf 81' lang='lat' dir='ltr'><strong>amantes,</strong></span> <span class='ocrx_word' id='word_1_105' title='bbox 537 1622 659 1668; x_wconf 78' lang='lat' dir='ltr'><strong>Forsitan</strong></span> <span class='ocrx_word' id='word_1_106' title='bbox 672 1621 709 1667; x_wconf 81' lang='lat' dir='ltr'><strong>in·</strong></span> 
     </span>
     <span class='ocr_line' id='line_1_15' title="bbox 161 1697 708 1767; baseline -0.002 -22"><span class='ocrx_word' id='word_1_107' title='bbox 161 1701 244 1747; x_wconf 78' lang='lat' dir='ltr'><strong>elrrdet</strong></span> <span class='ocrx_word' id='word_1_108' title='bbox 267 1701 382 1748; x_wconf 64' lang='lat' dir='ltr'><strong>maruno</strong></span> <span class='ocrx_word' id='word_1_109' title='bbox 400 1700 464 1762; x_wconf 84' lang='lat' dir='ltr'><strong>foto</strong></span> <span class='ocrx_word' id='word_1_110' title='bbox 488 1702 548 1748; x_wconf 79' lang='lat' dir='ltr'><strong>dier.</strong></span> <span class='ocrx_word' id='word_1_111' title='bbox 587 1699 637 1747; x_wconf 88' lang='lat' dir='ltr'><strong>Ubi</strong></span> <span class='ocrx_word' id='word_1_112' title='bbox 647 1697 708 1767; x_wconf 48' lang='grc' dir='ltr'><strong>οῆᾱ.</strong></span> 
     </span>
     <span class='ocr_line' id='line_1_16' title="bbox 164 1776 710 1827; baseline -0.002 -3"><span class='ocrx_word' id='word_1_113' title='bbox 164 1778 299 1824; x_wconf 82' lang='lat' dir='ltr'><strong>Burmann.</strong></span> <span class='ocrx_word' id='word_1_114' title='bbox 317 1785 341 1826; x_wconf 88' lang='lat' dir='ltr'><strong>et</strong></span> <span class='ocrx_word' id='word_1_115' title='bbox 358 1778 442 1826; x_wconf 83' lang='lat' dir='ltr'><strong>Heius.</strong></span> <span class='ocrx_word' id='word_1_116' title='bbox 461 1778 492 1825; x_wconf 82' lang='lat' dir='ltr'><strong>arl</strong></span> <span class='ocrx_word' id='word_1_117' title='bbox 509 1776 582 1827; x_wconf 79' lang='lat' dir='ltr'><strong>Oviu</strong></span> <span class='ocrx_word' id='word_1_118' title='bbox 601 1777 634 1825; x_wconf 88' lang='lat' dir='ltr'><strong>V.</strong></span> <span class='ocrx_word' id='word_1_119' title='bbox 657 1777 710 1824; x_wconf 70' lang='lat' dir='ltr'><strong>Mu</strong></span> 
     </span>
     <span class='ocr_line' id='line_1_17' title="bbox 162 1854 710 1905; baseline -0.004 -2"><span class='ocrx_word' id='word_1_120' title='bbox 162 1863 221 1904; x_wconf 89' lang='lat' dir='ltr'><strong>tam.</strong></span> <span class='ocrx_word' id='word_1_121' title='bbox 238 1857 294 1904; x_wconf 77' lang='lat'><strong>348.</strong></span> <span class='ocrx_word' id='word_1_122' title='bbox 321 1863 346 1904; x_wconf 89' lang='lat' dir='ltr'><strong>et</strong></span> <span class='ocrx_word' id='word_1_123' title='bbox 370 1855 484 1905; x_wconf 85' lang='lat' dir='ltr'><strong>Cortinm</strong></span> <span class='ocrx_word' id='word_1_124' title='bbox 507 1857 538 1903; x_wconf 85' lang='lat' dir='ltr'><strong>ad</strong></span> <span class='ocrx_word' id='word_1_125' title='bbox 559 1857 652 1903; x_wconf 89' lang='lat' dir='ltr'><strong>Lucan.</strong></span> <span class='ocrx_word' id='word_1_126' title='bbox 672 1854 710 1902; x_wconf 91' lang='lat' dir='ltr'><strong>II.</strong></span> 
     </span>
     <span class='ocr_line' id='line_1_18' title="bbox 166 1934 711 1996; baseline -0.004 -15"><span class='ocrx_word' id='word_1_127' title='bbox 166 1935 218 1982; x_wconf 85' lang='lat'><strong>138.</strong></span> <span class='ocrx_word' id='word_1_128' title='bbox 236 1935 278 1996; x_wconf 93' lang='lat' dir='ltr'><strong>qui</strong></span> <span class='ocrx_word' id='word_1_129' title='bbox 294 1935 376 1981; x_wconf 88' lang='lat' dir='ltr'><strong>multa</strong></span> <span class='ocrx_word' id='word_1_130' title='bbox 391 1935 466 1981; x_wconf 91' lang='lat' dir='ltr'><strong>huius</strong></span> <span class='ocrx_word' id='word_1_131' title='bbox 483 1934 667 1995; x_wconf 86' lang='lat' dir='ltr'><strong>significationis</strong></span> <span class='ocrx_word' id='word_1_132' title='bbox 687 1940 711 1980; x_wconf 88' lang='lat' dir='ltr'><strong>et</strong></span> 
     </span>
     <span class='ocr_line' id='line_1_19' title="bbox 163 2012 711 2075; baseline -0.002 -15"><span class='ocrx_word' id='word_1_133' title='bbox 163 2020 358 2075; x_wconf 80' lang='lat' dir='ltr'><strong>permutatorum</strong></span> <span class='ocrx_word' id='word_1_134' title='bbox 384 2013 410 2059; x_wconf 92' lang='lat' dir='ltr'><strong>in</strong></span> <span class='ocrx_word' id='word_1_135' title='bbox 435 2013 512 2062; x_wconf 89' lang='lat' dir='ltr'><strong>MSS.</strong></span> <span class='ocrx_word' id='word_1_136' title='bbox 534 2012 711 2060; x_wconf 82' lang='lat' dir='ltr'><strong>vocabulorum</strong></span> 
     </span>
     <span class='ocr_line' id='line_1_20' title="bbox 163 2091 711 2154; baseline 0.002 -15"><span class='ocrx_word' id='word_1_137' title='bbox 163 2092 278 2154; x_wconf 85' lang='lat' dir='ltr'><strong>exempla</strong></span> <span class='ocrx_word' id='word_1_138' title='bbox 294 2093 467 2154; x_wconf 85' lang='lat' dir='ltr'><strong>praebuerunt.</strong></span> <span class='ocrx_word' id='word_1_139' title='bbox 498 2092 572 2140; x_wconf 82' lang='lat' dir='ltr'><strong>nuuc</strong></span> <span class='ocrx_word' id='word_1_140' title='bbox 589 2091 711 2140; x_wconf 87' lang='lat' dir='ltr'><strong>Prudent.</strong></span> 
     </span>
     <span class='ocr_line' id='line_1_21' title="bbox 164 2170 711 2233; baseline 0 -16"><span class='ocrx_word' id='word_1_141' title='bbox 164 2170 199 2218; x_wconf 91' lang='lat' dir='ltr'><strong>Il.</strong></span> <span class='ocrx_word' id='word_1_142' title='bbox 221 2177 307 2218; x_wconf 86' lang='lat' dir='ltr'><strong>contra</strong></span> <span class='ocrx_word' id='word_1_143' title='bbox 328 2171 424 2233; x_wconf 74' lang='lat' dir='ltr'><strong>Symlm</strong></span> <span class='ocrx_word' id='word_1_144' title='bbox 446 2172 502 2222; x_wconf 80' lang='lat'><strong>479.</strong></span> <span class='ocrx_word' id='word_1_145' title='bbox 538 2173 630 2233; x_wconf 79' lang='lat' dir='ltr'><strong>Spirat</strong></span> <span class='ocrx_word' id='word_1_146' title='bbox 645 2173 711 2218; x_wconf 83' lang='lat' dir='ltr'><strong>enim</strong></span> 
     </span>
     <span class='ocr_line' id='line_1_22' title="bbox 164 2249 713 2312; baseline 0.004 -17"><span class='ocrx_word' id='word_1_147' title='bbox 164 2250 261 2297; x_wconf 74' lang='lat' dir='ltr'><strong>rnarora</strong></span> <span class='ocrx_word' id='word_1_148' title='bbox 285 2251 401 2310; x_wconf 74' lang='lat' dir='ltr'><strong>anirum,</strong></span> <span class='ocrx_word' id='word_1_149' title='bbox 433 2266 507 2312; x_wconf 85' lang='lat' dir='ltr'><strong>seque</strong></span> <span class='ocrx_word' id='word_1_150' title='bbox 535 2252 614 2297; x_wconf 81' lang='lat' dir='ltr'><strong>altius</strong></span> <span class='ocrx_word' id='word_1_151' title='bbox 638 2249 713 2311; x_wconf 75' lang='lat' dir='ltr'><strong>effert</strong></span> 
     </span>
     <span class='ocr_line' id='line_1_23' title="bbox 165 2329 711 2392; baseline 0.004 -18"><span class='ocrx_word' id='word_1_152' title='bbox 165 2329 303 2384; x_wconf 79' lang='lat' dir='ltr'><strong>Sideribus,</strong></span> <span class='ocrx_word' id='word_1_153' title='bbox 312 2331 454 2392; x_wconf 76' lang='lat' dir='ltr'><strong>transitque</strong></span> <span class='ocrx_word' id='word_1_154' title='bbox 462 2332 516 2378; x_wconf 78' lang='lat' dir='ltr'><strong>vias</strong></span> <span class='ocrx_word' id='word_1_155' title='bbox 524 2335 548 2376; x_wconf 90' lang='lat' dir='ltr'><strong>et</strong></span> <span class='ocrx_word' id='word_1_156' title='bbox 556 2329 711 2391; x_wconf 80' lang='lat' dir='ltr'><strong>nubilosotr&#39;.</strong></span> 
     </span>
     <span class='ocr_line' id='line_1_24' title="bbox 198 2406 711 2472; baseline -0.004 -17"><span class='ocrx_word' id='word_1_157' title='bbox 198 2411 301 2457; x_wconf 85' lang='lat' dir='ltr'><strong>Almam</strong></span> <span class='ocrx_word' id='word_1_158' title='bbox 317 2424 381 2472; x_wconf 84' lang='lat' dir='ltr'><strong>quae</strong></span> <span class='ocrx_word' id='word_1_159' title='bbox 399 2409 469 2469; x_wconf 79' lang='lat' dir='ltr'><strong>rupit</strong></span> <span class='ocrx_word' id='word_1_160' title='bbox 480 2408 543 2454; x_wconf 79' lang='lat' dir='ltr'><strong>horo</strong></span> <span class='ocrx_word' id='word_1_161' title='bbox 553 2408 625 2454; x_wconf 82' lang='lat' dir='ltr'><strong>diem.</strong></span> <span class='ocrx_word' id='word_1_162' title='bbox 651 2406 711 2454; x_wconf 79' lang='lat' dir='ltr'><strong>Fra-</strong></span> 
     </span>
     <span class='ocr_line' id='line_1_25' title="bbox 165 2485 712 2546; baseline -0.004 -14"><span class='ocrx_word' id='word_1_163' title='bbox 165 2486 220 2534; x_wconf 88' lang='lat' dir='ltr'><strong>nek.</strong></span> <span class='ocrx_word' id='word_1_164' title='bbox 239 2486 296 2535; x_wconf 92' lang='lat' dir='ltr'><strong>MS.</strong></span> <span class='ocrx_word' id='word_1_165' title='bbox 314 2490 411 2542; x_wconf 80' lang='lat' dir='ltr'><strong>album,</strong></span> <span class='ocrx_word' id='word_1_166' title='bbox 428 2486 512 2532; x_wconf 84' lang='lat' dir='ltr'><strong>addita</strong></span> <span class='ocrx_word' id='word_1_167' title='bbox 528 2485 622 2546; x_wconf 78' lang='lat' dir='ltr'><strong>glossa:</strong></span> <span class='ocrx_word' id='word_1_168' title='bbox 643 2485 712 2542; x_wconf 82' lang='lat' dir='ltr'><strong>Quia</strong></span> 
     </span>
     <span class='ocr_line' id='line_1_26' title="bbox 164 2565 711 2627; baseline 0 -17"><span class='ocrx_word' id='word_1_169' title='bbox 164 2580 260 2627; x_wconf 70' lang='lat' dir='ltr'><strong>seraper</strong></span> <span class='ocrx_word' id='word_1_170' title='bbox 289 2568 414 2615; x_wconf 70' lang='lat' dir='ltr'><strong>rraliorem</strong></span> <span class='ocrx_word' id='word_1_171' title='bbox 441 2567 506 2614; x_wconf 77' lang='lat' dir='ltr'><strong>atera</strong></span> <span class='ocrx_word' id='word_1_172' title='bbox 536 2565 711 2614; x_wconf 66' lang='lat' dir='ltr'><strong>constatuimus.</strong></span> 
     </span>
     <span class='ocr_line' id='line_1_27' title="bbox 165 2644 711 2705; baseline 0.004 -17"><span class='ocrx_word' id='word_1_173' title='bbox 165 2644 297 2692; x_wconf 78' lang='lat' dir='ltr'><strong>Meliorem</strong></span> <span class='ocrx_word' id='word_1_174' title='bbox 314 2649 398 2692; x_wconf 83' lang='lat' dir='ltr'><strong>autem</strong></span> <span class='ocrx_word' id='word_1_175' title='bbox 414 2646 477 2693; x_wconf 79' lang='lat' dir='ltr'><strong>dicit</strong></span> <span class='ocrx_word' id='word_1_176' title='bbox 494 2646 571 2703; x_wconf 76' lang='lat' dir='ltr'><strong>client,</strong></span> <span class='ocrx_word' id='word_1_177' title='bbox 587 2645 648 2705; x_wconf 80' lang='lat' dir='ltr'><strong>quia</strong></span> <span class='ocrx_word' id='word_1_178' title='bbox 663 2658 711 2690; x_wconf 82' lang='lat' dir='ltr'><strong>orn·</strong></span> 
     </span>
     <span class='ocr_line' id='line_1_28' title="bbox 164 2724 712 2783; baseline 0.002 -14"><span class='ocrx_word' id='word_1_179' title='bbox 164 2725 204 2770; x_wconf 80' lang='lat' dir='ltr'><strong>uis</strong></span> <span class='ocrx_word' id='word_1_180' title='bbox 220 2724 273 2769; x_wconf 79' lang='lat' dir='ltr'><strong>dies</strong></span> <span class='ocrx_word' id='word_1_181' title='bbox 288 2729 401 2783; x_wconf 78' lang='lat' dir='ltr'><strong>sequente</strong></span> <span class='ocrx_word' id='word_1_182' title='bbox 418 2725 503 2771; x_wconf 79' lang='lat' dir='ltr'><strong>nreltor</strong></span> <span class='ocrx_word' id='word_1_183' title='bbox 520 2727 567 2778; x_wconf 81' lang='lat' dir='ltr'><strong>est,</strong></span> <span class='ocrx_word' id='word_1_184' title='bbox 588 2727 712 2783; x_wconf 74' lang='lat' dir='ltr'><strong>quantuor</strong></span> 
     </span>
     <span class='ocr_line' id='line_1_29' title="bbox 164 2801 712 2862; baseline -0.002 -15"><span class='ocrx_word' id='word_1_185' title='bbox 164 2806 261 2862; x_wconf 83' lang='lat' dir='ltr'><strong>spectat</strong></span> <span class='ocrx_word' id='word_1_186' title='bbox 281 2801 315 2847; x_wconf 83' lang='lat' dir='ltr'><strong>ad</strong></span> <span class='ocrx_word' id='word_1_187' title='bbox 335 2807 442 2849; x_wconf 85' lang='lat' dir='ltr'><strong>aetatem</strong></span> <span class='ocrx_word' id='word_1_188' title='bbox 466 2803 600 2849; x_wconf 72' lang='lat' dir='ltr'><strong>taurinam.</strong></span> <span class='ocrx_word' id='word_1_189' title='bbox 636 2801 712 2848; x_wconf 82' lang='lat' dir='ltr'><strong>Diem</strong></span> 
     </span>
     <span class='ocr_line' id='line_1_30' title="bbox 165 2878 711 2940; baseline 0.002 -16"><span class='ocrx_word' id='word_1_190' title='bbox 165 2878 205 2925; x_wconf 94' lang='lat' dir='ltr'><strong>hic</strong></span> <span class='ocrx_word' id='word_1_191' title='bbox 230 2878 260 2925; x_wconf 82' lang='lat' dir='ltr'><strong>de</strong></span> <span class='ocrx_word' id='word_1_192' title='bbox 285 2879 335 2926; x_wconf 78' lang='lat' dir='ltr'><strong>sole</strong></span> <span class='ocrx_word' id='word_1_193' title='bbox 356 2879 491 2940; x_wconf 81' lang='lat' dir='ltr'><strong>accipiebat</strong></span> <span class='ocrx_word' id='word_1_194' title='bbox 516 2880 653 2927; x_wconf 89' lang='lat' dir='ltr'><strong>Burmann.</strong></span> <span class='ocrx_word' id='word_1_195' title='bbox 680 2880 711 2926; x_wconf 90' lang='lat' dir='ltr'><strong>ad</strong></span> 
     </span>
     <span class='ocr_line' id='line_1_31' title="bbox 165 2956 710 3006; baseline 0.006 -3"><span class='ocrx_word' id='word_1_196' title='bbox 165 2956 252 3005; x_wconf 88' lang='lat' dir='ltr'><strong>Valer.</strong></span> <span class='ocrx_word' id='word_1_197' title='bbox 269 2956 354 3003; x_wconf 86' lang='lat' dir='ltr'><strong>Flacci</strong></span> <span class='ocrx_word' id='word_1_198' title='bbox 370 2957 434 3004; x_wconf 90' lang='lat' dir='ltr'><strong>VII.</strong></span> <span class='ocrx_word' id='word_1_199' title='bbox 451 2958 507 3006; x_wconf 82' lang='lat'><strong>229.</strong></span> <span class='ocrx_word' id='word_1_200' title='bbox 540 2958 625 3004; x_wconf 88' lang='lat' dir='ltr'><strong>Minus</strong></span> <span class='ocrx_word' id='word_1_201' title='bbox 642 2957 710 3006; x_wconf 92' lang='lat' dir='ltr'><strong>hene.</strong></span> 
     </span>
     <span class='ocr_line' id='line_1_32' title="bbox 165 3036 712 3099; baseline 0.002 -16"><span class='ocrx_word' id='word_1_202' title='bbox 165 3036 252 3098; x_wconf 85' lang='lat' dir='ltr'><strong>Neque</strong></span> <span class='ocrx_word' id='word_1_203' title='bbox 273 3036 361 3084; x_wconf 88' lang='lat' dir='ltr'><strong>melius</strong></span> <span class='ocrx_word' id='word_1_204' title='bbox 381 3036 431 3093; x_wconf 92' lang='lat' dir='ltr'><strong>illi,</strong></span> <span class='ocrx_word' id='word_1_205' title='bbox 453 3038 494 3099; x_wconf 92' lang='lat' dir='ltr'><strong>qui</strong></span> <span class='ocrx_word' id='word_1_206' title='bbox 516 3039 601 3084; x_wconf 83' lang='lat' dir='ltr'><strong>horam</strong></span> <span class='ocrx_word' id='word_1_207' title='bbox 621 3036 712 3084; x_wconf 93' lang='lat' dir='ltr'><strong>intelli·</strong></span> 
     </span>
     <span class='ocr_line' id='line_1_33' title="bbox 165 3116 712 3178; baseline 0.004 -16"><span class='ocrx_word' id='word_1_208' title='bbox 165 3123 229 3178; x_wconf 87' lang='lat' dir='ltr'><strong>gunt</strong></span> <span class='ocrx_word' id='word_1_209' title='bbox 236 3117 318 3164; x_wconf 89' lang='lat' dir='ltr'><strong>Deam</strong></span> <span class='ocrx_word' id='word_1_210' title='bbox 325 3116 489 3164; x_wconf 83' lang='lat' dir='ltr'><strong>vicissitudini</strong></span> <span class='ocrx_word' id='word_1_211' title='bbox 497 3123 635 3178; x_wconf 87' lang='lat' dir='ltr'><strong>temporum</strong></span> <span class='ocrx_word' id='word_1_212' title='bbox 644 3130 712 3178; x_wconf 88' lang='lat' dir='ltr'><strong>prae·</strong></span> 
     </span>
     <span class='ocr_line' id='line_1_34' title="bbox 165 3195 713 3258; baseline 0.004 -16"><span class='ocrx_word' id='word_1_213' title='bbox 165 3196 261 3244; x_wconf 75' lang='lat' dir='ltr'><strong>lectam.</strong></span> <span class='ocrx_word' id='word_1_214' title='bbox 284 3196 351 3244; x_wconf 87' lang='lat' dir='ltr'><strong>Nam</strong></span> <span class='ocrx_word' id='word_1_215' title='bbox 362 3211 454 3254; x_wconf 85' lang='lat' dir='ltr'><strong>annus,</strong></span> <span class='ocrx_word' id='word_1_216' title='bbox 472 3196 523 3243; x_wconf 89' lang='lat' dir='ltr'><strong>dies</strong></span> <span class='ocrx_word' id='word_1_217' title='bbox 534 3202 559 3243; x_wconf 91' lang='lat' dir='ltr'><strong>et</strong></span> <span class='ocrx_word' id='word_1_218' title='bbox 570 3195 631 3243; x_wconf 89' lang='lat' dir='ltr'><strong>hora</strong></span> <span class='ocrx_word' id='word_1_219' title='bbox 641 3211 713 3258; x_wconf 80' lang='lat' dir='ltr'><strong>saepe</strong></span> 
     </span>
     <span class='ocr_line' id='line_1_35' title="bbox 165 3275 712 3339; baseline -0.002 -17"><span class='ocrx_word' id='word_1_220' title='bbox 165 3276 200 3323; x_wconf 92' lang='lat' dir='ltr'><strong>ita</strong></span> <span class='ocrx_word' id='word_1_221' title='bbox 216 3276 413 3339; x_wconf 85' lang='lat' dir='ltr'><strong>coniunguntur,</strong></span> <span class='ocrx_word' id='word_1_222' title='bbox 430 3283 457 3322; x_wconf 85' lang='lat' dir='ltr'><strong>ut</strong></span> <span class='ocrx_word' id='word_1_223' title='bbox 474 3275 612 3337; x_wconf 82' lang='lat' dir='ltr'><strong>significent</strong></span> <span class='ocrx_word' id='word_1_224' title='bbox 628 3288 712 3336; x_wconf 75' lang='lat' dir='ltr'><strong>perpe</strong></span> 
     </span>
     <span class='ocr_line' id='line_1_36' title="bbox 165 3355 711 3419; baseline 0.002 -18"><span class='ocrx_word' id='word_1_225' title='bbox 165 3362 238 3402; x_wconf 87' lang='lat' dir='ltr'><strong>tuum</strong></span> <span class='ocrx_word' id='word_1_226' title='bbox 258 3357 373 3419; x_wconf 86' lang='lat' dir='ltr'><strong>temporis</strong></span> <span class='ocrx_word' id='word_1_227' title='bbox 397 3369 446 3403; x_wconf 94' lang='lat' dir='ltr'><strong>non</strong></span> <span class='ocrx_word' id='word_1_228' title='bbox 467 3355 587 3401; x_wconf 86' lang='lat' dir='ltr'><strong>morantis</strong></span> <span class='ocrx_word' id='word_1_229' title='bbox 604 3367 711 3402; x_wconf 89' lang='lat' dir='ltr'><strong>cursum.</strong></span> 
     </span>
     <span class='ocr_line' id='line_1_37' title="bbox 165 3433 712 3494; baseline 0 -12"><span class='ocrx_word' id='word_1_230' title='bbox 165 3433 251 3482; x_wconf 85' lang='lat' dir='ltr'><strong>Cicero</strong></span> <span class='ocrx_word' id='word_1_231' title='bbox 268 3433 365 3483; x_wconf 88' lang='lat' dir='ltr'><strong>Seneot.</strong></span> <span class='ocrx_word' id='word_1_232' title='bbox 386 3435 421 3482; x_wconf 90' lang='grc'><strong>19.</strong></span> <span class='ocrx_word' id='word_1_233' title='bbox 456 3434 545 3481; x_wconf 86' lang='lat' dir='ltr'><strong>Horae</strong></span> <span class='ocrx_word' id='word_1_234' title='bbox 561 3435 660 3494; x_wconf 79' lang='lat' dir='ltr'><strong>quidem</strong></span> <span class='ocrx_word' id='word_1_235' title='bbox 677 3449 712 3482; x_wconf 88' lang='lat' dir='ltr'><strong>ce·</strong></span> 
     </span>
     <span class='ocr_line' id='line_1_38' title="bbox 165 3511 711 3571; baseline -0.002 -11"><span class='ocrx_word' id='word_1_236' title='bbox 165 3516 237 3568; x_wconf 81' lang='lat' dir='ltr'><strong>dunt,</strong></span> <span class='ocrx_word' id='word_1_237' title='bbox 254 3519 278 3561; x_wconf 89' lang='lat' dir='ltr'><strong>et</strong></span> <span class='ocrx_word' id='word_1_238' title='bbox 294 3515 359 3571; x_wconf 70' lang='lat' dir='ltr'><strong>dne,</strong></span> <span class='ocrx_word' id='word_1_239' title='bbox 376 3519 401 3560; x_wconf 89' lang='lat' dir='ltr'><strong>et</strong></span> <span class='ocrx_word' id='word_1_240' title='bbox 417 3527 516 3569; x_wconf 82' lang='lat' dir='ltr'><strong>menses,</strong></span> <span class='ocrx_word' id='word_1_241' title='bbox 532 3517 557 3560; x_wconf 89' lang='lat' dir='ltr'><strong>et</strong></span> <span class='ocrx_word' id='word_1_242' title='bbox 569 3514 639 3559; x_wconf 78' lang='lat' dir='ltr'><strong>renni.</strong></span> <span class='ocrx_word' id='word_1_243' title='bbox 666 3511 711 3561; x_wconf 91' lang='lat' dir='ltr'><strong>Sil.</strong></span> 
     </span>
     <span class='ocr_line' id='line_1_39' title="bbox 165 3591 679 3651; baseline -0.002 -12"><span class='ocrx_word' id='word_1_244' title='bbox 165 3591 224 3639; x_wconf 89' lang='lat' dir='ltr'><strong>Ital.</strong></span> <span class='ocrx_word' id='word_1_245' title='bbox 243 3591 291 3639; x_wconf 90' lang='lat' dir='ltr'><strong>IX.</strong></span> <span class='ocrx_word' id='word_1_246' title='bbox 313 3591 369 3639; x_wconf 78' lang='lat'><strong>549.</strong></span> <span class='ocrx_word' id='word_1_247' title='bbox 409 3592 483 3639; x_wconf 80' lang='lat' dir='ltr'><strong>Venit</strong></span> <span class='ocrx_word' id='word_1_248' title='bbox 499 3593 561 3638; x_wconf 79' lang='lat' dir='ltr'><strong>hora</strong></span> <span class='ocrx_word' id='word_1_249' title='bbox 573 3591 679 3651; x_wconf 69' lang='lat' dir='ltr'><strong>dasque.</strong></span> 
     </span>
     <span class='ocr_line' id='line_1_40' title="bbox 210 3668 712 3732; baseline -0.006 -13"><span class='ocrx_word' id='word_1_250' title='bbox 210 3673 259 3719; x_wconf 82' lang='lat' dir='ltr'><strong>Ver</strong></span> <span class='ocrx_word' id='word_1_251' title='bbox 280 3671 391 3732; x_wconf 82' lang='lat' dir='ltr'><strong>proterit</strong></span> <span class='ocrx_word' id='word_1_252' title='bbox 416 3674 506 3718; x_wconf 81' lang='lat' dir='ltr'><strong>aestas.</strong></span> <span class='ocrx_word' id='word_1_253' title='bbox 546 3668 712 3718; x_wconf 86' lang='lat' dir='ltr'><strong>Scribendum</strong></span> 
     </span>
    </p>
   </div>
   <div class='ocr_carea' id='block_1_5' title="bbox 751 1459 1314 3736">
    <p class='ocr_par' dir='ltr' id='par_1_8' title="bbox 751 1459 1314 3736">
     <span class='ocr_line' id='line_1_41' title="bbox 751 1459 1301 1523; baseline -0.005 -14"><span class='ocrx_word' id='word_1_254' title='bbox 751 1464 824 1510; x_wconf 80' lang='lat' dir='ltr'><strong>tertia</strong></span> <span class='ocrx_word' id='word_1_255' title='bbox 841 1465 922 1511; x_wconf 84' lang='lat' dir='ltr'><strong>tunae.</strong></span> <span class='ocrx_word' id='word_1_256' title='bbox 947 1460 1043 1510; x_wconf 88' lang='lat' dir='ltr'><strong>Dicunt</strong></span> <span class='ocrx_word' id='word_1_257' title='bbox 1059 1461 1224 1523; x_wconf 83' lang='lat' dir='ltr'><strong>interpretes:</strong></span> <span class='ocrx_word' id='word_1_258' title='bbox 1251 1459 1301 1506; x_wconf 83' lang='lat' dir='ltr'><strong>La·</strong></span> 
     </span>
     <span class='ocr_line' id='line_1_42' title="bbox 751 1542 1301 1602; baseline -0.005 -13"><span class='ocrx_word' id='word_1_259' title='bbox 751 1555 798 1589; x_wconf 88' lang='lat' dir='ltr'><strong>nae</strong></span> <span class='ocrx_word' id='word_1_260' title='bbox 814 1542 939 1589; x_wconf 85' lang='lat' dir='ltr'><strong>reducunt</strong></span> <span class='ocrx_word' id='word_1_261' title='bbox 956 1543 1019 1589; x_wconf 84' lang='lat' dir='ltr'><strong>anni</strong></span> <span class='ocrx_word' id='word_1_262' title='bbox 1035 1545 1159 1602; x_wconf 66' lang='lat' dir='ltr'><strong>ternpaea,</strong></span> <span class='ocrx_word' id='word_1_263' title='bbox 1171 1553 1237 1601; x_wconf 82' lang='lat' dir='ltr'><strong>quae</strong></span> <span class='ocrx_word' id='word_1_264' title='bbox 1247 1551 1301 1600; x_wconf 81' lang='lat' dir='ltr'><strong>per·</strong></span> 
     </span>
     <span class='ocr_line' id='line_1_43' title="bbox 751 1617 1303 1680; baseline -0.005 -12"><span class='ocrx_word' id='word_1_265' title='bbox 751 1621 843 1668; x_wconf 82' lang='lat' dir='ltr'><strong>ierant.</strong></span> <span class='ocrx_word' id='word_1_266' title='bbox 878 1619 928 1668; x_wconf 86' lang='lat' dir='ltr'><strong>Sed</strong></span> <span class='ocrx_word' id='word_1_267' title='bbox 949 1625 1003 1667; x_wconf 89' lang='lat' dir='ltr'><strong>tum</strong></span> <span class='ocrx_word' id='word_1_268' title='bbox 1026 1618 1151 1667; x_wconf 82' lang='lat' dir='ltr'><strong>Horatius</strong></span> <span class='ocrx_word' id='word_1_269' title='bbox 1168 1617 1303 1680; x_wconf 77' lang='lat' dir='ltr'><strong>scripsisset</strong></span> 
     </span>
     <span class='ocr_line' id='line_1_44' title="bbox 752 1697 1304 1758; baseline -0.005 -12"><span class='ocrx_word' id='word_1_270' title='bbox 752 1701 886 1748; x_wconf 69' lang='lat' dir='ltr'><strong>terrestria</strong></span> <span class='ocrx_word' id='word_1_271' title='bbox 895 1700 1000 1756; x_wconf 76' lang='grc' dir='ltr'>άοοεοα,</span> <span class='ocrx_word' id='word_1_272' title='bbox 1016 1698 1063 1745; x_wconf 88' lang='lat' dir='ltr'><strong>hoc</strong></span> <span class='ocrx_word' id='word_1_273' title='bbox 1073 1702 1124 1753; x_wconf 88' lang='lat' dir='ltr'><strong>est,</strong></span> <span class='ocrx_word' id='word_1_274' title='bbox 1135 1697 1232 1744; x_wconf 82' lang='lat' dir='ltr'><strong>darnha</strong></span> <span class='ocrx_word' id='word_1_275' title='bbox 1241 1708 1304 1758; x_wconf 80' lang='lat' dir='ltr'><strong>quae</strong></span> 
     </span>
     <span class='ocr_line' id='line_1_45' title="bbox 752 1773 1302 1833; baseline -0.004 -9"><span class='ocrx_word' id='word_1_276' title='bbox 752 1785 819 1825; x_wconf 89' lang='lat' dir='ltr'><strong>terra</strong></span> <span class='ocrx_word' id='word_1_277' title='bbox 835 1777 894 1826; x_wconf 83' lang='lat' dir='ltr'><strong>fert:</strong></span> <span class='ocrx_word' id='word_1_278' title='bbox 911 1792 969 1824; x_wconf 89' lang='lat' dir='ltr'><strong>nam</strong></span> <span class='ocrx_word' id='word_1_279' title='bbox 980 1777 1097 1826; x_wconf 79' lang='lat' dir='ltr'><strong>coelestia</strong></span> <span class='ocrx_word' id='word_1_280' title='bbox 1114 1789 1168 1822; x_wconf 91' lang='lat' dir='ltr'><strong>non</strong></span> <span class='ocrx_word' id='word_1_281' title='bbox 1180 1781 1247 1833; x_wconf 88' lang='lat' dir='ltr'><strong>sunt,</strong></span> <span class='ocrx_word' id='word_1_282' title='bbox 1258 1773 1302 1823; x_wconf 88' lang='lat' dir='ltr'><strong>nisi</strong></span> 
     </span>
     <span class='ocr_line' id='line_1_46' title="bbox 752 1853 1302 1918; baseline -0.004 -16"><span class='ocrx_word' id='word_1_283' title='bbox 752 1871 816 1918; x_wconf 92' lang='lat' dir='ltr'><strong>quae</strong></span> <span class='ocrx_word' id='word_1_284' title='bbox 832 1857 886 1918; x_wconf 88' lang='lat' dir='ltr'><strong>ipsa</strong></span> <span class='ocrx_word' id='word_1_285' title='bbox 902 1856 964 1904; x_wconf 89' lang='lat' dir='ltr'><strong>luna</strong></span> <span class='ocrx_word' id='word_1_286' title='bbox 985 1855 1039 1903; x_wconf 88' lang='lat' dir='ltr'><strong>fert.</strong></span> <span class='ocrx_word' id='word_1_287' title='bbox 1072 1854 1129 1902; x_wconf 89' lang='lat' dir='ltr'><strong>Iam</strong></span> <span class='ocrx_word' id='word_1_288' title='bbox 1149 1853 1213 1902; x_wconf 90' lang='lat' dir='ltr'><strong>luna</strong></span> <span class='ocrx_word' id='word_1_289' title='bbox 1232 1868 1302 1916; x_wconf 86' lang='lat' dir='ltr'><strong>repa·</strong></span> 
     </span>
     <span class='ocr_line' id='line_1_47' title="bbox 753 1931 1303 1992; baseline -0.009 -9"><span class='ocrx_word' id='word_1_290' title='bbox 753 1943 797 1983; x_wconf 88' lang='lat' dir='ltr'><strong>rut</strong></span> <span class='ocrx_word' id='word_1_291' title='bbox 811 1935 985 1992; x_wconf 81' lang='lat' dir='ltr'><strong>damnareris,</strong></span> <span class='ocrx_word' id='word_1_292' title='bbox 1002 1933 1102 1982; x_wconf 85' lang='lat' dir='ltr'><strong>aestatis</strong></span> <span class='ocrx_word' id='word_1_293' title='bbox 1118 1939 1145 1981; x_wconf 92' lang='lat' dir='ltr'><strong>et</strong></span> <span class='ocrx_word' id='word_1_294' title='bbox 1166 1931 1303 1980; x_wconf 86' lang='lat' dir='ltr'><strong>auctumni.</strong></span> 
     </span>
     <span class='ocr_line' id='line_1_48' title="bbox 754 2010 1303 2076; baseline -0.013 -14"><span class='ocrx_word' id='word_1_295' title='bbox 754 2014 808 2062; x_wconf 84' lang='lat' dir='ltr'><strong>Hoc</strong></span> <span class='ocrx_word' id='word_1_296' title='bbox 828 2013 998 2076; x_wconf 85' lang='lat' dir='ltr'><strong>intelligimus.</strong></span> <span class='ocrx_word' id='word_1_297' title='bbox 1034 2010 1084 2061; x_wconf 89' lang='lat' dir='ltr'><strong>Sed</strong></span> <span class='ocrx_word' id='word_1_298' title='bbox 1104 2011 1170 2058; x_wconf 89' lang='lat' dir='ltr'><strong>luna</strong></span> <span class='ocrx_word' id='word_1_299' title='bbox 1198 2015 1303 2070; x_wconf 86' lang='lat' dir='ltr'><strong>reparat</strong></span> 
     </span>
     <span class='ocr_line' id='line_1_49' title="bbox 754 2086 1303 2154; baseline -0.011 -14"><span class='ocrx_word' id='word_1_300' title='bbox 754 2094 847 2140; x_wconf 68' lang='lat' dir='ltr'><strong>dotrina</strong></span> <span class='ocrx_word' id='word_1_301' title='bbox 863 2093 969 2154; x_wconf 77' lang='lat' dir='ltr'><strong>hyemis,</strong></span> <span class='ocrx_word' id='word_1_302' title='bbox 986 2103 1049 2153; x_wconf 87' lang='lat' dir='ltr'><strong>quae</strong></span> <span class='ocrx_word' id='word_1_303' title='bbox 1062 2087 1151 2151; x_wconf 84' lang='lat' dir='ltr'><strong>hyems</strong></span> <span class='ocrx_word' id='word_1_304' title='bbox 1162 2086 1212 2136; x_wconf 86' lang='lat' dir='ltr'><strong>fert</strong></span> <span class='ocrx_word' id='word_1_305' title='bbox 1221 2102 1238 2134; x_wconf 90' lang='lat' dir='ltr'><strong>a</strong></span> <span class='ocrx_word' id='word_1_306' title='bbox 1248 2100 1303 2134; x_wconf 84' lang='lat' dir='ltr'><strong>rere</strong></span> 
     </span>
     <span class='ocr_line' id='line_1_50' title="bbox 753 2166 1303 2233; baseline -0.011 -14"><span class='ocrx_word' id='word_1_307' title='bbox 753 2171 864 2233; x_wconf 84' lang='lat' dir='ltr'><strong>repulsa,</strong></span> <span class='ocrx_word' id='word_1_308' title='bbox 880 2184 931 2218; x_wconf 91' lang='lat' dir='ltr'><strong>non</strong></span> <span class='ocrx_word' id='word_1_309' title='bbox 947 2168 1120 2230; x_wconf 84' lang='lat' dir='ltr'><strong>intelligimus.</strong></span> <span class='ocrx_word' id='word_1_310' title='bbox 1154 2167 1244 2230; x_wconf 85' lang='lat' dir='ltr'><strong>Neque</strong></span> <span class='ocrx_word' id='word_1_311' title='bbox 1255 2166 1303 2214; x_wconf 90' lang='grc' dir='ltr'><strong>Ηο-</strong></span> 
     </span>
     <span class='ocr_line' id='line_1_51' title="bbox 754 2245 1304 2310; baseline -0.002 -14"><span class='ocrx_word' id='word_1_312' title='bbox 754 2249 830 2296; x_wconf 87' lang='lat' dir='ltr'><strong>ratius</strong></span> <span class='ocrx_word' id='word_1_313' title='bbox 847 2250 882 2296; x_wconf 85' lang='lat' dir='ltr'><strong>ita</strong></span> <span class='ocrx_word' id='word_1_314' title='bbox 898 2247 997 2310; x_wconf 85' lang='lat' dir='ltr'><strong>effugiet</strong></span> <span class='ocrx_word' id='word_1_315' title='bbox 1012 2245 1185 2308; x_wconf 85' lang='lat' dir='ltr'><strong>tautologiam.</strong></span> <span class='ocrx_word' id='word_1_316' title='bbox 1216 2247 1304 2295; x_wconf 89' lang='lat' dir='ltr'><strong>Lunae</strong></span> 
     </span>
     <span class='ocr_line' id='line_1_52' title="bbox 754 2319 1314 2388; baseline -0.004 -14"><span class='ocrx_word' id='word_1_317' title='bbox 754 2329 889 2376; x_wconf 89' lang='lat' dir='ltr'><strong>restituunt</strong></span> <span class='ocrx_word' id='word_1_318' title='bbox 904 2327 996 2374; x_wconf 85' lang='lat' dir='ltr'><strong>damna</strong></span> <span class='ocrx_word' id='word_1_319' title='bbox 1012 2325 1086 2373; x_wconf 89' lang='lat' dir='ltr'><strong>variis</strong></span> <span class='ocrx_word' id='word_1_320' title='bbox 1099 2325 1160 2372; x_wconf 91' lang='lat' dir='ltr'><strong>anni</strong></span> <span class='ocrx_word' id='word_1_321' title='bbox 1175 2319 1314 2388; x_wconf 64' lang='lat' dir='ltr'><strong>tempesta-¹</strong></span> 
     </span>
     <span class='ocr_line' id='line_1_53' title="bbox 754 2403 1305 2469; baseline -0.002 -15"><span class='ocrx_word' id='word_1_322' title='bbox 754 2406 832 2465; x_wconf 89' lang='lat' dir='ltr'><strong>tibus,</strong></span> <span class='ocrx_word' id='word_1_323' title='bbox 857 2406 918 2469; x_wconf 89' lang='lat' dir='ltr'><strong>quid</strong></span> <span class='ocrx_word' id='word_1_324' title='bbox 943 2405 1010 2453; x_wconf 88' lang='lat' dir='ltr'><strong>aliud</strong></span> <span class='ocrx_word' id='word_1_325' title='bbox 1031 2410 1081 2461; x_wconf 90' lang='lat' dir='ltr'><strong>est,</strong></span> <span class='ocrx_word' id='word_1_326' title='bbox 1107 2418 1185 2466; x_wconf 85' lang='lat' dir='ltr'><strong>quam</strong></span> <span class='ocrx_word' id='word_1_327' title='bbox 1200 2403 1305 2467; x_wconf 74' lang='lat' dir='ltr'><strong>stipere</strong></span> 
     </span>
     <span class='ocr_line' id='line_1_54' title="bbox 754 2483 1304 2548; baseline -0.007 -14"><span class='ocrx_word' id='word_1_328' title='bbox 754 2489 887 2537; x_wconf 77' lang='lat' dir='ltr'><strong>ntiteseunt</strong></span> <span class='ocrx_word' id='word_1_329' title='bbox 908 2487 1033 2548; x_wconf 80' lang='lat' dir='ltr'><strong>Zephyris</strong></span> <span class='ocrx_word' id='word_1_330' title='bbox 1054 2487 1106 2547; x_wconf 83' lang='lat' dir='ltr'><strong>sq.?</strong></span> <span class='ocrx_word' id='word_1_331' title='bbox 1138 2483 1204 2542; x_wconf 86' lang='lat' dir='ltr'><strong>Ver,</strong></span> <span class='ocrx_word' id='word_1_332' title='bbox 1225 2489 1304 2531; x_wconf 79' lang='lat' dir='ltr'><strong>aestas</strong></span> 
     </span>
     <span class='ocr_line' id='line_1_55' title="bbox 754 2564 1305 2627; baseline -0.002 -14"><span class='ocrx_word' id='word_1_333' title='bbox 754 2572 778 2614; x_wconf 88' lang='lat' dir='ltr'><strong>et</strong></span> <span class='ocrx_word' id='word_1_334' title='bbox 796 2572 957 2626; x_wconf 86' lang='lat' dir='ltr'><strong>auctumnus,</strong></span> <span class='ocrx_word' id='word_1_335' title='bbox 975 2579 1020 2613; x_wconf 89' lang='lat' dir='ltr'><strong>suo</strong></span> <span class='ocrx_word' id='word_1_336' title='bbox 1037 2572 1148 2627; x_wconf 88' lang='lat' dir='ltr'><strong>tempore</strong></span> <span class='ocrx_word' id='word_1_337' title='bbox 1164 2564 1305 2621; x_wconf 86' lang='lat' dir='ltr'><strong>redeuntes,</strong></span> 
     </span>
     <span class='ocr_line' id='line_1_56' title="bbox 753 2644 1306 2708; baseline -0.007 -14"><span class='ocrx_word' id='word_1_338' title='bbox 753 2647 803 2694; x_wconf 91' lang='lat' dir='ltr'><strong>iam</strong></span> <span class='ocrx_word' id='word_1_339' title='bbox 823 2646 891 2708; x_wconf 88' lang='lat' dir='ltr'><strong>ipsae</strong></span> <span class='ocrx_word' id='word_1_340' title='bbox 910 2661 956 2693; x_wconf 89' lang='lat' dir='ltr'><strong>sua</strong></span> <span class='ocrx_word' id='word_1_341' title='bbox 972 2646 1064 2693; x_wconf 86' lang='lat' dir='ltr'><strong>(lamna</strong></span> <span class='ocrx_word' id='word_1_342' title='bbox 1080 2652 1206 2708; x_wconf 90' lang='lat' dir='ltr'><strong>reparant.</strong></span> <span class='ocrx_word' id='word_1_343' title='bbox 1239 2644 1306 2691; x_wconf 90' lang='lat' dir='ltr'><strong>Istae</strong></span> 
     </span>
     <span class='ocr_line' id='line_1_57' title="bbox 754 2722 1306 2784; baseline 0 -13"><span class='ocrx_word' id='word_1_344' title='bbox 754 2723 911 2771; x_wconf 87' lang='lat' dir='ltr'><strong>difficultates</strong></span> <span class='ocrx_word' id='word_1_345' title='bbox 923 2724 1007 2771; x_wconf 87' lang='lat' dir='ltr'><strong>statim</strong></span> <span class='ocrx_word' id='word_1_346' title='bbox 1018 2728 1179 2779; x_wconf 73' lang='lat' dir='ltr'><strong>evanesmnt,</strong></span> <span class='ocrx_word' id='word_1_347' title='bbox 1195 2722 1216 2770; x_wconf 91' lang='lat' dir='ltr'><strong>si</strong></span> <span class='ocrx_word' id='word_1_348' title='bbox 1228 2737 1306 2784; x_wconf 86' lang='lat' dir='ltr'><strong>parra</strong></span> 
     </span>
     <span class='ocr_line' id='line_1_58' title="bbox 753 2801 1306 2864; baseline 0 -14"><span class='ocrx_word' id='word_1_349' title='bbox 753 2802 883 2852; x_wconf 84' lang='lat' dir='ltr'><strong>literarum</strong></span> <span class='ocrx_word' id='word_1_350' title='bbox 894 2803 1032 2851; x_wconf 87' lang='lat' dir='ltr'><strong>mutatione</strong></span> <span class='ocrx_word' id='word_1_351' title='bbox 1043 2801 1182 2864; x_wconf 88' lang='lat' dir='ltr'><strong>scripseris:</strong></span> <span class='ocrx_word' id='word_1_352' title='bbox 1201 2804 1306 2850; x_wconf 87' lang='lat' dir='ltr'><strong>Damna</strong></span> 
     </span>
     <span class='ocr_line' id='line_1_59' title="bbox 754 2882 1304 2944; baseline 0.004 -16"><span class='ocrx_word' id='word_1_353' title='bbox 754 2883 831 2928; x_wconf 83' lang='lat' dir='ltr'><strong>ettam</strong></span> <span class='ocrx_word' id='word_1_354' title='bbox 848 2882 937 2930; x_wconf 81' lang='lat' dir='ltr'><strong>celeres</strong></span> <span class='ocrx_word' id='word_1_355' title='bbox 951 2887 1075 2944; x_wconf 86' lang='lat' dir='ltr'><strong>reparant</strong></span> <span class='ocrx_word' id='word_1_356' title='bbox 1084 2883 1204 2930; x_wconf 79' lang='lat' dir='ltr'><strong>eoelestia</strong></span> <span class='ocrx_word' id='word_1_357' title='bbox 1223 2884 1304 2930; x_wconf 80' lang='lat' dir='ltr'><strong>lunae.</strong></span> 
     </span>
     <span class='ocr_line' id='line_1_60' title="bbox 754 2959 1306 3023; baseline 0.002 -16"><span class='ocrx_word' id='word_1_358' title='bbox 754 2959 811 3019; x_wconf 80' lang='lat' dir='ltr'><strong>Quo</strong></span> <span class='ocrx_word' id='word_1_359' title='bbox 836 2959 900 3006; x_wconf 87' lang='lat' dir='ltr'><strong>facto</strong></span> <span class='ocrx_word' id='word_1_360' title='bbox 925 2959 1048 3008; x_wconf 88' lang='lat' dir='ltr'><strong>sententia</strong></span> <span class='ocrx_word' id='word_1_361' title='bbox 1068 2959 1185 3006; x_wconf 90' lang='lat' dir='ltr'><strong>carminis</strong></span> <span class='ocrx_word' id='word_1_362' title='bbox 1205 2961 1306 3023; x_wconf 88' lang='lat' dir='ltr'><strong>egregio</strong></span> 
     </span>
     <span class='ocr_line' id='line_1_61' title="bbox 753 3039 1305 3103; baseline 0.004 -17"><span class='ocrx_word' id='word_1_363' title='bbox 753 3039 839 3087; x_wconf 90' lang='lat' dir='ltr'><strong>ordine</strong></span> <span class='ocrx_word' id='word_1_364' title='bbox 863 3039 999 3103; x_wconf 89' lang='lat' dir='ltr'><strong>composita</strong></span> <span class='ocrx_word' id='word_1_365' title='bbox 1014 3045 1059 3087; x_wconf 89' lang='lat' dir='ltr'><strong>est.</strong></span> <span class='ocrx_word' id='word_1_366' title='bbox 1093 3039 1151 3087; x_wconf 88' lang='lat' dir='ltr'><strong>“Ne</strong></span> <span class='ocrx_word' id='word_1_367' title='bbox 1167 3041 1244 3103; x_wconf 89' lang='lat' dir='ltr'><strong>spires</strong></span> <span class='ocrx_word' id='word_1_368' title='bbox 1261 3040 1305 3088; x_wconf 91' lang='lat' dir='ltr'><strong>im·</strong></span> 
     </span>
     <span class='ocr_line' id='line_1_62' title="bbox 754 3116 1306 3168; baseline 0.005 -5"><span class='ocrx_word' id='word_1_369' title='bbox 754 3116 877 3165; x_wconf 90' lang='lat' dir='ltr'><strong>mortalia.</strong></span> <span class='ocrx_word' id='word_1_370' title='bbox 910 3116 1044 3165; x_wconf 88' lang='lat' dir='ltr'><strong>Mortalem</strong></span> <span class='ocrx_word' id='word_1_371' title='bbox 1073 3122 1097 3165; x_wconf 88' lang='lat' dir='ltr'><strong>te</strong></span> <span class='ocrx_word' id='word_1_372' title='bbox 1126 3132 1179 3168; x_wconf 87' lang='lat' dir='ltr'><strong>esse</strong></span> <span class='ocrx_word' id='word_1_373' title='bbox 1204 3124 1306 3167; x_wconf 88' lang='lat' dir='ltr'><strong>monent</strong></span> 
     </span>
     <span class='ocr_line' id='line_1_63' title="bbox 754 3195 1306 3256; baseline 0.007 -14"><span class='ocrx_word' id='word_1_374' title='bbox 754 3195 825 3253; x_wconf 90' lang='lat' dir='ltr'><strong>anni,</strong></span> <span class='ocrx_word' id='word_1_375' title='bbox 851 3211 958 3256; x_wconf 86' lang='lat' dir='ltr'><strong>menses,</strong></span> <span class='ocrx_word' id='word_1_376' title='bbox 982 3197 1033 3245; x_wconf 87' lang='lat' dir='ltr'><strong>dies</strong></span> <span class='ocrx_word' id='word_1_377' title='bbox 1055 3203 1080 3245; x_wconf 93' lang='lat' dir='ltr'><strong>et</strong></span> <span class='ocrx_word' id='word_1_378' title='bbox 1100 3198 1176 3246; x_wconf 86' lang='lat' dir='ltr'><strong>horae</strong></span> <span class='ocrx_word' id='word_1_379' title='bbox 1194 3199 1306 3248; x_wconf 88' lang='lat' dir='ltr'><strong>celeriter</strong></span> 
     </span>
     <span class='ocr_line' id='line_1_64' title="bbox 753 3274 1306 3338; baseline 0.005 -16"><span class='ocrx_word' id='word_1_380' title='bbox 753 3281 946 3336; x_wconf 83' lang='lat' dir='ltr'><strong>praetereuntes.</strong></span> <span class='ocrx_word' id='word_1_381' title='bbox 974 3274 1038 3323; x_wconf 88' lang='lat' dir='ltr'><strong>Vita</strong></span> <span class='ocrx_word' id='word_1_382' title='bbox 1053 3277 1161 3338; x_wconf 86' lang='lat' dir='ltr'><strong>quotidie</strong></span> <span class='ocrx_word' id='word_1_383' title='bbox 1178 3278 1306 3336; x_wconf 85' lang='lat' dir='ltr'><strong>minuitur,</strong></span> 
     </span>
     <span class='ocr_line' id='line_1_65' title="bbox 754 3355 1305 3419; baseline 0.009 -18"><span class='ocrx_word' id='word_1_384' title='bbox 754 3360 789 3412; x_wconf 86' lang='lat' dir='ltr'><strong>et,</strong></span> <span class='ocrx_word' id='word_1_385' title='bbox 807 3355 873 3417; x_wconf 84' lang='lat' dir='ltr'><strong>quod</strong></span> <span class='ocrx_word' id='word_1_386' title='bbox 890 3356 1010 3402; x_wconf 87' lang='lat' dir='ltr'><strong>amissum</strong></span> <span class='ocrx_word' id='word_1_387' title='bbox 1027 3361 1076 3413; x_wconf 86' lang='lat' dir='ltr'><strong>est,</strong></span> <span class='ocrx_word' id='word_1_388' title='bbox 1098 3370 1231 3419; x_wconf 88' lang='lat' dir='ltr'><strong>nunquam</strong></span> <span class='ocrx_word' id='word_1_389' title='bbox 1246 3356 1305 3406; x_wconf 85' lang='lat' dir='ltr'><strong>reci·</strong></span> 
     </span>
     <span class='ocr_line' id='line_1_66' title="bbox 754 3433 1307 3500; baseline 0.009 -19"><span class='ocrx_word' id='word_1_390' title='bbox 754 3433 812 3495; x_wconf 87' lang='lat' dir='ltr'><strong>pies.</strong></span> <span class='ocrx_word' id='word_1_391' title='bbox 846 3434 940 3483; x_wconf 86' lang='lat' dir='ltr'><strong>Variae</strong></span> <span class='ocrx_word' id='word_1_392' title='bbox 957 3435 1017 3482; x_wconf 89' lang='lat' dir='ltr'><strong>anni</strong></span> <span class='ocrx_word' id='word_1_393' title='bbox 1033 3442 1194 3498; x_wconf 82' lang='lat' dir='ltr'><strong>tempestates</strong></span> <span class='ocrx_word' id='word_1_394' title='bbox 1211 3450 1307 3500; x_wconf 88' lang='lat' dir='ltr'><strong>semper</strong></span> 
     </span>
     <span class='ocr_line' id='line_1_67' title="bbox 754 3513 1306 3566; baseline 0.009 -7"><span class='ocrx_word' id='word_1_395' title='bbox 754 3513 866 3561; x_wconf 88' lang='lat' dir='ltr'><strong>redeunt.</strong></span> <span class='ocrx_word' id='word_1_396' title='bbox 901 3515 976 3562; x_wconf 89' lang='lat' dir='ltr'><strong>Luna</strong></span> <span class='ocrx_word' id='word_1_397' title='bbox 995 3513 1072 3562; x_wconf 89' lang='lat' dir='ltr'><strong>etiam</strong></span> <span class='ocrx_word' id='word_1_398' title='bbox 1088 3515 1179 3563; x_wconf 84' lang='lat' dir='ltr'><strong>occidit</strong></span> <span class='ocrx_word' id='word_1_399' title='bbox 1195 3523 1220 3564; x_wconf 91' lang='lat' dir='ltr'><strong>et</strong></span> <span class='ocrx_word' id='word_1_400' title='bbox 1237 3517 1306 3566; x_wconf 82' lang='lat' dir='ltr'><strong>redit</strong></span> 
     </span>
     <span class='ocr_line' id='line_1_68' title="bbox 753 3592 1308 3657; baseline 0.007 -17"><span class='ocrx_word' id='word_1_401' title='bbox 753 3592 834 3640; x_wconf 87' lang='lat' dir='ltr'><strong>Nobis</strong></span> <span class='ocrx_word' id='word_1_402' title='bbox 844 3592 922 3641; x_wconf 89' lang='lat' dir='ltr'><strong>semel</strong></span> <span class='ocrx_word' id='word_1_403' title='bbox 932 3593 1044 3651; x_wconf 88' lang='lat' dir='ltr'><strong>mortuis,</strong></span> <span class='ocrx_word' id='word_1_404' title='bbox 1052 3594 1133 3641; x_wconf 89' lang='lat' dir='ltr'><strong>omnis</strong></span> <span class='ocrx_word' id='word_1_405' title='bbox 1144 3607 1199 3657; x_wconf 87' lang='lat' dir='ltr'><strong>spes</strong></span> <span class='ocrx_word' id='word_1_406' title='bbox 1209 3595 1308 3644; x_wconf 66' lang='lat' dir='ltr'><strong>merula</strong></span> 
     </span>
     <span class='ocr_line' id='line_1_69' title="bbox 754 3671 1307 3736; baseline 0.005 -17"><span class='ocrx_word' id='word_1_407' title='bbox 754 3672 815 3719; x_wconf 82' lang='lat' dir='ltr'><strong>est.&#39;&#39;</strong></span> <span class='ocrx_word' id='word_1_408' title='bbox 844 3671 944 3721; x_wconf 87' lang='lat' dir='ltr'><strong>Similes</strong></span> <span class='ocrx_word' id='word_1_409' title='bbox 960 3673 1156 3736; x_wconf 83' lang='lat' dir='ltr'><strong>comparationes</strong></span> <span class='ocrx_word' id='word_1_410' title='bbox 1172 3680 1234 3722; x_wconf 87' lang='lat' dir='ltr'><strong>sunt</strong></span> <span class='ocrx_word' id='word_1_411' title='bbox 1242 3675 1307 3736; x_wconf 84' lang='lat' dir='ltr'><strong>apud</strong></span> 
     </span>
    </p>
   </div>
   <div class='ocr_carea' id='block_1_6' title="bbox 164 3748 1307 4371">
    <p class='ocr_par' dir='ltr' id='par_1_9' title="bbox 164 3748 1307 4371">
     <span class='ocr_line' id='line_1_70' title="bbox 165 3748 1307 3814; baseline 0.003 -15"><span class='ocrx_word' id='word_1_412' title='bbox 165 3750 290 3799; x_wconf 85' lang='lat' dir='ltr'><strong>existimo:</strong></span> <span class='ocrx_word' id='word_1_413' title='bbox 316 3752 366 3797; x_wconf 84' lang='lat' dir='ltr'><strong>Ver</strong></span> <span class='ocrx_word' id='word_1_414' title='bbox 383 3754 497 3811; x_wconf 86' lang='lat' dir='ltr'><strong>proteret</strong></span> <span class='ocrx_word' id='word_1_415' title='bbox 516 3754 603 3796; x_wconf 82' lang='lat' dir='ltr'><strong>aestas.</strong></span> <span class='ocrx_word' id='word_1_416' title='bbox 637 3748 713 3796; x_wconf 83' lang='lat' dir='ltr'><strong>Nunc</strong></span> <span class='ocrx_word' id='word_1_417' title='bbox 754 3751 888 3799; x_wconf 88' lang='lat' dir='ltr'><strong>Moschum</strong></span> <span class='ocrx_word' id='word_1_418' title='bbox 904 3751 1019 3814; x_wconf 82' lang='lat' dir='ltr'><strong>Epitaph.</strong></span> <span class='ocrx_word' id='word_1_419' title='bbox 1037 3752 1123 3801; x_wconf 90' lang='lat' dir='ltr'><strong>Bionis</strong></span> <span class='ocrx_word' id='word_1_420' title='bbox 1139 3767 1175 3801; x_wconf 84' lang='lat' dir='ltr'><strong>ve.</strong></span> <span class='ocrx_word' id='word_1_421' title='bbox 1191 3754 1246 3802; x_wconf 78' lang='lat' dir='ltr'><strong>los.</strong></span> <span class='ocrx_word' id='word_1_422' title='bbox 1264 3754 1307 3802; x_wconf 82' lang='lat' dir='ltr'><strong>rai</strong></span> 
     </span>
     <span class='ocr_line' id='line_1_71' title="bbox 166 3818 1306 3895; baseline 0.004 -18"><span class='ocrx_word' id='word_1_423' title='bbox 166 3844 209 3878; x_wconf 89' lang='lat' dir='ltr'><strong>ver</strong></span> <span class='ocrx_word' id='word_1_424' title='bbox 225 3837 273 3888; x_wconf 90' lang='lat' dir='ltr'><strong>est,</strong></span> <span class='ocrx_word' id='word_1_425' title='bbox 300 3829 391 3891; x_wconf 85' lang='lat' dir='ltr'><strong>frigora</strong></span> <span class='ocrx_word' id='word_1_426' title='bbox 411 3841 479 3877; x_wconf 93' lang='lat' dir='ltr'><strong>nunc</strong></span> <span class='ocrx_word' id='word_1_427' title='bbox 499 3827 621 3890; x_wconf 85' lang='lat' dir='ltr'><strong>Zephyris</strong></span> <span class='ocrx_word' id='word_1_428' title='bbox 642 3828 712 3875; x_wconf 86' lang='lat' dir='ltr'><strong>mite·</strong></span> <span class='ocrx_word' id='word_1_429' title='bbox 752 3829 867 3893; x_wconf 83' lang='grc' dir='ltr'>μαλάχαι</span> <span class='ocrx_word' id='word_1_430' title='bbox 882 3833 943 3895; x_wconf 79' lang='grc' dir='ltr'>μὲν,</span> <span class='ocrx_word' id='word_1_431' title='bbox 961 3832 1029 3880; x_wconf 81' lang='grc' dir='ltr'>ἐπὰν</span> <span class='ocrx_word' id='word_1_432' title='bbox 1042 3834 1107 3882; x_wconf 77' lang='lat' dir='ltr'><strong>sarh</strong></span> <span class='ocrx_word' id='word_1_433' title='bbox 1123 3835 1211 3883; x_wconf 84' lang='grc' dir='ltr'>κᾶπον</span> <span class='ocrx_word' id='word_1_434' title='bbox 1224 3818 1306 3882; x_wconf 64' lang='grc' dir='ltr'>ὄλοιν-</span> 
     </span>
     <span class='ocr_line' id='line_1_72' title="bbox 164 3897 1306 3974; baseline 0.004 -18"><span class='ocrx_word' id='word_1_435' title='bbox 164 3916 244 3958; x_wconf 84' lang='lat' dir='ltr'><strong>scunt.</strong></span> <span class='ocrx_word' id='word_1_436' title='bbox 280 3909 328 3958; x_wconf 87' lang='lat' dir='ltr'><strong>Sed</strong></span> <span class='ocrx_word' id='word_1_437' title='bbox 348 3922 392 3955; x_wconf 88' lang='lat' dir='ltr'><strong>ver</strong></span> <span class='ocrx_word' id='word_1_438' title='bbox 404 3906 494 3964; x_wconf 84' lang='lat' dir='ltr'><strong>abibit,</strong></span> <span class='ocrx_word' id='word_1_439' title='bbox 509 3906 540 3954; x_wconf 93' lang='lat' dir='ltr'><strong>ab</strong></span> <span class='ocrx_word' id='word_1_440' title='bbox 553 3912 645 3955; x_wconf 87' lang='lat' dir='ltr'><strong>aestate</strong></span> <span class='ocrx_word' id='word_1_441' title='bbox 656 3920 712 3969; x_wconf 91' lang='lat' dir='ltr'><strong>pro·</strong></span> <span class='ocrx_word' id='word_1_442' title='bbox 755 3927 810 3964; x_wconf 78' lang='lat' dir='ltr'><strong>rar,</strong></span> <span class='ocrx_word' id='word_1_443' title='bbox 823 3906 946 3974; x_wconf 79' lang='grc' dir='ltr'>Ὕστερον</span> <span class='ocrx_word' id='word_1_444' title='bbox 963 3912 994 3959; x_wconf 83' lang='grc' dir='ltr'><strong>αὖ</strong></span> <span class='ocrx_word' id='word_1_445' title='bbox 1012 3897 1180 3973; x_wconf 46' lang='lat' dir='ltr'><strong>Kormestai</strong></span> <span class='ocrx_word' id='word_1_446' title='bbox 1198 3910 1234 3969; x_wconf 78' lang='grc' dir='ltr'><strong>εἰς</strong></span> <span class='ocrx_word' id='word_1_447' title='bbox 1251 3912 1306 3970; x_wconf 76' lang='grc' dir='ltr'>ἔτος</span> 
     </span>
     <span class='ocr_line' id='line_1_73' title="bbox 165 3984 1306 4054; baseline 0.005 -20"><span class='ocrx_word' id='word_1_448' title='bbox 165 3989 260 4036; x_wconf 89' lang='lat' dir='ltr'><strong>tritum.</strong></span> <span class='ocrx_word' id='word_1_449' title='bbox 295 3989 386 4037; x_wconf 87' lang='lat' dir='ltr'><strong>Aestas</strong></span> <span class='ocrx_word' id='word_1_450' title='bbox 405 3987 465 4034; x_wconf 90' lang='lat' dir='ltr'><strong>item</strong></span> <span class='ocrx_word' id='word_1_451' title='bbox 481 3985 598 4034; x_wconf 87' lang='lat' dir='ltr'><strong>interibit.</strong></span> <span class='ocrx_word' id='word_1_452' title='bbox 622 3984 714 4033; x_wconf 86' lang='lat' dir='ltr'><strong>Postea</strong></span> <span class='ocrx_word' id='word_1_453' title='bbox 754 3989 818 4037; x_wconf 81' lang='grc' dir='ltr'>ἄλλο</span> <span class='ocrx_word' id='word_1_454' title='bbox 844 3987 942 4052; x_wconf 73' lang='grc' dir='ltr'>φύοντο·</span> <span class='ocrx_word' id='word_1_455' title='bbox 980 3988 1073 4054; x_wconf 61' lang='lat' dir='ltr'><strong>&#39;Appen</strong></span> <span class='ocrx_word' id='word_1_456' title='bbox 1099 3989 1119 4039; x_wconf 82' lang='grc' dir='ltr'><strong>δ’</strong></span> <span class='ocrx_word' id='word_1_457' title='bbox 1147 4017 1178 4027; x_wconf 89' lang='grc'>-</span> <span class='ocrx_word' id='word_1_458' title='bbox 1206 3991 1306 4040; x_wconf 79' lang='grc' dir='ltr'>ὁππότε</span> 
     </span>
     <span class='ocr_line' id='line_1_74' title="bbox 166 4065 1306 4136; baseline 0.004 -21"><span class='ocrx_word' id='word_1_459' title='bbox 166 4076 275 4119; x_wconf 88' lang='lat' dir='ltr'><strong>recurret</strong></span> <span class='ocrx_word' id='word_1_460' title='bbox 292 4070 391 4132; x_wconf 80' lang='lat' dir='ltr'><strong>hyems,</strong></span> <span class='ocrx_word' id='word_1_461' title='bbox 409 4081 474 4130; x_wconf 88' lang='lat' dir='ltr'><strong>quae</strong></span> <span class='ocrx_word' id='word_1_462' title='bbox 489 4080 556 4113; x_wconf 89' lang='lat' dir='ltr'><strong>nunc</strong></span> <span class='ocrx_word' id='word_1_463' title='bbox 572 4065 638 4115; x_wconf 91' lang='lat' dir='ltr'><strong>abiit.</strong></span> <span class='ocrx_word' id='word_1_464' title='bbox 664 4067 713 4115; x_wconf 84' lang='lat' dir='ltr'><strong>Re·</strong></span> <span class='ocrx_word' id='word_1_465' title='bbox 755 4073 844 4133; x_wconf 84' lang='grc' dir='ltr'>πρῶτα</span> <span class='ocrx_word' id='word_1_466' title='bbox 865 4068 982 4133; x_wconf 65' lang='lat' dir='ltr'><strong>&amp;tropeo</strong></span> <span class='ocrx_word' id='word_1_467' title='bbox 1003 4096 1035 4105; x_wconf 99' lang='lat'><em>-</em></span> <span class='ocrx_word' id='word_1_468' title='bbox 1056 4069 1156 4133; x_wconf 72' lang='grc' dir='ltr'>εὕδομες</span> <span class='ocrx_word' id='word_1_469' title='bbox 1177 4070 1306 4136; x_wconf 76' lang='grc' dir='ltr'>ἀτέρμονα</span> 
     </span>
     <span class='ocr_line' id='line_1_75' title="bbox 164 4145 1305 4207; baseline 0.004 -11"><span class='ocrx_word' id='word_1_470' title='bbox 164 4149 283 4196; x_wconf 86' lang='lat' dir='ltr'><strong>curretin</strong></span> <span class='ocrx_word' id='word_1_471' title='bbox 291 4147 368 4197; x_wconf 89' lang='lat' dir='ltr'><strong>MSS.</strong></span> <span class='ocrx_word' id='word_1_472' title='bbox 377 4145 502 4195; x_wconf 91' lang='lat' dir='ltr'><strong>nonnullis</strong></span> <span class='ocrx_word' id='word_1_473' title='bbox 512 4146 611 4207; x_wconf 81' lang='lat' dir='ltr'><strong>legitur.</strong></span> <span class='ocrx_word' id='word_1_474' title='bbox 625 4148 713 4195; x_wconf 82' lang='lat' dir='ltr'><strong>Prote·</strong></span> <span class='ocrx_word' id='word_1_475' title='bbox 754 4148 848 4197; x_wconf 76' lang='grc' dir='ltr'>ὕπνον.</span> <span class='ocrx_word' id='word_1_476' title='bbox 883 4148 977 4199; x_wconf 84' lang='lat' dir='ltr'><strong>Catuli.</strong></span> <span class='ocrx_word' id='word_1_477' title='bbox 995 4149 1080 4200; x_wconf 75' lang='lat' dir='ltr'><strong>carm.</strong></span> <span class='ocrx_word' id='word_1_478' title='bbox 1091 4150 1125 4199; x_wconf 89' lang='lat' dir='ltr'><strong>V.</strong></span> <span class='ocrx_word' id='word_1_479' title='bbox 1162 4152 1305 4201; x_wconf 82' lang='lat' dir='ltr'><strong>Soleaocci·</strong></span> 
     </span>
     <span class='ocr_line' id='line_1_76' title="bbox 167 4224 1306 4291; baseline 0.006 -19"><span class='ocrx_word' id='word_1_480' title='bbox 167 4230 203 4274; x_wconf 79' lang='lat' dir='ltr'><strong>rit</strong></span> <span class='ocrx_word' id='word_1_481' title='bbox 219 4228 304 4276; x_wconf 74' lang='lat' dir='ltr'><strong>cariem</strong></span> <span class='ocrx_word' id='word_1_482' title='bbox 320 4226 420 4275; x_wconf 91' lang='lat' dir='ltr'><strong>notione</strong></span> <span class='ocrx_word' id='word_1_483' title='bbox 438 4224 712 4288; x_wconf 65' lang='lat' dir='ltr'><strong>spernentium.</strong></span> <span class='ocrx_word' id='word_1_484' title='bbox 755 4230 813 4276; x_wconf 76' lang='lat' dir='ltr'><strong>dere</strong></span> <span class='ocrx_word' id='word_1_485' title='bbox 836 4234 861 4276; x_wconf 85' lang='lat' dir='ltr'><strong>et</strong></span> <span class='ocrx_word' id='word_1_486' title='bbox 885 4230 969 4278; x_wconf 83' lang='lat' dir='ltr'><strong>redire</strong></span> <span class='ocrx_word' id='word_1_487' title='bbox 989 4235 1105 4291; x_wconf 63' lang='lat' dir='ltr'><strong>merant.</strong></span> <span class='ocrx_word' id='word_1_488' title='bbox 1143 4231 1226 4278; x_wconf 76' lang='lat' dir='ltr'><strong>Nobis</strong></span> <span class='ocrx_word' id='word_1_489' title='bbox 1250 4245 1306 4279; x_wconf 87' lang='lat' dir='ltr'><strong>cam</strong></span> 
     </span>
     <span class='ocr_line' id='line_1_77' title="bbox 168 4305 1306 4371; baseline 0.005 -19"><span class='ocrx_word' id='word_1_490' title='bbox 168 4309 314 4354; x_wconf 79' lang='lat' dir='ltr'><strong>Posteriora</strong></span> <span class='ocrx_word' id='word_1_491' title='bbox 328 4307 420 4367; x_wconf 81' lang='lat' dir='ltr'><strong>pedum</strong></span> <span class='ocrx_word' id='word_1_492' title='bbox 439 4305 586 4365; x_wconf 78' lang='lat' dir='ltr'><strong>Cynosurae</strong></span> <span class='ocrx_word' id='word_1_493' title='bbox 604 4308 714 4367; x_wconf 82' lang='lat' dir='ltr'><strong>proterit</strong></span> <span class='ocrx_word' id='word_1_494' title='bbox 755 4308 828 4356; x_wconf 74' lang='lat' dir='ltr'><strong>arnul</strong></span> <span class='ocrx_word' id='word_1_495' title='bbox 844 4309 935 4356; x_wconf 77' lang='lat' dir='ltr'><strong>oceidit</strong></span> <span class='ocrx_word' id='word_1_496' title='bbox 951 4309 1032 4356; x_wconf 61' lang='lat' dir='ltr'><strong>Meris</strong></span> <span class='ocrx_word' id='word_1_497' title='bbox 1048 4309 1106 4365; x_wconf 79' lang='lat' dir='ltr'><strong>lan,</strong></span> <span class='ocrx_word' id='word_1_498' title='bbox 1126 4310 1185 4356; x_wconf 81' lang='lat' dir='ltr'><strong>Noa</strong></span> <span class='ocrx_word' id='word_1_499' title='bbox 1201 4314 1239 4358; x_wconf 84' lang='lat' dir='ltr'><strong>est</strong></span> <span class='ocrx_word' id='word_1_500' title='bbox 1249 4324 1306 4371; x_wconf 82' lang='lat' dir='ltr'><strong>per-</strong></span> 
     </span>
    </p>
   </div>
   <div class='ocr_carea' id='block_1_7' title="bbox 0 0 1472 5220">
    <p class='ocr_par' dir='ltr' id='par_1_10' title="bbox 0 0 1472 5220">
     <span class='ocr_line' id='line_1_78' title="bbox 0 0 1472 5220; baseline 0 0"><span class='ocrx_word' id='word_1_501' title='bbox 0 0 1472 5220; x_wconf 95' lang='lat' dir='ltr'><strong> </strong></span> 
     </span>
    </p>
   </div>
  </div>
 </body>
</html>
