2916 5220
582 343 604 404 li
628 344 653 405 Ρ
677 343 705 403 0
731 343 759 404 D
783 344 813 403 (l
838 342 869 405 N

343 532 479 598 Sacrum
503 531 644 595 uetustis
670 536 819 595 exstruat
840 528 944 614 lignis
968 528 1101 609 focum,

386 635 479 699 Lassi
509 634 570 699 sub
594 633 775 698 adventum
798 632 881 714 viri,

341 738 570 823 Olaudensque
594 736 695 801 textis
725 736 870 802 cratibus
894 735 1019 800 laetum
1043 755 1145 820 pecus

386 841 542 906 Distenta
566 840 666 905 siccet
688 839 807 920 ubera,

343 945 389 1009 Et
411 944 514 1008 horna
537 943 626 1008 dulci
649 943 728 1007 vina
751 963 904 1026 promens
927 940 1017 1006 dolio

388 1047 497 1132 Dapes
522 1046 663 1112 inemtas
687 1049 839 1129 apparet3

343 1150 418 1215 Non
442 1171 495 1213 me
519 1149 663 1214 Lucrina
687 1148 830 1213 iuverint
853 1146 1043 1230 conchylia,

388 1252 537 1338 Magisve
560 1252 716 1316 rhombus
740 1256 797 1316 aut
824 1250 925 1332 scari,

345 1357 383 1421 Si
404 1378 479 1441 quos
507 1358 588 1420 Eois
612 1360 756 1420 intonato
765 1353 920 1438 fluctibus

389 1462 502 1525 Hiems
525 1460 571 1524 erl
590 1460 646 1524 hoc
668 1468 770 1524 uetat
792 1480 897 1524 mure:

343 1563 418 1627 Non
442 1562 524 1627 Afra
546 1562 617 1627 avis
642 1562 820 1627 descendat
843 1561 878 1625 in
902 1567 1052 1627 ventrem
1076 1582 1207 1643 meum,

388 1665 463 1729 Non
488 1670 622 1751 attagen
648 1665 780 1729 lonicus

346 1768 539 1851 Iucundior,
564 1791 663 1854 qnam
687 1768 773 1833 lecta
796 1768 836 1832 de
858 1765 1091 1851 pinguissimis

390 1872 487 1938 Oliva
510 1874 611 1938 ramis
636 1874 807 1956 arborum,

344 1975 413 2039 Aut
436 1974 536 2039 herba
557 1975 684 2059 lapathi
706 1980 802 2059 prata
825 1973 968 2039 amantis
997 1978 1032 2038 et
1053 1972 1149 2058 gravi

390 2078 519 2142 Malvae
542 2077 688 2143 salubres
712 2077 856 2163 corpori,

344 2181 407 2246 Vel
430 2203 516 2267 agna
539 2180 633 2245 festis
659 2203 753 2246 caesa
775 2181 1035 2262 Terminalibus,

389 2285 452 2349 Vel
475 2285 598 2349 hoedus
623 2290 753 2369 ereptus
777 2284 865 2369 lupo,

346 2388 418 2453 Has
442 2387 528 2452 inter
551 2387 665 2472 epulas
690 2392 728 2451 ut
751 2385 844 2452 iuvat
866 2391 979 2472 pastas
1004 2408 1081 2451 oves

165 2591 242 2638 iacet.
266 2589 317 2638 Vel
334 2588 374 2637 hic
395 2589 529 2650 legendum
545 2590 650 2649 iuvuns,
671 2587 711 2635 vel
752 2588 864 2649 pretium
880 2588 1120 2651 praeceperimus.
1151 2588 1263 2652 Magnae
1273 2586 1299 2635 il-

166 2668 191 2714 in
216 2668 377 2730 sequent-ibus
409 2671 517 2718 Sacrum
543 2674 569 2716 et
597 2668 712 2723 vetustis,
755 2667 795 2716 lae
813 2672 981 2729 tempestates,
1002 2681 1066 2729 quae
1088 2666 1213 2728 cogebant
1228 2668 1300 2730 pisces

166 2748 232 2809 quod
249 2745 326 2810 Cruq.
344 2762 365 2796 e.
383 2747 460 2797 MSS.
478 2748 584 2797 volebat.
755 2747 782 2793 in
799 2746 906 2795 alienam
923 2746 1006 2794 sedem
1024 2746 1103 2803 abire,
1128 2753 1203 2794 erant
1222 2759 1299 2801 mse,

199 2827 333 2873 Exstruet
349 2828 526 2888 lipnisjbcum.
544 2827 713 2888 Hieronymus
757 2826 817 2873 adeo
850 2832 878 2873 ut
913 2826 939 2873 in
973 2824 1076 2873 historia
1115 2830 1300 2872 annotarentur.

167 2903 246 2964 Epist.
265 2905 304 2951 55.
327 2905 410 2966 Lipna
427 2906 555 2960 concides,
566 2904 656 2967 fecum
673 2921 713 2953 ex·
757 2903 840 2954 Schol.
866 2903 979 2952 Iuvenal.
997 2904 1046 2952 IV.
1064 2905 1086 2952 4.
1114 2904 1225 2952 servarit
1240 2903 1300 2964 frag·

166 2989 258 3030 strues.
756 2991 870 3032 mentum
888 2984 1016 3034 sallustii:
1043 2987 1138 3046 Itaque
1159 2988 1301 3046 tempestate

202 3063 284 3110 Seeri.
310 3059 368 3110 Ms.
383 3063 460 3110 scari.
470 3061 586 3110 Enniana
598 3063 714 3120 Siarum,
756 3064 794 3110 cis
812 3065 922 3124 piscium
948 3066 1032 3111 Ponte
1056 3064 1152 3124 erupit.
1189 3063 1301 3111 Heinsius

167 3143 295 3189 cerebram
318 3141 375 3188 Ioui
407 3156 486 3202 poene
518 3143 630 3204 supremi
657 3141 714 3189 illu·
756 3141 855 3189 volebat
873 3147 965 3190 cerret.
991 3143 1026 3190 nt
1042 3142 1134 3190 centies
1147 3141 1193 3189 illa
1204 3157 1300 3204 permu-

167 3221 255 3267 stravit
270 3220 408 3268 Burmann.
427 3221 459 3267 ad
476 3219 608 3268 Emendat.
617 3219 714 3268 Valesii
757 3226 854 3268 tantur:
885 3221 942 3268 vide
966 3236 990 3269 v.
1016 3235 1037 3269 c.
1059 3221 1091 3267 ad
1114 3220 1208 3270 Silium
1231 3221 1301 3270 XIV.

168 3314 225 3361 pag.
243 3301 283 3348 25.
301 3305 326 3346 et
342 3299 368 3346 in
380 3299 510 3347 Addeudis
523 3314 579 3362 pag.
588 3299 645 3346 221.
663 3300 715 3347 En·
756 3300 813 3348 262.
840 3300 890 3349 Sed
907 3301 995 3349 merito
1012 3300 1127 3364 repudiat
1143 3301 1280 3349 Bentleius.

168 3376 225 3424 nius
242 3379 349 3441 primam
367 3379 493 3441 produxit.
794 3381 840 3427 Vei
861 3382 952 3428 hoedus
969 3386 1071 3442 ereptus
1092 3382 1160 3442 lupe.
1195 3379 1304 3428 Pulchre

203 3456 233 3504 Si
258 3473 319 3518 quos
345 3460 408 3505 Eois
439 3460 557 3506 intonata
579 3458 714 3520 fluctibus.
759 3458 837 3508 Silius
853 3459 911 3507 Ital.
928 3460 991 3508 VII.
1004 3459 1060 3509 717.
1080 3458 1305 3515 Ceu,stimalentc

169 3533 225 3583 MS.
247 3535 322 3584 Voss.
344 3539 445 3584 intonat
466 3542 498 3585 et.
521 3539 647 3585 Intersota
663 3537 715 3585 sine
751 3537 837 3600 sanie,
862 3540 954 3600 rapuit
969 3553 1046 3602 qaum
1067 3538 1187 3586 Martius
1213 3553 1304 3600 upnum

169 3614 392 3677 exemplodictum.
410 3615 499 3678 Neque
511 3630 572 3679 opus
585 3622 716 3664 erattanta
758 3619 853 3666 Averso
868 3624 969 3680 pertore
986 3619 1074 3677 lapus,
1089 3616 1242 3679 sectamque
1259 3622 1304 3664 tre·

169 3699 326 3756 tempestate,
348 3701 376 3741 ut
392 3694 514 3742 luxuriosi
530 3695 639 3743 Romani
656 3710 715 3743 nan·
757 3703 864 3747 merrtem
899 3699 950 3747 Ore
975 3704 1042 3748 terret
1064 3711 1166 3760 precam·
1194 3698 1305 3748 tumst

168 3772 319 3821 ciscerentur
342 3789 433 3822 scaros.
473 3773 575 3822 Petron.
601 3787 654 3836 cap.
675 3775 715 3823 93.
757 3777 861 3838 uestipia
879 3790 956 3824 cursu
985 3777 1086 3826 Auditis
1103 3778 1193 3826 celeret
1211 3778 1305 3825 beluti-

170 3855 255 3915 Atque
273 3853 355 3914 Afrae
371 3854 482 3902 uolucres
499 3855 602 3915 placent
616 3853 716 3913 pelato,
757 3857 801 3904 bus
823 3857 894 3904 obvie
917 3860 1012 3918 postor,
1046 3856 1107 3902 Iam
1130 3856 1231 3903 sibimet
1260 3870 1306 3901 me·

173 3932 247 3989 Quod
271 3947 320 3980 uon
344 3938 406 3980 sunt
420 3932 523 3995 faciles.
562 3933 668 3981 Ultimis
684 3934 716 3980 eb
757 3940 844 3990 triens,
870 3936 1009 3997 spirantem
1026 3935 1141 3982 dentibus
1160 3934 1219 3981 imis
1254 3935 1304 3981 Re·

170 4011 221 4057 eris
239 4013 377 4060 Attructas
393 4027 482 4061 scarus
497 4015 629 4074 probetur.
648 4011 716 4061 Guls
756 4014 833 4062 iectut
848 4015 982 4076 praedem,
1007 4019 1032 4062 et
1049 4028 1127 4063 uuerco
1140 4013 1217 4076 sapit
1234 4028 1306 4074 ueqer

170 4095 223 4137 erat
248 4089 342 4137 avidior
363 4096 388 4138 et
409 4090 570 4152 ingeniosior,
591 4105 666 4153 quam
688 4097 716 4138 ut
758 4093 838 4139 hiatu.
878 4092 1067 4141 Testamentum
1093 4091 1156 4139 ΧΠ.
1191 4090 1305 4139 Patriar·

170 4167 269 4215 delicias
287 4183 301 4215 a
318 4169 398 4217 ventis
417 4175 595 4232 exspectarent.
618 4170 715 4218 Auson.
758 4171 875 4218 charum:
910 4169 956 4218 εἶδε
973 4171 1035 4235 γὰρ,
1060 4168 1099 4219 ὅτι
1115 4169 1196 4233 ‹ipsis›
1222 4169 1306 4223 ἐξέλο-

169 4247 249 4308 Epist.
267 4248 330 4296 VII.
349 4249 387 4295 40.
416 4250 473 4296 Non
496 4249 536 4296 bic
558 4248 645 4311 (cibus)
672 4264 716 4296 rru-
756 4266 804 4311 μεν
820 4247 847 4296 is
864 4250 909 4296 τοῦ
930 4248 1056 4312 στόματος
1076 4250 1122 4296 τοῦ
1144 4247 1239 4310 ἄρκτου
1265 4248 1306 4295 καὶ

169 4325 268 4387 cefrupo
285 4329 417 4388 qrrueritur
433 4342 550 4388 ueqrsore,
573 4330 609 4375 Ut
621 4333 717 4376 creseat
758 4326 884 4391 ἐφάγομεν
900 4326 988 4375 αὐτόν.
