2916 5220
593 280 754 344 LIBlll
813 283 875 345 III.

354 464 441 544 Quid
459 470 539 531 attari
561 472 687 531 cesana?
732 468 910 533 Potestne
935 467 973 532 ab
995 491 1071 534 arao

350 568 531 634 Pendedara
558 591 642 634 zoua
666 569 738 635 beae
759 580 788 635 te
807 582 913 636 secuta

438 673 583 736 Laedere
606 673 736 738 collam:

350 774 422 837 Sive
447 783 476 838 te
500 798 597 860 rupes
623 785 653 840 et
684 786 778 841 acuta
801 778 859 843 leta

168 885 287 934 moriare:
305 886 363 950 quid
381 886 444 934 mori
466 892 566 935 cessas?
601 886 650 935 Sed
671 901 714 949 pa·

168 966 207 1009 tcr
227 962 314 1010 absens
339 964 474 1021 nesciebat,
499 979 550 1012 non
575 966 648 1012 modo
674 965 717 1012 ubi

168 1039 221 1087 filia
237 1049 312 1098 esset,
328 1056 417 1089 verum
434 1043 508 1090 etiam
525 1043 584 1105 quid
600 1042 639 1090 illi
656 1044 716 1090 acci·

169 1117 258 1179 disset,
283 1126 307 1168 et
328 1120 428 1168 omnino
444 1120 538 1168 viveret
555 1135 587 1168 an
604 1122 716 1171 vixisset.

169 1195 239 1256 Scio,
256 1199 346 1261 quibus
363 1198 441 1246 modis
457 1204 482 1245 et
499 1198 544 1245 hoc
558 1206 583 1246 et
595 1199 659 1247 illud
672 1201 715 1248 ab·

167 1290 223 1323 sens
239 1277 439 1339 interpretentur.
475 1277 618 1334 Sententia,
634 1279 714 1327 Hora-

167 1354 231 1402 tium
240 1355 339 1414 decens,
357 1371 405 1405 non
415 1363 529 1420 apparet:
547 1363 649 1419 apparet
660 1373 683 1404 v.
694 1372 715 1405 c.

167 1431 194 1478 in
213 1432 367 1497 virgiliano:
389 1438 462 1483 illam
484 1438 573 1484 absens
592 1439 717 1484 absentem

168 1513 291 1574 auditque
309 1517 431 1577 videtque.

204 1589 273 1648 Quid
288 1594 352 1639 mari
363 1593 458 1641 cesana?
469 1592 525 1639 Iam
536 1591 647 1641 dixerat:
663 1595 714 1642 Or·

166 1684 224 1717 cum
240 1685 329 1718 moror.

200 1750 278 1796 Potes
293 1750 341 1797 bac
356 1751 388 1797 ab
404 1765 465 1798 arao
486 1751 632 1799 Pendulum
652 1767 715 1800 zoua

165 1827 266 1874 berete
284 1833 370 1877 secuta
387 1830 498 1877 Laedere
520 1831 618 1878 cottana
652 1830 712 1878 Pla-

166 1904 223 1951 cida
239 1904 383 1953 deliberatio
403 1907 433 1954 de
451 1920 540 1968 genere
556 1907 655 1965 mortis,
672 1909 714 1956 ab·

164 1982 267 2032 horrens
285 1984 317 2032 ab
334 1986 416 2033 animo
426 1987 572 2048 perturbato
582 1993 606 2034 et
617 1993 714 2037 caetera

164 2063 274 2112 oratione
295 2065 423 2127 Europae,
445 2066 522 2112 vitam
544 2066 588 2114 sibi
606 2066 713 2116 adimere

163 2141 314 2191 meditantis.
356 2143 451 2192 Seneca
474 2144 500 2190 in
527 2144 629 2207 Hippoi.
658 2147 711 2194 158.

164 2219 249 2268 minus
260 2236 275 2268 a
286 2226 391 2270 naturae
401 2222 504 2270 veritate
515 2222 637 2280 discessit,
654 2225 713 2287 quia

163 2298 307 2348 Phaedram
328 2315 386 2347 cam
407 2301 503 2348 nutrice
522 2300 664 2364 loquentem
680 2302 713 2351 fe·

163 2378 211 2425 cit:
230 2381 343 2426 Decreta
353 2393 420 2426 mora
436 2385 481 2427 eat.
506 2381 648 2437 Quaeritur
653 2381 712 2444 fati

161 2471 246 2516 qeaua.
286 2459 417 2520 Laqueoae
441 2461 521 2506 attam
543 2460 651 2520 fialam,
677 2477 711 2508 an

155 2537 233 2598 ferro
257 2538 384 2585 iuratam?
423 2541 465 2586 Aa
490 2540 566 2586 rauca
589 2553 711 2600 praecepa

161 2631 222 2664 arce
253 2616 376 2663 Palladia
407 2618 511 2665 cadam?
554 2617 591 2665 Ut
621 2617 708 2680 Eurip.

161 2692 252 2741 Helen.
261 2695 317 2743 305.
334 2709 397 2757 quae
414 2710 470 2744 cum
488 2695 571 2746 Choro
588 2697 710 2760 loquitur:

759 898 850 945 genera
866 889 1052 948 cognoscentes,
1071 881 1215 930 maluerunt
1227 889 1306 930 osten·

758 967 813 1011 tare
833 964 971 1012 doctrinam
996 967 1021 1010 et
1045 961 1145 1022 ingenio
1162 961 1305 1025 indulgere,

757 1057 834 1105 quam
851 1057 925 1091 sanae
942 1041 1030 1090 rationi
1046 1040 1151 1088 obedire.
1173 1039 1305 1102 Sophocles

758 1120 851 1169 alicubi
867 1121 978 1170 dixerat:
995 1119 1069 1169 Λύσω
1084 1121 1141 1183 γὰρ,
1154 1119 1175 1168 εἰ
1196 1122 1237 1169 καὶ
1255 1125 1306 1170 τῶν

758 1203 834 1262 τριῶν
855 1203 883 1248 ἓν
908 1200 1017 1264 οἴσομαι.
1052 1198 1123 1259 Quod
1145 1198 1180 1246 ita
1205 1200 1305 1263 exponit

758 1275 899 1325 Scholiasta
923 1277 1027 1326 Pindari
1044 1277 1066 1324 Ι.
1093 1277 1194 1342 olymp.
1209 1280 1248 1330 97.
1266 1279 1305 1328 ὅτι

757 1356 815 1419 τρία
831 1355 951 1421 λέγονται
960 1360 1050 1414 κοινῶς
1066 1357 1108 1405 καὶ
1126 1359 1157 1405 τὰ
1175 1359 1239 1422 πρὸς
1254 1359 1303 1407 θά-

756 1449 838 1481 νατον
871 1434 1049 1497 συνεργοῦντα,
1080 1433 1164 1498 ξίφος,
1193 1435 1301 1499 ἀγχόνη,

756 1510 873 1574 κρημνός.
906 1512 1003 1560 Lucan.
1021 1511 1070 1560 IX.
1090 1513 1144 1562 106.
1163 1516 1303 1579 Nunquam

755 1591 880 1638 veniemus
897 1592 932 1638 ad
948 1605 1032 1650 atace,
1053 1595 1108 1640 dat
1125 1595 1239 1656 laqueos,
1256 1602 1304 1644 aut
1351 1608 1362 1626 ⁹

755 1669 904 1729 praecipiter
919 1684 966 1731 per
982 1670 1071 1717 taam'a
1087 1671 1178 1720 tactus.
1209 1672 1256 1721 His
1272 1675 1303 1722 si-

755 1746 823 1794 milia
839 1748 921 1796 multa
938 1750 1066 1797 annotavit
1075 1749 1193 1799 Pricaeus
1207 1753 1238 1799 ad
1249 1754 1302 1815 Ap-

755 1823 831 1885 puleii
848 1825 951 1874 Metam.
970 1826 1020 1875 IV.
1036 1841 1086 1889 pag
1103 1830 1142 1880 79.
1160 1836 1185 1878 et
1202 1829 1302 1880 Cortius

756 1903 787 1949 ad
799 1903 895 1952 Lucan.
907 1904 985 1954 VIII.
1001 1907 1058 1954 654.
1075 1908 1131 1956 Hoc
1143 1915 1226 1957 tamen
1239 1911 1302 1959 vidit

756 1980 950 2044 Grammaticus,
958 1987 1062 2047 serrum
1072 1987 1111 2035 hic
1119 1989 1202 2036 minus
1214 2002 1301 2037 conve-

755 2060 814 2110 nire.
832 2062 991 2127 Quamquam
1000 2064 1027 2112 in
1036 2066 1238 2114 antecedentibus
1249 2068 1301 2115 Eu·

755 2154 815 2202 ropa
836 2146 936 2189 taurum
948 2145 1023 2205 ferro
1041 2146 1153 2193 lacerare
1169 2147 1260 2207 cupiat.

788 2223 934 2270 Peadulam
949 2238 1012 2271 zona
1023 2226 1082 2271 heae
1094 2229 1118 2272 te
1133 2230 1220 2272 cecata
1240 2226 1301 2272 Lae·

754 2299 812 2347 dere
832 2302 929 2348 collum.
964 2301 1082 2358 Dubites,
1107 2302 1244 2363 pendulum
1269 2306 1300 2352 ab

753 2391 824 2435 orno,
842 2392 874 2424 an
891 2378 1028 2440 pendulum
1043 2395 1113 2427 zona.
1131 2379 1203 2427 Iocus
1215 2388 1299 2429 autern

754 2454 784 2502 de
808 2471 871 2504 zona
892 2457 990 2519 ineptus
1013 2464 1058 2506 est.
1095 2458 1253 2520 Quamquam
1275 2468 1300 2509 et
1340 2515 1356 2528 x

752 2532 815 2580 serio
840 2535 916 2597 accipi
941 2536 1023 2598 possit.
1065 2535 1163 2583 Bonum
1189 2535 1298 2595 factum,

752 2612 865 2675 Europe,
881 2615 948 2676 quod
965 2629 1052 2662 zonam
1068 2629 1118 2661 non
1135 2615 1212 2663 oblita
1228 2631 1254 2665 cs
1266 2627 1299 2665 te

752 2704 809 2738 cum
826 2692 896 2741 ferre.
929 2693 978 2743 Sed
995 2708 1057 2742 zona
1077 2701 1130 2741 erat
1152 2703 1297 2758 perpetuum

162 2776 258 2821 θανεῖν
283 2772 426 2836 κράτιστον
465 2780 520 2832 πῶς
548 2773 650 2840 θάνοιμ’
677 2776 710 2824 ἂν
751 2771 887 2833 virginibus
904 2784 1037 2835 gestamen.
1059 2773 1177 2824 Oblivisci
1194 2791 1242 2824 non
1253 2792 1296 2841 po·

162 2851 209 2898 οὖν
230 2852 327 2910 rabam
353 2851 506 2917 Ἀσχήμονες
530 2856 576 2918 μὲν
602 2854 711 2918 ἀγχόναι
752 2855 840 2900 terant.
859 2855 971 2902 Laedere
986 2853 1296 2911 collum,videturGram·

160 2928 298 2992 μετάρσιοι.
314 2932 414 2995 Σφαγαὶ
440 2929 460 2978 δ’
485 2932 587 2994 ἔχουσιν
611 2934 710 2997 εὐγενές
751 2931 854 2979 maticus
883 2934 991 2995 posuisse
1017 2933 1129 2995 quaesita
1157 2934 1296 2996 elegantia,

162 3026 187 3055 τι
204 3008 246 3056 καὶ
264 3009 351 3059 καλόν.
381 3010 443 3059 Alia
467 3025 564 3073 quoque
588 3018 626 3060 est
646 3014 709 3062 ratio
751 3017 868 3071 pr0:tam
885 3011 1124 3075 pulchrumcollnm
1134 3014 1249 3076 foedare,
1267 3018 1295 3063 a·

162 3085 454 3136 OvidianaII.He1·oid.
475 3090 528 3138 139.
547 3090 590 3137 nbi
607 3090 708 3155 Phyllis
750 3089 833 3136 vidum
843 3091 940 3150 facere.
968 3090 1094 3140 Suffocare
1114 3093 1179 3139 enim
1197 3100 1234 3140 est
1250 3098 1294 3144 elt-

161 3165 248 3212 scribit
259 3165 454 3228 Demophoonti:
473 3171 709 3230 Saepeveaenoram
751 3169 816 3215 dere.
833 3167 907 3228 Quod
919 3167 1047 3217 Bentleius
1057 3183 1070 3217 e
1079 3169 1157 3219 MSS.
1172 3174 1295 3221 revocavit

159 3248 220 3293 sitta
237 3250 274 3293 eet
296 3248 370 3293 mibi:
395 3262 468 3308 saepe
491 3238 597 3295 cruenta
622 3250 709 3298 Trave-
750 3253 775 3294 et
795 3249 915 3311 exemplis
936 3245 1077 3294 illustravit.
1116 3246 1213 3307 Quibus
1233 3249 1295 3297 adde

159 3330 230 3374 ctam
245 3326 327 3386 qtada'o
344 3329 423 3372 nrarte
438 3325 522 3386 pert're
537 3327 615 3374 iuvat.
636 3327 709 3376 Colla
750 3324 886 3373 Minutium
899 3325 1007 3374 Felicem
1017 3323 1103 3373 Octar.
1113 3338 1169 3385 pag.
1178 3325 1234 3373 289.
1250 3329 1295 3374 Vos

159 3418 270 3465 quoque,
292 3403 379 3466 Infidis
403 3405 465 3465 quta
488 3418 513 3452 ae
533 3408 655 3454 nectenda
672 3408 707 3454 la·
749 3406 818 3453 tadeo
838 3410 984 3466 procreatae
998 3403 1069 3465 fidos
1094 3417 1161 3450 auno
1180 3403 1249 3465 ferta
1269 3412 1294 3453 et

160 3483 238 3529 certia
251 3483 440 3540 Praebueruut,
452 3483 708 3546 laqueisa'mpticut'aae
749 3486 836 3533 avtbaa
853 3500 987 3546 exponere,
1003 3498 1071 3531 nunc
1091 3483 1294 3543 adatr·aaqalatos

159 3562 242 3607 iuvat.
260 3560 321 3607 Stat
337 3575 394 3609 aeae
411 3566 513 3608 matura
525 3566 637 3609 terterma
647 3578 707 3624 pen·
748 3562 836 3609 naam
852 3563 941 3609 rnortts
956 3575 1042 3621 qaaere
1052 3561 1148 3609 elidere.
1166 3562 1293 3611 Ammian.

159 3651 219 3686 aare
232 3639 366 3698 pudorem:
396 3639 431 3685 Ia
447 3640 514 3687 aeris
530 3642 609 3688 electu
623 3656 706 3701 parua
748 3639 861 3688 Marcell.
879 3640 1009 3690 XXVIII.
1032 3655 1089 3702 pag.
1111 3640 1167 3689 409.
1194 3644 1294 3705 Laqueo

152 3716 255 3779 sutura
275 3731 345 3765 atara
365 3723 410 3766 eat.
444 3718 545 3779 Quanto
569 3719 658 3766 melius
680 3721 706 3768 in
748 3720 826 3767 vitam
842 3721 919 3768 elisit.
937 3720 1028 3768 Florus
1044 3720 1094 3769 III.
1112 3722 1135 3769 3.
1154 3723 1294 3784 Srrfflcutu

159 3795 182 3844 I.
200 3795 283 3845 Carm.
301 3798 340 3848 37.
361 3795 494 3859 Cleopatra
509 3796 653 3860 simpliciter
664 3815 705 3862 ap·
747 3799 1013 3862 elartrqztetasaattbus
1025 3802 1086 3848 auia
1103 3799 1162 3848 Vid.
1175 3800 1293 3848 Dukerus

159 3875 269 3938 pellatur
280 3879 417 3925 deliberata
429 3881 508 3924 atorte
517 3876 651 3938 ferocior?
671 3879 706 3926 Et
747 3884 771 3925 et
787 3878 872 3925 Heins.
890 3879 1026 3926 Adversar.
1044 3893 1100 3940 pag.
1122 3879 1175 3929 117.

159 3956 254 4019 virgil.
262 3955 311 4003 IV.
322 3958 387 4004 Aen.
399 3956 455 4007 474.
468 3955 499 4003 de
509 3955 618 4004 Didone:
636 3959 706 4020 Erqo
780 3958 839 4004 Sive
864 3963 889 4005 te
912 3972 987 4018 rupes
1011 3962 1036 4004 et
1053 3962 1128 4005 acuta
1149 3957 1198 4004 leto
1220 3957 1292 4004 Saxa

158 4038 203 4086 ubi
219 4037 330 4098 coru-epit
340 4036 443 4098 fartae,
454 4037 535 4084 evicta
545 4038 638 4096 dolore,
654 4040 704 4085 De·
747 4037 878 4084 deuotam.
905 4033 933 4084 Si
949 4035 1046 4082 desiliat
1063 4049 1078 4081 a
1098 4049 1158 4095 rupe
1176 4039 1200 4082 et
1217 4035 1291 4093 sans,

158 4116 285 4178 crevitque
315 4118 390 4174 atort,
415 4121 512 4177 tempus
539 4131 621 4164 aecum
648 4119 704 4179 ipsa
746 4128 775 4162 ea
791 4127 852 4161 saxa
873 4112 935 4161 nihil
956 4111 1051 4159 faciunt
1072 4111 1103 4157 ad
1125 4110 1214 4169 letum,
1239 4111 1290 4158 aive

158 4195 306 4257 necdumque
328 4196 426 4256 Eaiqt't.
460 4194 510 4243 Sed
530 4195 704 4253 Grammatici,
745 4192 794 4240 sint
819 4199 892 4240 acuta
915 4190 968 4238 sive
991 4189 1073 4252 plana.
1109 4188 1136 4238 Si
1157 4190 1255 4238 desiliat
1275 4205 1290 4236 a

157 4287 191 4320 ex
208 4274 285 4335 poetis
302 4273 480 4336 antiquioribus
496 4275 544 4323 tria
560 4277 607 4323 ista
620 4276 703 4323 mortis
721 4324 724 4363 Ι
745 4287 808 4335 rape
831 4271 858 4318 in
881 4285 956 4326 raca,
981 4267 1063 4316 desilit
1088 4283 1102 4316 a
1127 4284 1190 4330 rape
1205 4269 1231 4316 in
1247 4284 1279 4316 ra
