2916 5220
166 324 228 387 las
578 322 894 386 CARMlNUM

346 506 448 572 Oedes
472 505 630 591 coemptis
654 507 792 571 saltibus
816 513 849 571 et
872 507 968 571 domo

344 609 513 693 Villaque,
537 608 642 674 flavus
666 631 765 694 quam
788 609 911 674 Tiberis
935 609 1034 687 lavit,

389 713 508 795 Oedes,
533 718 566 777 et
590 712 763 778 exstructis
788 713 822 777 in
846 713 952 778 altum

431 816 566 880 Divitiis
590 816 734 901 potietur
757 817 879 882 haeres.

344 920 487 986 Divesne
510 919 617 1005 prisco
640 925 737 984 natus
762 920 803 984 ab
827 921 967 1002 inacho,

344 1024 403 1088 Nil
427 1024 581 1105 interest,
606 1045 648 1087 an
671 1045 795 1109 pauper
817 1029 851 1088 et
873 1024 988 1087 infima

387 1130 436 1194 De
457 1134 556 1214 geute
580 1128 740 1193 subdivo
764 1129 923 1211 moreris,

430 1231 576 1297 Victima
598 1231 646 1295 nil
669 1230 856 1296 miserantis
881 1231 965 1298 Orci.

164 1401 224 1445 atra
244 1395 299 1454 fila,
320 1395 413 1444 habent
433 1395 549 1444 candida.
584 1393 633 1443 Cui
654 1403 714 1444 nent
755 1393 893 1443 Parcarum
914 1394 957 1443 fila
977 1395 1069 1444 sinunt.
1103 1397 1218 1445 Brevitas
1238 1399 1304 1447 vitae

164 1481 230 1534 atra,
247 1475 268 1523 is
285 1473 372 1524 infelix
388 1482 437 1534 est,
454 1474 494 1523 cui
509 1472 628 1531 candida,
644 1473 712 1525 felix.
754 1473 875 1537 imprimis
892 1474 1042 1524 hilaritatem
1059 1476 1224 1525 commendat.
1246 1477 1304 1525 Tali

163 1552 236 1604 Ovid.
255 1555 303 1604 IV.
330 1554 405 1604 Trist.
431 1555 451 1602 1.
472 1554 512 1601 64.
547 1554 601 1602 Hic
621 1568 714 1615 quoque
754 1553 924 1602 adhortatione
948 1554 1024 1617 plena
1048 1560 1108 1602 sunt
1127 1556 1257 1618 poetarum
1279 1563 1304 1605 et

162 1651 276 1698 capacmo
292 1637 389 1685 natata
404 1636 517 1684 stamina
533 1634 627 1690 nostri,
650 1632 711 1683 Sta·
752 1632 829 1694 ipsius
846 1633 944 1682 Horatii
961 1635 1059 1696 scripta.
1094 1635 1238 1692 Filaarta,
1251 1637 1304 1684 bre·

162 1717 232 1764 mc'aa
248 1713 625 1778 maimorellerefactamthi.
649 1712 712 1762 Stat.
753 1711 808 1770 via,
825 1713 909 1774 lampa,
926 1712 1050 1760 dicuntur.
1077 1710 1151 1762 Ovid.
1168 1714 1204 1762 V.
1226 1715 1303 1764 Trist.

163 1792 214 1842 111.
248 1794 327 1843 Theb.
353 1795 410 1843 240.
443 1793 577 1855 aipraeque
600 1807 713 1840 serarum
756 1788 793 1836 10.
819 1790 859 1837 45.
896 1793 919 1839 0
944 1793 1036 1840 duram
1062 1794 1203 1853 Lachesin,
1228 1810 1305 1857 arrae,

164 1874 287 1922 Iuravere
303 1873 378 1922 colus.
406 1870 489 1933 Igitur
505 1869 625 1918 Horatius
638 1870 713 1918 dixis-
754 1872 807 1915 tam
827 1885 903 1930 praee
922 1871 993 1918 maus
1014 1872 1127 1931 habenti,
1153 1873 1213 1919 Fila
1234 1875 1306 1921 dedit

162 1956 210 1998 set:
229 1949 355 2012 “Indulge
378 1947 513 2007 hilaritati,
530 1948 590 1996 dnm
608 1949 713 2006 occasio,
752 1948 821 1995 ottae
837 1962 886 1996 aaa
902 1949 1016 1997 breuiora
1032 1965 1106 1998 meae.
1140 1951 1253 1999 Iuvenal.
1268 1952 1303 2000 X.

162 2027 251 2076 florens
276 2033 358 2083 aetas,
383 2032 408 2074 et
429 2026 552 2084 miseriae,
577 2027 602 2075 in
623 2027 711 2089 quibus
755 2023 806 2074 sat.
823 2026 881 2074 251.
898 2033 1020 2090 quautam
1037 2029 1303 2092 delepibusipseque·

162 2106 236 2162 vivis,
252 2104 298 2153 tibi
314 2104 485 2167 permittunt.''
519 2105 644 2153 Nonnulli
665 2107 711 2155 hoc
752 2110 829 2152 ratur
855 2106 989 2164 Fatorum,
1006 2112 1032 2155 et
1047 2108 1124 2156 uincto
1141 2110 1171 2157 de
1187 2110 1304 2158 stamine.

161 2185 198 2234 ita
222 2185 309 2234 evitari
329 2197 399 2247 posse
421 2182 585 2244 arbitrantur,
606 2193 635 2233 ut
651 2191 711 2236 atra
752 2184 851 2232 Nemes.
869 2184 957 2247 Eclog.
974 2184 1025 2234 IV.
1037 2187 1078 2236 32.
1098 2187 1304 2249 Omniatempus

162 2265 298 2328 accipiatur
309 2270 438 2326 tamquam
449 2269 597 2325 perpetuum
608 2270 632 2312 et
643 2278 709 2313 eom·
753 2264 810 2311 alit.
840 2265 948 2326 Tempus
964 2267 1049 2328 rapit:
1064 2279 1124 2313 urus
1139 2267 1167 2314 iu
1182 2272 1240 2316 arto
1256 2274 1302 2317 est.

160 2359 237 2393 mune
257 2358 340 2393 rerum
360 2343 514 2392 infernarum
531 2343 711 2407 epitheton‚et
753 2342 883 2392 Ausonius
906 2342 990 2392 locum
1014 2342 1113 2392 Horatii
1137 2342 1233 2394 Graece
1257 2360 1301 2395 ex·

160 2425 195 2473 sic
215 2423 255 2473 rir
275 2424 361 2472 doctus
378 2423 405 2470 in
422 2420 553 2472 Observat.
570 2423 709 2473 Miscellan.
752 2422 840 2485 pressit
860 2421 885 2468 in
907 2421 986 2483 Epist.
1004 2421 1081 2470 XIII.
1099 2423 1140 2471 44.
1176 2425 1248 2471 Dum
1262 2439 1305 2474 res

161 2503 223 2553 Vol.
234 2502 311 2553 vm.
325 2518 349 2565 p.
363 2503 417 2550 195.
450 2502 587 2562 Audirem,
604 2503 625 2552 si
641 2507 709 2553 Par·
752 2506 777 2549 et
794 2506 863 2550 aetas
879 2505 904 2549 et
919 2514 1033 2550 sororum
1049 2500 1158 2564 Νὴματα
1174 2501 1303 2567 πορφύρεα

160 2598 204 2632 cae
223 2582 264 2631 vel
286 2583 388 2631 Sorores
408 2579 594 2644 appellarentur
609 2583 710 2644 uiprae:
754 2579 898 2628 πλέκονται.
931 2579 1005 2640 Legit
1024 2583 1049 2627 et
1069 2577 1113 2626 ille
1132 2583 1201 2627 atra.
1234 2580 1316 2628 Nam·

160 2675 313 2723 quamquam
339 2657 380 2707 vel
406 2657 442 2706 sio
466 2663 530 2707 esset
555 2658 708 2721 ambiguum.
753 2659 800 2707 hoe
815 2665 853 2707 est
870 2658 1006 2723 πορφύρεα.
1023 2657 1138 2706 Moserus
1155 2672 1236 2707 meam
1249 2673 1301 2708 cor-

159 2739 229 2787 Nam
245 2745 270 2787 et
286 2745 341 2786 tum
356 2736 710 2801 protaselim'busplerumque
751 2739 885 2787 rectionem
907 2750 958 2784 non
978 2735 1097 2798 optimam
1118 2737 1234 2799 appellat.
1267 2740 1302 2787 Et

160 2823 305 2873 sumuntur,
322 2823 350 2864 ut
364 2813 485 2864 staavl.
503 2814 647 2867 Thebeta.
666 2818 710 2866 Sic
752 2817 856 2876 vellem,
872 2830 927 2865 eam
944 2813 1090 2864 melioribus
1102 2817 1222 2879 exemphs
1235 2831 1300 2866 com-

160 2896 229 2943 Iocc‘r
249 2895 356 2957 imperta
378 2900 403 2943 et
426 2896 512 2956 aiprae
527 2897 625 2944 volume
641 2911 707 2946 aare·
751 2896 868 2945 mendare
885 2895 1026 2957 potuissem.
1046 2893 1100 2942 Nec
1110 2894 1252 2944 Meinekius
1265 2899 1301 2945 vi-

159 2989 207 3022 res.
241 2972 376 3022 Praeterea
389 2971 480 3036 fatum
500 2980 525 3021 et
543 2975 644 3023 Parcae
663 2975 708 3024 ho·
751 2974 814 3022 tium
831 2973 929 3022 subesse
946 2972 1035 3029 credit,
1056 2972 1099 3021 sed
1116 2973 1301 3036 explicandum,

160 3052 221 3100 mini
237 3050 315 3099 vitam
332 3058 356 3100 et
368 3050 512 3102 facultatem
523 3052 589 3101 ritae
598 3053 710 3103 hilariter
751 3060 780 3100 ut
796 3067 819 3100 v.
837 3066 858 3100 c.
883 3051 989 3102 Graece:
1015 3049 1061 3108 ’ἕως
1088 3051 1122 3100 dv
1146 3051 1159 3098 ὁ
1187 3052 1301 3113 θάνατος

161 3130 334 3192 transigendae
350 3129 529 3192 relinquentes,
546 3138 574 3179 ut
586 3132 708 3197 relinque·
751 3131 822 3196 ἐάσῃ.

160 3208 221 3255 bant
241 3209 337 3269 Dellio,
361 3223 412 3257 non
437 3217 541 3272 possunt
566 3210 616 3260 dici
636 3217 709 3263 atrae
785 3212 894 3259 Dinaeae
919 3211 1001 3272 prisco
1025 3214 1103 3257 uatus
1132 3212 1164 3258 ab
1195 3212 1300 3260 Inacho.

160 3302 240 3352 neque
264 3291 359 3338 tristes.
392 3287 474 3349 Quale
497 3290 622 3352 epitheton
643 3307 707 3339 nun·
750 3288 809 3336 Non
826 3302 910 3337 omnes
928 3287 1022 3337 nobiles
1039 3293 1096 3335 sunt
1107 3287 1208 3349 divites,
1221 3303 1301 3351 neque

159 3381 235 3428 quam
259 3367 285 3415 in
309 3367 354 3416 tali
378 3366 486 3416 formula
512 3369 624 3418 additum
648 3371 707 3436 legi.
750 3380 834 3414 omues
851 3380 970 3429 pauperes
987 3383 1020 3416 ex
1036 3365 1122 3414 infima
1138 3374 1218 3429 gente.
1245 3369 1299 3417 Ma·

159 3445 254 3508 Virgil.
279 3446 327 3496 IV.
361 3447 426 3496 Aen.
453 3448 509 3496 651.
553 3451 624 3498 Dum
642 3450 708 3514 sata
750 3443 806 3492 lim:
831 3445 939 3494 Diuesue
953 3447 1037 3507 prisco
1053 3450 1078 3494 et
1094 3452 1172 3494 uatus
1187 3450 1220 3495 ab
1237 3449 1299 3496 Iaa-

163 3526 279 3586 Deaeque
288 3527 411 3574 sinebam.
429 3526 492 3574 XII.
506 3527 559 3579 147.
579 3529 639 3586 Qua
653 3532 708 3578 cisa
750 3526 802 3573 cho.
834 3524 876 3573 Ita
895 3523 956 3572 haec
976 3524 1065 3574 melius
1087 3533 1247 3588 opponuntur
1263 3541 1298 3575 se-

160 3607 198 3649 est
208 3601 321 3663 fortuna
335 3605 406 3664 pati,
426 3607 573 3667 Parcaeque
585 3609 707 3657 mactant.
750 3601 882 3665 (tuentibus
901 3618 1000 3666 pauper
1020 3609 1046 3652 et
1066 3605 1155 3668 infima
1175 3607 1205 3654 de
1220 3613 1298 3668 peate.

161 3679 256 3729 Tibull.
277 3681 299 3730 I.
320 3682 339 3729 l.
374 3684 491 3740 Interea,
517 3685 578 3732 dum
591 3685 657 3748 sata
675 3689 708 3736 si·
752 3683 794 3733 Sic
810 3683 886 3732 etiam
896 3684 996 3731 videtur
1007 3684 1096 3746 legisse
1107 3682 1205 3733 Comm.
1218 3683 1295 3748 Gruq.

159 3766 237 3818 auat,
253 3761 386 3822 tuapamus
402 3775 506 3811 amores.
527 3761 708 3815 ValerFlacc.
750 3765 818 3812 “Nil
841 3765 959 3813 iuteresse
979 3770 1038 3827 post
1062 3769 1179 3825 mortem,
1210 3769 1298 3813 utram

160 3838 210 3887 ΠΙ.
233 3839 286 3888 184.
309 3839 340 3888 Si
352 3839 417 3901 sata
434 3841 529 3899 clueat,
546 3843 570 3889 ei
587 3859 709 3906 prospera
750 3844 815 3891 dives
826 3841 913 3905 fueras
934 3848 959 3891 et
979 3857 1122 3905 pepereras,
1144 3858 1179 3891 aa
1197 3858 1298 3905 pauper

159 3919 233 3967 Iuac.
268 3917 363 3967 Seneca
378 3917 453 3966 Herc.
469 3918 529 3966 Fur.
549 3919 602 3971 176.
637 3925 708 3973 Dum
749 3927 774 3968 et
791 3923 880 3970 hurntlr'
895 3923 1004 3984 peuere.”
1036 3922 1108 3970 Idem
1124 3922 1228 3970 coniecit
1244 3921 1295 3970 Cu-

152 3994 218 4058 fata
233 3998 338 4055 sinuat,
359 3998 434 4046 civite
450 3999 519 4047 laeti.
554 3998 707 4051 Schraderus
748 3999 834 4062 ningh.
853 4008 877 4049 et
892 3999 1006 4063 probavit
1021 4000 1175 4051 Sanadonus

157 4089 201 4123 suo
221 4076 336 4139 exemplo
357 4081 531 4137 annotaverat,
553 4078 599 4127 sibi
620 4079 705 4143 legen·
786 4079 838 4127 Sub
871 4080 927 4128 diuo
959 4080 1069 4128 verereris.
1115 4078 1237 4127 Perverse
1270 4079 1297 4126 in

158 4154 219 4201 dum
236 4155 314 4202 videri
323 4155 376 4216 fila
393 4157 472 4205 trium
486 4159 625 4217 patiantur
639 4160 704 4207 alta.
748 4156 842 4206 Philos.
863 4157 954 4206 Moral.
972 4156 1112 4206 Hildeberti
1128 4172 1152 4219 p.
1170 4157 1226 4205 988.
1244 4173 1294 4205 rrec-

158 4233 281 4296 Equidem
305 4232 404 4282 Horatii
429 4249 480 4284 essa
504 4236 622 4285 arbitror:
645 4239 706 4287 Fila
747 4237 829 4285 rierr's.
863 4236 957 4284 Totum
974 4250 1021 4298 ego
1036 4234 1119 4284 locum
1131 4235 1166 4283 sio
1177 4236 1260 4298 legere
1271 4243 1296 4285 et

159 4311 237 4359 triam
259 4313 397 4373 patiuntur
422 4319 489 4362 arta.
525 4313 595 4361 Dum
620 4315 706 4364 brevia
747 4315 899 4377 distinguere
924 4314 1039 4373 mallem,
1065 4321 1094 4363 ut
1118 4313 1169 4363 vidi
1197 4329 1295 4377 quoque
