2916 5220
566 307 884 372 (IriltbilNUbi

387 496 575 581 llorrsulquc
599 517 664 559 non
688 495 787 560 unius
811 494 908 576 anni,

430 599 492 664 Sed
518 598 647 683 quoties
670 598 776 662 bonus
800 602 899 682 alque
921 597 1007 663 fidus

344 701 443 766 ludex
467 702 642 766 honestum
666 700 824 786 praetulit
849 699 925 765 utili
950 708 983 765 et

341 805 467 870 Reiecit
489 805 557 869 alto
581 804 667 869 dona
690 803 880 869 nocentium

159 982 221 1029 lium
239 988 267 1028 ut
282 988 365 1044 putat,
382 981 514 1029 Horatium
531 981 647 1030 defendit.
673 980 704 1028 In
746 989 789 1029 ctu
814 981 916 1031 difficile
940 991 988 1039 est,
1014 983 1056 1032 sed
1077 983 1191 1046 ineptum
1215 986 1255 1042 tit,
1280 987 1298 1034 si

159 1060 197 1108 bis
214 1060 304 1123 legitur
329 1063 429 1108 (inlotus
452 1067 596 1121 contemtor,
617 1064 705 1119 victor,
747 1061 840 1123 cogitas
855 1064 942 1111 conat
957 1078 1008 1111 non
1024 1064 1179 1112 uniuscnni.
1207 1064 1299 1115 Omnes

158 1154 217 1200 rex,
241 1146 331 1199 rector,
353 1143 479 1197 dominus,
501 1143 630 1200 liberator,
650 1157 705 1191 cor·

158 1219 243 1282 nisos,
259 1223 426 1282 proscriptor,
443 1236 534 1269 censor.
559 1221 647 1269 Habeo
660 1221 704 1269 cti·

159 1312 200 1344 arn
224 1298 274 1346 alia
295 1299 319 1346 in
341 1306 469 1362 promptu,
491 1301 532 1348 sed
554 1299 653 1347 nullum
675 1300 707 1347 ad

159 1376 256 1426 Horatii
266 1393 367 1426 causam
379 1378 463 1427 valere
474 1379 586 1437 arbitror,
604 1392 634 1426 ne
644 1378 706 1426 Pru·

158 1457 234 1506 ‘lentii
255 1459 354 1521 quidem
377 1458 489 1509 Catbcm.
507 1459 571 1508 VII.
589 1458 645 1508 mo.
663 1461 707 1507 im·

156 1543 260 1598 perotor
277 1541 329 1588 lotc
345 1541 508 1602 triumphans
517 1540 635 1601 spiritns.
669 1538 708 1587 De

158 1616 242 1666 sanioso
260 1619 364 1676 ot'ctcrc,
386 1623 536 1667 conternlorc
553 1619 654 1666 cacteris
672 1625 707 1666 ta-

158 1695 227 1744 cebo.
269 1695 382 1746 Centena
412 1703 472 1745 sunt
502 1697 617 1760 exempla
642 1699 708 1760 apud

157 1773 225 1824 Cort.
245 1775 275 1822 ad
292 1775 396 1825 Sallust.
414 1775 531 1838 Iugurth.
546 1777 586 1826 bt.
604 1777 706 1826 Richte-

158 1867 215 1900 rum
233 1852 335 1904 Observ.
354 1853 415 1902 Crit.
428 1869 485 1916 pag.
503 1854 542 1903 65.
560 1861 585 1903 et
596 1854 707 1904 Iensium

158 1930 226 1979 Lect.
247 1933 350 1981 Lucian.
374 1931 394 1982 I.
412 1934 436 1982 8.
463 1933 530 1981 Nam
551 1934 612 1983 haec
633 1935 707 1997 signi·

158 2010 233 2058 ficant
250 2012 360 2060 animum
383 2013 532 2072 vincentem,
553 2019 707 2062 contemnen-

158 2097 214 2141 tcrn.
244 2092 293 2143 Sed
310 2093 438 2142 Bentlcius
455 2092 585 2156 praecipue
594 2093 648 2142 fidit
656 2094 707 2141 ani·

158 2184 200 2218 mo
233 2174 416 2235 proscriptore,
445 2174 575 2236 carnifice,
601 2189 706 2222 consors.

748 1141 871 1196 actiones,
888 1155 952 1202 quae
968 1142 1052 1189 animo
1068 1141 1226 1200 tribuuntur,
1243 1152 1299 1192 sunt

747 1233 889 1283 corporeae,
907 1235 922 1268 a
938 1234 1040 1284 corporo
1051 1221 1083 1269 ad
1094 1221 1211 1270 animum
1221 1229 1298 1272 trans-

748 1298 822 1347 latae.
862 1299 911 1349 Sed
933 1300 969 1347 his
995 1300 1132 1348 actionibus
1153 1316 1219 1349 sana
1240 1304 1299 1351 ratio

749 1377 851 1425 modum
869 1383 894 1426 st
910 1377 972 1427 fines
989 1379 1084 1441 posuit,
1095 1380 1164 1429 ultra
1175 1395 1240 1442 quos
1252 1396 1299 1430 non

749 1456 865 1518 progredi
886 1456 952 1504 licet.
986 1458 1072 1521 Atque
1092 1457 1141 1507 hoc
1166 1461 1300 1523 praecipue

749 1534 884 1582 tenendum
907 1535 934 1582 in
950 1537 1002 1584 alto
1023 1538 1095 1585 uultu
1112 1539 1206 1596 anistri,
1230 1540 1299 1589 cuius

749 1612 859 1663 dictionis
881 1614 1044 1676 patrocinium
1069 1616 1145 1666 etiam
1170 1618 1300 1668 Bentleius

748 1693 862 1755 suscepit.
886 1693 913 1743 Si
930 1700 996 1743 recte
1012 1693 1104 1744 dicam:
1123 1696 1225 1747 animus
1237 1700 1301 1748 dona

749 1773 844 1830 reiut,
866 1787 915 1820 nou
933 1779 998 1823 rocta
1019 1773 1083 1822 addo
1099 1778 1210 1826 voltam.
1240 1778 1301 1826 Ani·

749 1865 805 1898 mus
831 1852 876 1900 sibi
901 1852 985 1901 omnia
1006 1855 1116 1906 subiicit.
1151 1856 1198 1906 An
1221 1861 1300 1908 moni-

751 1933 808 1988 bus,
824 1934 941 1994 pedibus,
964 1933 1095 1983 bornmis?
1128 1935 1242 1985 Animus
1261 1936 1298 1984 lu·

749 2015 792 2058 ctu
809 2013 911 2075 rqfuplt.
945 2012 990 2061 Au
1006 2014 1080 2065 celeri
1101 2016 1203 2077 modat
1236 2015 1298 2064 Ani·

749 2103 805 2138 mus
821 2104 949 2153 perversas
970 2090 1096 2153 opiniones
1113 2095 1222 2144 imbibit.
1257 2095 1300 2144 An

748 2184 789 2218 ore
806 2172 891 2219 ando?
914 2171 954 2220 Ne
970 2170 1048 2233 igitur
1061 2172 1168 2222 Horatio
1183 2175 1299 2237 putidum

158 2249 225 2300 Plin,
251 2251 345 2302 Histor,
372 2252 489 2302 Natural,
514 2252 577 2302 VII,
602 2253 639 2302 12,
671 2255 708 2301 Ut
748 2248 813 2296 illud
834 2255 859 2297 et
882 2247 1025 2298 affectatum
1051 2251 1082 2300 de
1103 2255 1189 2302 oniaco
1206 2255 1300 2302 tribua·

156 2330 200 2378 illc
215 2333 375 2394 proscriptor
392 2333 506 2388 acincus,
524 2333 594 2381 niodo
612 2337 637 2381 et
653 2346 707 2380 con·
748 2341 816 2385 mut,
833 2328 875 2376 Sed
892 2336 1029 2378 mutemus:
1050 2332 1150 2381 Vituleoe
1166 2348 1263 2382 avarae
1278 2349 1303 2382 cs

157 2411 263 2458 tametio
279 2408 389 2470 sarens,
408 2426 458 2460 non
483 2413 556 2459 olind
581 2413 608 2458 in
635 2424 708 2459 censu
742 2407 856 2468 fraudis.
878 2407 939 2457 Alia
956 2409 1018 2457 ratio
1035 2415 1073 2458 ast
1092 2410 1118 2458 in
1135 2411 1236 2474 scriptis
1251 2412 1300 2461 Hc·

158 2491 237 2552 strapis
252 2496 277 2537 et
290 2491 403 2553 sor-tnnc
420 2506 466 2539 suo
481 2494 589 2541 doceret.
607 2489 706 2552 v11.7‚
748 2486 892 2545 bracorum,
910 2487 953 2550 qui
970 2488 1032 2537 talia
1047 2504 1098 2538 non
1110 2489 1225 2553 tugiunt,
1238 2506 1302 2554 qnae

158 2568 212 2615 His
226 2568 362 2630 principiis
381 2574 523 2617 noscantur
540 2570 658 2631 tyranni,
669 2570 708 2616 bis
751 2566 822 2614 nobis
839 2567 902 2614 mira
919 2566 1042 2616 videntur.
1064 2569 1192 2632 Exempla
1208 2571 1302 2634 ubiqua

157 2647 274 2706 carnij'cc
293 2649 400 2696 antonus.
436 2647 530 2697 Seneca
550 2648 581 2697 de
597 2648 640 2696 Ira
656 2647 706 2696 III.
751 2644 778 2692 in
795 2644 829 2693 V.
848 2646 879 2694 T.
902 2645 1074 2706 inveniuntur,
1089 2661 1136 2695 nec
1159 2647 1253 2697 desunt
1275 2650 1301 2698 in

157 2725 198 2773 36.
218 2724 282 2773 Corn
298 2731 344 2773 aat
363 2727 483 2774 torldatos
496 2732 533 2775 est
550 2728 707 2775 onirnnsant
751 2725 784 2774 N.
802 2725 832 2773 T.
858 2725 916 2773 Non
935 2730 988 2773 erat
1005 2724 1094 2787 igitur,
1111 2740 1158 2774 cur
1175 2727 1301 2778 Valckan.

157 2805 312 2860 admonitus,
337 2809 361 2852 et
382 2806 526 2866 speculator
547 2805 588 2853 sni
613 2820 707 2853 censor·
750 2804 781 2851 ad
799 2803 831 2852 N.
850 2802 881 2852 T.
898 2819 922 2866 p.
940 2803 995 2854 407.
1019 2804 1101 2852 minus
1122 2820 1201 2869 aequa
1227 2807 1302 2857 ferret

158 2897 205 2944 quc
222 2887 332 2931 secretus
350 2884 471 2943 copnoscit
486 2883 515 2930 dc
526 2884 635 2930 moribus
645 2885 706 2931 ants.
748 2885 774 2932 in
800 2883 879 2946 Epist.
897 2883 918 2932 1.
937 2881 1007 2931 Petri
1027 2884 1048 2931 l.
1072 2884 1110 2933 13.
1135 2887 1185 2943 τὰς
1204 2885 1302 2950 ὀσφύας

158 2960 228 3008 Haec
245 2965 329 3009 autem
350 2959 412 3008 nihil
436 2958 552 3008 differunt
568 2974 583 3005 a
600 2960 706 3022 superio·
750 2966 794 3022 τῆς
809 2963 924 3020 διανοίας
940 2961 1142 3027 ἀναζωσάμενοι.

159 3038 233 3087 tibae.
267 3038 377 3088 Animus
395 3039 460 3087 onim
474 3040 633 3101 proscriptor
651 3039 706 3087 An·
792 3044 876 3091 Ineter
912 3045 1041 3091 lsoncatnm
1071 3044 1199 3104 praetulit
1233 3047 1301 3094 utili.

158 3119 231 3177 tonii,
253 3126 289 3168 est
306 3119 412 3176 Antonii
433 3121 612 3182 proscribentis
621 3137 629 3178 ;
652 3120 705 3167 ani·
748 3118 821 3168 Hanc
839 3135 937 3184 quoque
953 3120 1104 3182 elegantiam
1121 3129 1208 3170 nostra
1218 3137 1301 3173 emen·

158 3214 214 3248 mus
241 3199 346 3248 bominis
377 3199 507 3262 carnifex,
536 3203 574 3247 est
600 3198 707 3248 hominis
748 3199 846 3248 clatione
862 3200 954 3249 lucrati
970 3213 1069 3255 snmus,
1090 3207 1120 3247 ut
1139 3202 1218 3250 iudea
1236 3203 1301 3251 dica·

157 3280 347 3342 cornificontir5
367 3280 524 3340 speculator
549 3283 574 3326 ot
605 3293 704 3347 censor,
747 3282 800 3337 tur,
821 3295 927 3341 persono
948 3285 972 3329 et
993 3279 1105 3340 officinm
1127 3281 1231 3339 iudicis,
1249 3282 1302 3345 ipsa

156 3359 310 3418 speculantis
329 3365 355 3406 et
379 3359 512 3416 censentis,
538 3355 582 3419 qui
603 3371 707 3406 munere
748 3358 856 3407 iustitio.
874 3358 993 3407 “Vindex
1009 3355 1105 3405 fraudis
1123 3373 1162 3416 as,
1179 3360 1261 3418 Lolli,
1278 3369 1302 3410 ct

155 3436 227 3498 quasi
245 3437 352 3485 censoris
369 3437 491 3498 fungitur,
511 3444 535 3484 et
552 3436 590 3484 sui
607 3437 706 3499 quidem
747 3436 846 3494 consul,
866 3451 916 3486 non
932 3436 1006 3485 unius
1024 3435 1094 3494 anni,
1112 3443 1140 3484 at
1157 3437 1241 3496 fuisti,
1259 3440 1302 3488 scd

156 3515 277 3562 censoris:
300 3515 372 3562 sicuti
393 3516 467 3564 etiarn
490 3515 617 3564 Arnobius
643 3515 706 3564 dixit
747 3514 843 3576 quoties
864 3515 953 3577 iudex,
977 3521 1006 3564 tu
1028 3514 1147 3564 iudicium
1169 3531 1301 3578 exercens,

157 3591 220 3641 VII.
242 3607 299 3656 pag.
316 3594 373 3642 239.
400 3596 463 3642 Deis
483 3596 568 3644 dicore
585 3601 609 3644 et
626 3610 706 3644 corne·
747 3592 879 3643 honestum
896 3593 1035 3657 praetulisti
1051 3593 1122 3653 utili,
1139 3600 1165 3642 st
1178 3595 1246 3645 dona
1259 3613 1301 3647 no·

157 3687 231 3722 crore
258 3675 421 3737 turpissimos
446 3689 497 3734 res,
527 3690 590 3737 qnos
622 3689 706 3724 conor
747 3674 855 3722 centium
873 3673 923 3722 alto
942 3674 1016 3723 vultu
1025 3674 1156 3724 reiecisti.'’
1175 3675 1302 3740 Exempla

157 3753 256 3801 antinus
280 3758 392 3816 respuat.
435 3752 478 3801 Ad
504 3753 568 3801 hano
592 3767 706 3802 normam
747 3754 870 3803 nonnulla
887 3769 1021 3818 apponam,
1044 3754 1111 3802 unde
1127 3752 1244 3804 dictionis
1263 3770 1302 3804 ve·

156 3831 277 3894 explicari
297 3831 395 3881 debebit
416 3835 517 3880 ontnsas
538 3834 635 3888 consul,
659 3833 706 3880 boc
745 3842 832 3882 nustas
854 3834 1011 3896 percipiatur.
1046 3831 1118 3882 ond.
1142 3831 1222 3882 xm.
1244 3835 1299 3883 Ma·

157 3915 206 3958 est:
224 3913 361 3967 cottoniano,
379 3910 421 3973 qui
439 3910 509 3967 facit,
530 3911 598 3974 quod
615 3924 703 3959 consu·
746 3918 805 3961 tam.
821 3912 875 3963 187.
891 3912 935 3960 ubi
946 3912 1123 3974 Agamemnon
1133 3918 1212 3974 negat
1222 3912 1300 3961 tiliam

158 3989 193 4039 les
218 3990 298 4039 facere
324 3990 414 4038 solent:
440 3989 475 4037 ita
499 3989 594 4052 Iupiter
619 3993 706 4039 consol
745 3991 844 4040 Dianae
865 3990 1007 4039 immolare:
1031 3993 1115 4053 Atque
1135 3993 1163 4038 in
1185 4007 1242 4054 repe
1259 3999 1297 4041 to·

158 4069 197 4118 vol
215 4072 345 4119 comittens
362 4069 428 4132 apud
450 4067 589 4131 Vopiscum
607 4067 633 4116 in
649 4069 704 4118 Fir·
747 4087 802 4119 rncn
821 4077 897 4132 poter
918 4076 962 4118 cst.
997 4069 1087 4119 lustin.
1109 4070 1131 4118 I.
1154 4071 1179 4118 6.
1215 4071 1300 4134 Cyrus

157 4163 197 4197 rno
214 4163 266 4212 cap.
285 4151 307 4197 3.
325 4163 400 4211 quern
418 4147 520 4205 Graeci,
538 4154 566 4196 ut
577 4148 706 4196 annotavit
748 4152 774 4198 tn
792 4152 904 4212 Astpnpc
916 4154 1029 4211 nepotem
1040 4151 1120 4211 rrsopts
1131 4166 1209 4212 quom
1220 4153 1297 4201 ciclo·

157 4227 334 4284 Casanbonus‚
357 4233 448 4276 vocant
469 4227 517 4275 Δία
535 4227 663 4288 βουλαῖον
681 4234 706 4277 ct
746 4244 798 4278 rent
812 4230 870 4291 cpit.
897 4228 997 4277 Patron.
1016 4228 1054 4278 97.
1081 4229 1155 4276 Petit
1168 4232 1297 4278 ntsoltcrn

157 4307 242 4368 potitae
263 4307 435 4372 βουληφόρον.
461 4307 515 4356 Ηοα
536 4307 586 4355 iam
608 4306 705 4357 intelle·
746 4311 884 4358 oslcrtdoret
895 4307 1018 4370 fratrent.
1053 4307 1116 4355 Stat.
1130 4306 1180 4355 III.
1201 4307 1295 4357 Silas.

1122 4682 1155 4731 'x

1153 4732 1293 4973 Χ
