2916 5220
561 320 878 385 CARMINUM

377 505 611 590 Insignemque
634 505 787 590 pharetra

417 606 638 693 Fraternaque
660 609 833 673 humerum
857 609 935 691 lyra

332 708 396 773 Hic
420 710 545 775 bellum
569 711 805 794 lacrymosum,
830 710 884 775 hic
905 709 1058 774 miseram
1082 707 1205 773 famem

332 811 527 897 Pestemque
551 836 570 878 a
592 813 714 899 populo
738 820 771 878 et
793 813 941 898 principe
965 811 1102 877 Caesare
1126 810 1161 873 in

317 935 319 940 ·
377 915 493 981 Persas
517 922 615 1001 atque
640 916 816 981 Britannos

421 1020 539 1085 Vestra
562 1026 671 1085 motus
695 1025 772 1106 aget
794 1042 895 1106 prece.

153 1174 176 1205 v.
193 1173 215 1206 c.
231 1158 257 1205 in
274 1157 384 1221 Virgilio
400 1159 435 1206 11.
460 1159 526 1207 Aen.
543 1158 599 1207 389.
616 1160 699 1207 excii-
738 1159 839 1219 sororis,
864 1173 909 1222 pro
934 1166 1013 1208 matre
1033 1166 1059 1207 et
1079 1171 1162 1206 sorore
1187 1170 1288 1220 operam

150 1251 209 1298 pecc
225 1235 318 1284 factum
335 1243 372 1286 est
389 1240 498 1300 ciclopes.
522 1237 640 1301 Suspicor
658 1238 699 1286 hic
738 1243 854 1300 praestat.
870 1237 999 1286 Bentleius
1007 1236 1080 1300 legit:
1100 1239 1173 1286 Haec
1188 1238 1288 1285 beilum.

153 1315 234 1379 potius
251 1317 398 1380 legendum:
416 1318 584 1378 Natalemque
599 1331 699 1367 carrum
739 1315 823 1365 Diana
839 1316 944 1366 scilicet:
962 1331 994 1366 ne
1005 1315 1051 1365 illa
1064 1314 1287 1364 hicnihilfaceret.

155 1397 236 1444 Delon
245 1396 379 1459 Apollinis.
399 1397 493 1453 Sacra,
506 1394 572 1459 ἱερά,
590 1394 700 1444 solemne
740 1396 790 1445 Sed
807 1411 887 1460 neque
905 1398 1007 1445 Latona
1023 1394 1116 1458 aliquid
1133 1393 1198 1443 facit.

152 1474 290 1523 istiusmodi
305 1475 417 1524 locorum
431 1475 563 1538 epitheton.
581 1476 616 1523 Et
628 1475 699 1524 Aris-
773 1477 924 1538 Pestcmque
934 1490 950 1523 a
959 1475 1053 1537 popula
1062 1479 1086 1522 et
1095 1475 1212 1537 principe
1224 1475 1287 1524 Cae·

151 1555 410 1618 tophThcsmophor.
440 1555 584 1619 χρυσολύρα
605 1573 630 1604 rr
646 1558 698 1615 Δῆ-
740 1569 798 1604 aare
814 1557 848 1603 in.
882 1553 1005 1602 Rusellius
1022 1553 1048 1600 in
1065 1552 1130 1601 Hist.
1147 1551 1234 1602 Critic.
1252 1553 1289 1601 in-

151 1633 201 1682 λον
214 1634 243 1690 ὃς
251 1634 315 1697 ἔχεις
324 1633 402 1698 ἱεράν.
413 1633 506 1696 virgil.
515 1634 566 1682 111.
580 1635 646 1683 Aen.
657 1635 697 1686 73.
741 1633 845 1696 dignum
857 1648 910 1682 esse
921 1632 1060 1689 iudicabat,
1072 1645 1161 1680 nomen
1173 1630 1289 1680 Caesaris

153 1713 234 1762 Sacra
251 1715 319 1761 caari
343 1713 423 1760 predio
445 1714 538 1761 colitur
553 1715 699 1774 praticeinta
739 1713 832 1776 populo
852 1712 973 1776 postponi.
1002 1712 1115 1760 Francus
1135 1725 1217 1759 mores
1238 1711 1288 1759 Ro-

153 1793 230 1841 teliua
247 1793 385 1841 Nereidum
403 1793 490 1840 matri.
740 1805 827 1840 manos
843 1807 875 1840 ex
892 1791 1001 1839 moribus
1010 1790 1112 1838 Francis
1122 1789 1162 1837 sui
1171 1789 1290 1852 temporis

185 1872 225 1918 Et
237 1886 363 1919 nemorum
380 1886 457 1919 canta.
474 1870 557 1919 Bentl.
573 1884 606 1918 ex
621 1871 698 1922 MSS.
739 1870 850 1929 metitur,
867 1884 917 1932 quo
933 1869 1077 1918 Ludovicus
1088 1868 1164 1917 XIV.
1182 1868 1290 1925 dixerat,

151 1948 697 2010 conranfflemsterhusiusannotavit:“Quid-
739 1963 766 1998 ee
781 1964 833 1998 ecre
847 1952 977 2013 populum.
1000 1946 1158 2011 Oudendorp.
1176 1947 1289 2010 legebat:

152 2028 210 2089 quid
227 2034 367 2091 repugnent
380 2027 467 2084 Codd,
483 2027 545 2074 mihi
561 2043 630 2077 cama
641 2043 696 2090 pro·
741 2029 1022 2090 Pertemqueapopqu,
1038 2027 1154 2089 principe
1165 2026 1287 2087 Caesare,

152 2105 262 2156 batum.”
280 2108 315 2156 Et
331 2105 399 2155 mihi.
740 2107 775 2153 in.
810 2105 852 2157 Sic
873 2107 948 2155 etiam
968 2105 1058 2168 legisse
1081 2104 1289 2168 Porphyrionem.

184 2187 359 2249 Insipnemque
376 2187 501 2248 pharetra
523 2187 699 2249 Fraternaque
740 2185 827 2248 Atque
843 2186 908 2234 idem
920 2185 946 2232 in
958 2190 1067 2234 mentem
1084 2183 1290 2233 venitWakkero

151 2266 282 2313 hunurum
299 2266 364 2327 lyra.
389 2265 477 2327 Longe
493 2265 554 2313 mihi
570 2264 698 2328 pulchrius
740 2263 765 2310 in
782 2265 889 2314 Amoen.
915 2265 977 2314 Liu.
995 2279 1051 2326 pag.
1073 2264 1111 2312 13.
1133 2268 1158 2312 et
1177 2263 1289 2313 iamdiu

151 2343 249 2392 videtur
250 2342 424 2407 fraternaque
433 2347 547 2393 iuramus
555 2347 621 2408 ipra.
630 2345 697 2393 Lau·
740 2348 814 2391 antea
830 2343 934 2406 Iosepho
960 2341 1053 2406 Scalig.
1069 2342 1150 2405 Epist.
1170 2343 1225 2391 195.
1246 2344 1290 2406 qui

151 2424 208 2472 date
224 2438 319 2471 sacram
328 2424 423 2483 Delon,
439 2423 548 2472 natalem
563 2425 697 2488 Apollinis,
739 2423 854 2486 principe
873 2423 981 2472 Caesare
997 2421 1076 2469 utitur
1101 2427 1230 2484 tamquam
1247 2437 1289 2470 ex-

151 2502 252 2551 laudate
262 2503 354 2560 Deum,
371 2502 494 2566 insignem
510 2504 626 2553 humeros
638 2505 697 2568 pha·
739 2502 821 2564 emplo
839 2501 942 2549 ablativi
959 2501 1080 2562 absoluti,
1099 2507 1128 2547 ut
1144 2501 1235 2550 Dicite
1251 2517 1290 2550 nte

151 2587 218 2630 retra
234 2587 259 2630 et
267 2581 332 2644 lyra.
350 2583 478 2644 Iruiqnem
487 2585 626 2641 hurnerum,
639 2599 696 2647 pro:
739 2583 850 2642 artium,
872 2583 983 2647 secundo
1007 2582 1127 2640 Caesare,
1153 2596 1191 2628 nte
1218 2586 1289 2637 cato,

151 2661 217 2723 quod
234 2660 266 2708 ad
283 2660 416 2709 humerum
435 2661 535 2720 attinet,
552 2663 627 2712 valde
643 2680 695 2712 am-
739 2675 803 2722 quae
819 2661 901 2709 omnia
922 2666 981 2707 sunt
1001 2659 1107 2708 Horatii.
1137 2659 1225 2722 Atque
1242 2673 1289 2722 ego

150 2740 254 2802 biguum
270 2746 314 2787 est.
347 2738 456 2786 Plurimi
478 2739 544 2788 enim
560 2740 697 2803 legentium
739 2741 785 2788 hoc
806 2755 894 2788 verum
915 2746 982 2802 puto.
1007 2740 1095 2788 Horat.
1113 2739 1134 2788 I.
1159 2739 1246 2789 Carm.
1262 2741 1287 2787 2.

150 2824 175 2867 ct
202 2818 355 2881 audientium
380 2817 505 2881 accipiunt
530 2819 560 2866 de
581 2819 697 2881 humero,
743 2821 777 2868 Te
794 2820 872 2878 duce,
891 2818 994 2867 Caesar.
1020 2817 1133 2880 Propert.
1150 2816 1198 2867 IV.
1210 2819 1235 2867 6.
1247 2820 1287 2868 45.

150 2899 195 2959 qui
211 2898 317 2959 inripnic
334 2901 371 2945 est
392 2895 508 2958 pharetra
524 2903 549 2945 et
564 2898 629 2961 lyra.
663 2900 698 2947 Et
740 2899 779 2946 Et
790 2900 897 2948 ninrium
912 2900 987 2948 remis
997 2901 1105 2959 audent,
1120 2900 1186 2961 proi
1197 2904 1288 2962 turpe!

151 2975 221 3023 Deus
237 2975 318 3038 magis
329 2975 433 3037 insignis
445 2981 482 3023 cst
491 2978 611 3034 numeru,
622 2993 697 3040 quam
740 2978 851 3038 Latinis,
863 2979 986 3039 Principe
997 2984 1029 3038 te,
1042 2979 1142 3040 fluctus
1152 2979 1222 3041 repiu
1232 2981 1289 3027 uela

152 3053 289 3111 hammum,
306 3058 406 3116 propter
422 3053 485 3101 duas
493 3068 543 3111 res,
554 3055 697 3117 pharetram
737 3058 802 3119 pati.
822 3057 911 3105 Horat.
928 3057 964 3105 Π.
986 3057 1033 3120 Ep.
1054 3057 1149 3106 1.256.
1179 3059 1219 3106 Et
1228 3058 1288 3120 sor-

151 3136 176 3179 et
192 3129 281 3194 lyram.
310 3132 413 3181 Rectius
429 3132 514 3180 Diana
535 3135 600 3196 apud
621 3134 696 3197 Virg.
739 3137 1288 3200 midatarnParthir,teprincipe,Romam.

151 3209 171 3258 1.
189 3209 254 3259 Aen.
273 3211 328 3260 501.
343 3213 495 3274 pharetram
507 3214 571 3261 Fert
587 3215 697 3274 humera,
738 3213 922 3278 Antiquissima
942 3213 1017 3263 editio
1041 3215 1160 3264 Loscheri
1184 3217 1212 3264 in
1237 3231 1288 3265 non

150 3292 313 3354 prodierisque
329 3293 399 3341 Deae
415 3293 590 3355 supereminet
607 3307 696 3341 carnes.
738 3295 820 3344 hahet.
850 3293 878 3344 Si
894 3293 921 3341 in
937 3294 1014 3345 MSS.
1032 3294 1135 3353 deesset,
1151 3295 1288 3358 legendum

184 3371 238 3418 Hic
255 3371 345 3418 bellum
364 3373 543 3434 lacrymarum,
565 3373 605 3421 iic
626 3374 697 3421 mise·
738 3373 876 3423 crederem:
905 3375 1021 3437 principe
1049 3374 1164 3434 Caesare,
1191 3378 1289 3425 Persae

150 3462 206 3494 ram
217 3446 323 3508 sanum.
353 3448 459 3498 Vestrae
480 3464 563 3513 preces
585 3450 696 3498 animum
737 3454 812 3515 inque
833 3453 983 3502 Britannos.
1009 3451 1105 3502 Graeca
1125 3454 1233 3511 ratione,
1259 3461 1289 3503 ut

150 3526 262 3572 Deorum
279 3526 427 3584 movebunt,
449 3535 474 3576 et
490 3528 585 3592 Apollo
602 3529 696 3578 bellum
739 3548 762 3581 v.
780 3546 801 3580 c.
819 3532 953 3580 Anacreon
970 3529 1054 3581 Oarm.
1073 3531 1206 3581 XXXIII.
1230 3538 1288 3581 Χει-

151 3602 252 3651 enobis
270 3604 399 3653 amovebit.
426 3607 510 3670 Ipsam
528 3608 615 3656 salutis
637 3607 695 3658 affe·
737 3614 801 3674 μῶνι
818 3608 838 3658 δ’
856 3613 890 3667 εἷς
912 3611 1025 3675 ἄφαντος
1047 3607 1080 3658 Ἠ
1106 3611 1199 3660 Νεῖλον
1215 3612 1231 3671 ἣ
1249 3611 1288 3662 ’πὶ

150 3682 240 3730 rendae
257 3681 377 3731 actionem
389 3684 443 3733 Deo
454 3686 696 3750 potiustribuitsqui
739 3687 846 3754 Μέμφιν.
880 3689 968 3737 Horat.
982 3688 1033 3737 111.
1051 3688 1135 3739 Carm.
1152 3691 1193 3740 25.
1215 3693 1289 3751 Quae

149 3761 238 3820 ctiam,
261 3761 406 3811 conciliatus
427 3765 544 3814 laudibus
565 3766 651 3814 matris
672 3773 697 3816 et
738 3783 852 3829 nemora,
868 3782 1007 3831 quoe-apoc
1022 3769 1051 3817 in
1067 3783 1163 3831 specus.
