2916 5220
546 301 721 366 LIBER
769 305 793 366 l.

282 485 325 549 Te
347 507 470 571 pauper
494 485 599 551 ambit
622 486 765 551 sollicita
786 509 880 572 prece

280 577 378 652 Ruris
402 587 556 670 colonus,
580 594 613 653 te
636 588 805 653 dominam
828 591 993 676 aequoris,

329 689 537 776 Quicumque
561 690 707 774 Bithyna
729 690 862 757 lacessit

371 790 586 878 Carpathium
607 793 744 878 pelagus
768 794 887 859 carina.

282 896 324 961 Te
349 895 460 961 Dacus
483 917 593 980 asper,
618 900 651 961 te
674 895 806 982 profugi
830 897 970 980 Scythae

280 999 451 1085 Urbesque
478 1005 658 1084 gentesque
690 1005 723 1064 et
747 1000 880 1064 Latium
904 1001 1010 1084 ferox,

324 1101 518 1187 Regumque
542 1107 663 1167 matres
687 1102 898 1168 barbarorum
931 1110 964 1169 et

371 1205 531 1290 Purpurei
554 1208 708 1269 metuunt
731 1206 878 1289 tyranni,

280 1306 444 1372 Iniurioso
468 1329 509 1372 ne
531 1307 615 1392 pede
636 1329 772 1393 proruas

281 1410 433 1476 Stantem
456 1409 660 1493 columnam,
685 1433 750 1475 nen
772 1411 914 1497 populus
939 1413 1091 1499 frequens

322 1512 378 1578 Ad
401 1534 492 1578 arma
514 1518 678 1578 cessantes
702 1513 744 1577 ad
767 1536 857 1580 arma

369 1615 521 1681 Concitet
548 1615 787 1702 imperiumque
810 1617 949 1704 frangat.

98 1772 226 1837 scripsisse
242 1773 334 1835 potuit:
350 1773 465 1822 Mortale
475 1774 566 1836 colpus.
583 1771 648 1820 Vul-
689 1775 799 1823 mereede
814 1775 935 1824 colonum.
960 1775 1016 1823 Iam
1033 1776 1111 1826 ultera
1126 1778 1238 1829 illacen-

98 1868 146 1916 gns
170 1852 291 1911 mortale,
316 1857 374 1900 sunt
397 1852 515 1901 mortales
540 1850 649 1908 obscuri,
689 1851 794 1900 structio
832 1855 939 1915 Pauper
971 1855 1072 1903 colmane
1103 1859 1182 1906 amnt
1216 1865 1241 1908 te

98 1931 219 1991 humiles,
244 1946 304 1995 quaa
327 1947 359 1981 aa
383 1932 473 1980 humili
492 1946 590 1980 suminio
616 1932 651 1979 aa
686 1946 774 1993 prece,
790 1938 815 1980 te
830 1934 956 1982 dominam
972 1936 1053 1991 raros,
1070 1940 1108 1984 est
1124 1937 1199 1997 dura,
1215 1945 1239 1986 et

91 2012 207 2076 surripio
223 2028 309 2062 rerum
326 2011 561 2072 Extollit,·qooties
571 2012 652 2060 volun
688 2011 769 2059 inanis
785 2011 898 2075 repetitio
913 2014 1065 2076 pronominis
1083 2021 1113 2066 te.

99 2094 218 2140 Fortuna
242 2092 335 2147 meari,
358 2095 386 2137 ut
410 2094 448 2138 est
472 2089 498 2136 in
519 2088 649 2138 Iuvenale.
724 2091 835 2155 Proserpi
856 2078 975 2154 Scythae?
1006 2092 1061 2142 Iam
1084 2095 1238 2146 scholiastae

97 2170 218 2220 Horatius
235 2171 321 2219 oderat
336 2168 430 2231 vulgus
446 2168 595 2229 nentiquam,
612 2170 649 2216 in·
690 2171 758 2219 vario
782 2171 855 2220 modo
879 2185 1007 2234 accepere,
1034 2173 1075 2222 rel
1101 2177 1239 2233 Nomades,

90 2250 195 2313 fidam,
209 2249 355 2314 profanum.
690 2244 729 2293 vel
746 2246 905 2312 insopr'endn
920 2253 1067 2300 iaculantes.
1101 2254 1186 2302 Dacus
1199 2271 1238 2304 oe·

133 2331 170 2378 Te
183 2344 285 2392 pauper
296 2329 375 2378 ambit
385 2328 498 2376 sollicito
506 2341 582 2388 prece
594 2328 649 2375 Ru·
687 2338 748 2385 per,
765 2326 868 2375 Latium
879 2328 972 2389 serua,
988 2332 1116 2393 postulant
1133 2339 1162 2380 ut
1179 2333 1238 2397 Scy-

96 2409 135 2456 ria
155 2409 265 2458 colonae.
303 2407 419 2456 Fortuna
440 2406 467 2453 in
488 2404 572 2453 numia
593 2420 649 2454 oon·
690 2403 747 2450 thee
763 2405 920 2466 appellentur
937 2421 953 2454 a
969 2421 996 2456 re
1012 2409 1107 2472 aliqua,
1118 2411 1238 2460 Romanis

96 2486 203 2548 spieitur
219 2485 321 2543 stolata,
340 2485 429 2534 dextra
449 2491 535 2533 tenens
558 2484 648 2547 guber·
691 2481 808 2531 timenda.
842 2484 954 2533 Maxime
975 2492 1057 2535 autem
1075 2488 1195 2538 timebant
1211 2492 1237 2540 fi-

96 2565 230 2622 naculum,
242 2565 316 2613 laeva
327 2579 406 2614 cornu
420 2564 516 2627 copiae:
528 2564 577 2611 vid.
587 2563 649 2612 Bur·
690 2568 756 2608 ctam
774 2561 926 2626 Scytharum
942 2570 967 2611 et
978 2564 1131 2615 Parthorum
1142 2568 1237 2631 fugam.

96 2658 183 2692 mann.
208 2645 241 2691 ud
265 2644 397 2692 Emendat.
422 2642 521 2692 Valesii
547 2643 583 2690 II.
609 2643 650 2690 24.
691 2638 781 2689 Glossa
797 2640 854 2691 MS.
873 2644 901 2690 in
911 2641 1035 2706 supinato
1048 2648 1180 2706 proelium.

96 2723 188 2786 Itaque
204 2724 266 2772 bene
282 2738 337 2772 eam
354 2730 488 2772 veneratur
505 2736 599 2784 pauper
609 2737 650 2771 ru·
723 2721 853 2769 Iniuriam
869 2737 900 2770 ne
912 2725 976 2782 pede
990 2739 1106 2785 mornas.
1140 2724 1236 2776 Comm.

96 2805 131 2850 ris
151 2802 267 2863 colonus,
288 2803 351 2852 bene
372 2803 457 2851 navita
478 2809 507 2849 ut
524 2802 650 2850 dominam
691 2797 829 2847 “Iniuriam
849 2801 981 2859 inserente,
1002 2803 1128 2862 iracundo,
1145 2814 1174 2854 nt
1191 2806 1237 2856 ibi:

96 2883 217 2945 aequoris.
243 2884 387 2933 Markland,
406 2884 437 2932 ad
454 2884 542 2946 Eurip,
561 2884 649 2948 Suppl,
690 2892 747 2927 cnm
760 2878 843 2927 Turni
854 2881 951 2929 iniuria
963 2888 1070 2932 nantrem
1083 2886 1237 2934 admonuit.''

95 2977 154 3025 pag.
172 2963 229 3011 254.
247 2961 321 3025 legit:
341 2964 377 3011 Te
391 2978 492 3026 pauper
509 2964 588 3011 ambit
599 2966 649 3012 sol·
689 2954 753 3017 Leg.
769 2961 799 3004 “l
820 2959 908 3020 Vistil·
926 2960 973 3008 Est
990 2976 1022 3010 ex
1040 2961 1089 3011 IX·
1101 2961 1166 3012 Aen.
1184 2965 1237 3013 108.

97 3042 172 3089 la'oito
182 3056 263 3103 prece.
286 3042 650 3099 Rarireolonastedorna'nam‚
723 3036 781 3084 Neu
803 3039 914 3098 populna
938 3040 1064 3103 frequens
1098 3044 1141 3090 Ad
1163 3059 1238 3093 arma

95 3121 211 3182 aequata
225 3135 261 3183 sq.
274 3119 335 3168 Vid.
348 3126 374 3167 et
390 3119 483 3168 Klotzii
494 3120 649 3169 ActaLiter.
689 3121 810 3163 cessantes
826 3119 861 3165 od
876 3133 950 3167 arma
977 3119 1098 3169 Concitet.
1133 3121 1238 3171 Minime

97 3198 128 3247 Τ,
146 3198 168 3246 I,
186 3198 312 3262 pag,201,
330 3198 545 3248 Wolfiusautem:
560 3202 649 3257 Ruris,
689 3205 746 3240 cum
770 3195 823 3244 viro
843 3196 913 3244 (lOOiO
935 3196 1073 3246 faciendum
1094 3206 1165 3261 puio,
1193 3202 1237 3263 qui

95 3279 206 3338 colonus,
223 3284 248 3327 re
263 3279 397 3335 donuinam,
414 3278 461 3325 hoo
477 3285 527 3326 est:
546 3279 590 3338 Te,
608 3294 648 3326 ru-
688 3270 771 3335 iungit
780 3274 905 3336 frequens
921 3278 956 3323 ad
966 3292 1046 3324 carno.
1077 3277 1236 3341 Quamquam

95 3357 130 3404 ris
163 3356 300 3414 dominam,
330 3356 434 3405 colonus
467 3357 580 3417 invocat,
607 3364 647 3415 te,
688 3350 735 3399 hoo
758 3366 808 3400 non
833 3359 886 3401 erat
911 3368 1010 3404 novum.
1036 3355 1133 3405 Comm.
1160 3356 1237 3422 Cruq.

96 3435 208 3497 aequoris
224 3435 358 3493 dominam,
373 3441 458 3483 nauta,
475 3436 510 3484 Et
525 3450 597 3499 saepe
612 3436 648 3484 ita
690 3430 816 3491 Frequem
832 3434 867 3480 ad
882 3449 967 3494 arma,
986 3437 1119 3484 bellicosus.
1144 3436 1236 3484 Melius

95 3527 147 3562 vox
173 3512 269 3576 aliqua,
299 3514 375 3563 semel
400 3514 492 3576 posita,
516 3515 647 3577 cogitando
688 3505 856 3570 Porphyrius:
874 3512 945 3560 Bene
962 3515 1101 3562 tumultum
1109 3516 1237 3576 culparem

96 3592 229 3655 repetenda
242 3598 285 3640 est.
297 3591 358 3641 Vid.
371 3591 478 3642 Goeller.
491 3592 646 3657 udThueyd.
687 3588 811 3648 expressit
832 3593 970 3652 repetendo.
1003 3591 1087 3642 Multa
1106 3594 1236 3656 poetarum

96 3671 131 3719 V,
149 3671 189 3722 47,
202 3669 277 3719 etiam
288 3670 377 3719 doeens
389 3671 430 3720 hic
440 3675 510 3720 ruris
522 3674 646 3721 dominam
688 3667 803 3730 exempla
810 3669 933 3732 congessit
941 3670 1061 3720 Heinsius
1070 3671 1235 3723 adoriuxl.

95 3755 121 3797 et
145 3751 260 3812 aequoria
286 3751 412 3798 danicam
436 3765 488 3799 esse
512 3752 646 3815 iungenda.
687 3744 789 3795 Metam.
808 3748 863 3800 377.
881 3751 968 3798 conati
984 3750 1108 3810 coturnus,
1125 3757 1150 3800 et
1163 3767 1236 3800 orma
1295 3790 1298 3796 .

94 3829 153 3890 Ego
166 3843 266 3891 pauper
284 3843 299 3875 a
316 3830 398 3878 colman
414 3843 464 3878 non
482 3831 645 3892 separandum
688 3828 770 3874 Arnru
786 3843 953 3888 capessamus.
986 3828 1062 3876 Adde
1078 3829 1187 3878 Brisson.
1206 3831 1236 3878 de

94 3913 164 3969 puto.
200 3907 286 3956 Coloni
302 3912 327 3956 et
340 3921 466 3970 pauperes
482 3909 548 3972 apud
565 3910 645 3959 Hora·
686 3904 769 3954 Form.
787 3907 835 3955 IV.
853 3908 876 3955 3.
898 3908 934 3954 14.
957 3906 1083 3954 Bentleius
1100 3914 1181 3955 toturn
1198 3907 1236 3954 lo·

94 3987 160 4034 tium
176 3991 235 4033 sunt
254 3985 335 4034 iidem.
373 3987 476 4036 Colonor
496 3992 521 4036 et
541 3989 646 4037 rusticos
686 3999 744 4032 cnm
761 3985 797 4032 sic
813 3990 906 4032 mutat:
928 4000 976 4032 nen
997 3986 1106 4046 populus
1120 3986 1236 4047 fremens

94 4065 147 4114 sive
168 4066 291 4127 spinolas
307 4065 431 4115 discernit.
449 4065 484 4114 ΙΙ.
502 4065 587 4116 Germ.
607 4068 645 4116 ll.
686 4067 721 4114 od
736 4079 809 4113 arma
825 4065 1001 4112 cursanterod
1013 4079 1087 4111 armo
1113 4063 1234 4112 Concitet.

96 4146 155 4194 Sive
182 4146 319 4207 repensiva
339 4148 424 4207 inopes
445 4147 538 4194 erirnas
558 4147 644 4194 coloni.
686 4144 753 4193 Dicit
774 4157 800 4191 se
828 4156 877 4191 non
898 4142 1049 4205 intelligere,
1071 4143 1171 4204 quinam
1196 4157 1233 4190 es-

96 4223 132 4272 11.
164 4223 216 4272 Sat.
250 4224 274 4272 2.
303 4224 357 4272 114.
386 4226 471 4273 addens
502 4229 594 4273 metato
618 4226 644 4272 in
686 4229 754 4279 sent,
776 4236 837 4285 quos
858 4220 966 4284 populus
987 4222 1018 4269 ad
1039 4235 1110 4270 arma
1129 4221 1236 4269 eoncita-

94 4303 173 4365 apello
193 4303 257 4352 Cant
279 4317 367 4365 pecore
394 4309 418 4351 et
443 4305 528 4365 precatis
547 4303 645 4365 fortene
687 4308 731 4351 ret.
766 4302 821 4364 Ego
848 4300 918 4349 illam
941 4301 1103 4350 mutationem
1125 4314 1174 4348 non
1196 4315 1234 4349 se·
