2916 5220
235 325 300 387 228
644 320 962 384 CARMINUM

457 508 567 572 Rubro
591 506 751 591 sanguine
775 506 861 570 rivos

503 609 631 675 Lascivi
656 609 785 675 suboles
809 608 928 694 gregis.

413 714 456 778 Te
478 713 649 798 flagrantis
674 720 767 778 atrox
790 713 870 776 hora
892 710 1068 776 Caniculae

412 817 526 882 Nescit
550 824 700 901 tangere,
727 822 764 880 tu
786 815 891 900 frigus
916 813 1058 879 amabile

459 921 570 985 Fessis
595 941 724 985 vomere
748 918 851 984 tauris

502 1022 641 1087 Praebes
665 1028 699 1087 et
722 1021 829 1106 pecori
852 1043 944 1106 vago.

413 1126 488 1191 Fies
512 1125 674 1190 nobilium
698 1133 735 1190 tu
759 1146 886 1210 quoque
909 1124 1069 1206 fontium,

414 1228 468 1292 Me
492 1228 622 1294 dicente
645 1229 732 1294 cavis
758 1228 947 1314 impositam
971 1227 1081 1292 ilicem

457 1331 571 1414 Saxis,
596 1333 683 1397 unde
706 1333 857 1417 loquaces

504 1435 672 1520 Lymphae
696 1435 855 1500 desiliunt
878 1440 961 1500 tuae.

264 1574 327 1621 Fies
352 1573 472 1621 nobilium
494 1577 523 1619 ta
545 1587 641 1634 qaoque
655 1572 777 1636 sentiam.
821 1572 888 1619 hunc
896 1571 1028 1621 vorborum
1039 1571 1151 1619 ordinem
1159 1571 1280 1620 instituit:
1298 1573 1374 1620 Unde

229 1649 331 1700 callim.
358 1649 391 1698 H.
410 1649 467 1698 Del.
488 1652 543 1699 131.
578 1652 628 1699 Kal
650 1650 729 1715 μόνος
751 1651 779 1698 ἐν
820 1652 937 1713 lymphae
954 1657 1013 1700 taae
1029 1651 1150 1699 desiliant
1167 1651 1288 1712 bqaaees,
1302 1651 1373 1713 quod

232 1733 386 1793 ποταμοῖσιν
403 1729 555 1794 ἀτιμότατος
575 1730 717 1780 καλέεσθαι.
798 1736 856 1783 test
877 1745 923 1793 pro
939 1731 1082 1792 loquaciter.
1116 1729 1185 1791 Ego,
1207 1729 1228 1776 si
1249 1729 1372 1791 cogitem,

268 1811 340 1858 Unde
365 1810 479 1870 loquaces
504 1812 635 1873 Lymphae
659 1811 779 1858 desiliant
819 1823 896 1871 quam
920 1823 1009 1872 parum
1030 1808 1056 1855 in
1078 1807 1155 1857 MSS.
1177 1806 1293 1855 differant
1311 1814 1373 1856 tuae

231 1893 297 1935 tuae.
340 1885 405 1934 Mihi
434 1901 530 1950 semper
559 1887 683 1951 displicuit
712 1895 778 1937 tuae.
819 1894 844 1936 et
866 1890 944 1948 pede,
969 1887 1041 1935 credo
1069 1887 1201 1935 Horatium
1226 1886 1371 1949 scripsisse:

229 1965 288 2014 Non
305 1965 459 2014 desideratur
473 1966 622 2015 adiectivum
635 1981 778 2029 pronomen,
825 1968 897 2015 Unde
914 1967 1012 2028 loquaci
1024 1967 1154 2028 Lymphae
1166 1967 1289 2014 desiliant
1297 1970 1370 2027 pede.

157 2092 161 2100 ,
230 2058 309 2107 neque
330 2045 445 2107 castigati
466 2046 594 2107 scriptores
611 2045 647 2093 ita
664 2051 778 2093 utuntur.
820 2043 908 2093 Horat.
937 2045 1017 2107 Epod.
1048 2044 1124 2093 XVI.
1152 2047 1191 2097 47.
1234 2046 1372 2095 Montibus

230 2123 312 2171 Aliud
329 2130 381 2181 est,
399 2123 420 2171 si
432 2123 558 2187 Virgilius
570 2124 649 2173 VIII.
667 2124 732 2173 Aen.
745 2126 778 2176 72
820 2125 882 2172 altis
908 2126 982 2172 Levis
1007 2130 1126 2186 crepante
1151 2125 1256 2187 lympha
1283 2125 1372 2172 desilit

230 2200 301 2249 dicit:
332 2205 431 2266 Teque,
456 2206 599 2268 oThybrt,
622 2210 664 2252 tuo
680 2206 778 2266 ueniter
816 2203 887 2260 pede.
921 2201 1015 2250 Poitae
1035 2207 1140 2250 utuntur
1161 2204 1254 2265 loquax
1279 2202 1311 2250 de
1333 2217 1371 2251 re-

229 2282 406 2343 camflamiue
422 2289 516 2332 structo.
551 2283 641 2334 Servat
657 2283 776 2331 nimirum
819 2280 881 2338 bus,
906 2296 995 2330 sonum
1019 2283 1137 2332 leviorem
1161 2281 1299 2328 edentibus.
1336 2283 1371 2337 Et

228 2360 255 2408 in
276 2376 304 2411 re
325 2363 396 2426 gravi
417 2362 545 2424 antiquam
566 2361 699 2410 verborum
721 2378 776 2424 gra·
819 2361 919 2410 Momus
927 2362 1033 2412 Veneris
1045 2362 1133 2426 pedem
1144 2360 1286 2425 appellabat
1297 2362 1371 2411 κωτί-

228 2441 331 2489 vitatem
357 2448 382 2492 et
406 2441 599 2505 simplicitatem:
625 2442 692 2504 quod
709 2443 735 2489 in
752 2442 775 2489 h.
817 2441 872 2490 λον.
900 2441 959 2491 Vid.
976 2441 1051 2490 Voss.
1069 2442 1101 2489 ad
1118 2440 1296 2503 Catullum,p.
1309 2443 1371 2492 290.

229 2518 247 2568 l.
264 2534 314 2568 non
332 2522 404 2569 eadit.
434 2520 554 2569 Horatius
566 2520 605 2568 hic
616 2519 691 2568 etiam
702 2521 776 2568 vitas·
818 2520 860 2583 qui
878 2521 976 2569 laudat:
997 2520 1036 2570 trs
1054 2521 1138 2585 τρύζοι
1154 2520 1234 2578 αὐτῆς
1252 2520 1280 2568 τὸ
1298 2518 1370 2568 ὑπό-

229 2605 266 2646 set
286 2606 385 2663 propter
406 2600 475 2648 aliud
492 2599 640 2648 adiectivum
658 2601 776 2661 loquaces.
818 2599 896 2663 δημα,
914 2600 954 2647 καὶ
971 2600 1033 2647 λίαν
1050 2599 1086 2659 εἴη
1102 2598 1194 2647 λάλον.
1228 2598 1314 2646 Locus
1332 2609 1371 2648 est

229 2675 338 2725 Offendit
354 2677 616 2741 quoqueBcntlcium,
634 2692 684 2740 quo
697 2678 776 2726 iudice
817 2677 963 2728 Philostrati
980 2679 1005 2725 in
1022 2679 1154 2741 Epist21.
1189 2677 1369 2728 ContValck.

228 2755 292 2816 sapit
308 2757 443 2805 orationem
460 2772 571 2819 prosam,
589 2758 630 2819 qui
648 2764 776 2820 propterea
795 2766 798 2837 J
818 2759 849 2805 ad
866 2757 993 2806 Theocriti
1009 2757 1086 2821 Idyll.
1105 2757 1189 2806 decom
1205 2771 1262 2819 pag.
1283 2758 1341 2810 107.

704 2897 898 2921 -Θθθθο-

610 3037 856 3102 OARMEN
901 3039 992 3105 XIV.

407 3173 573 3258 Herculis
595 3194 661 3255 rita
683 3190 772 3255 moda
795 3190 916 3274 dictas,
942 3213 959 3255 ο
976 3191 1087 3276 plebs,

407 3303 511 3367 Morte
534 3300 670 3366 uenalem
687 3304 821 3385 petiisse
844 3298 968 3366 lauram

381 3467 534 3516 CARMEN
551 3469 619 3517 XIV
851 3441 874 3488 0
888 3442 965 3503 plebs.
997 3440 1055 3489 Non
1071 3442 1144 3490 credo
1160 3441 1240 3490 simile
1256 3443 1367 3492 inomni

621 3506 626 3516 '
815 3520 951 3568 Latinitate
980 3521 1079 3583 reperiri
1112 3522 1263 3585 exemplum.
1307 3524 1366 3573 Iam

259 3563 400 3646 Hecale
417 3598 479 3645 etta.
512 3597 550 3646 Ut
571 3598 647 3646 verba
663 3611 715 3646 sese
731 3597 774 3644 ha·
814 3597 960 3646 inusitatum
971 3599 1099 3649 accidisset
1114 3616 1128 3650 ο
1144 3603 1242 3664 popule.
1261 3601 1366 3663 Quanto

227 3675 298 3735 bent,
316 3675 450 3736 Angustus
467 3674 595 3724 dicebatur
611 3676 662 3724 ritu
679 3676 773 3725 Hercu·
814 3677 894 3739 magis
910 3694 924 3727 ο
938 3681 1015 3739 plebs.

225 3754 257 3802 lis
283 3755 379 3817 petiisse
409 3751 509 3800 laurum
542 3759 621 3802 morte
653 3753 792 3803 venalem.'
847 3756 1050 3806 Martevenalem
1058 3759 1162 3820 petiisse
1170 3760 1279 3807 lauram.
1296 3760 1363 3808 Lau-

226 3833 299 3894 Quod
324 3847 405 3895 neque
429 3832 456 3878 in
481 3831 590 3881 Hercule
615 3847 703 3881 verum
728 3839 772 3882 est.
813 3848 869 3881 rum
886 3835 961 3883 multi
981 3842 1080 3898 petunt,
1101 3850 1152 3885 non
1173 3851 1257 3886 omnes
1278 3852 1363 3888 conse-

225 3913 339 3975 Inngunt
355 3913 501 3974 interpretes
524 3913 646 3961 Herculis
663 3914 718 3960 rita
735 3929 772 3961 re·
813 3920 931 3976 quantur.
966 3914 1099 3978 Augustus
1124 3923 1191 3965 certe
1214 3925 1364 3967 consecutus

221 3994 290 4054 petit
310 3994 389 4042 victor
413 3996 525 4054 penates.
560 3989 608 4040 Sed
634 3990 677 4038 ubi
702 3998 774 4039 erant
813 3999 861 4048 est,
884 3992 927 4055 qui
950 3994 1029 4043 victor
1047 3995 1154 4044 redierit.
1188 3997 1260 4059 Ergo
1270 3997 1362 4060 Augu-

224 4069 342 4119 Herculis
359 4076 474 4133 penates,
493 4070 575 4128 illius,
596 4070 640 4133 qui
661 4084 704 4131 per
721 4084 772 4118 om·
812 4077 866 4119 stus
883 4079 996 4121 mortuus
1011 4075 1094 4122 rediit.
1132 4073 1200 4122 Nam
1217 4075 1259 4137 qui
1277 4089 1361 4125 conse·

223 4163 281 4196 nem
297 4149 375 4197 vitam
392 4163 469 4210 capas
486 4152 554 4197 erat?
583 4148 654 4196 Etsi
671 4147 717 4196 hoc
730 4163 772 4197 vo·
812 4150 898 4213 quitur
914 4150 1014 4199 laurum
1031 4158 1111 4201 morte
1128 4151 1256 4210 venalem,
1272 4154 1293 4201 is
1309 4168 1360 4201 non

224 4225 309 4274 luisset
326 4233 424 4284 auctor,
446 4227 521 4275 verba
542 4226 637 4275 facilius
658 4228 772 4278 ordinare
812 4230 969 4292 consequitur
985 4231 1034 4279 nisi
1054 4231 1134 4294 pretio
1155 4232 1248 4281 mortis.
1282 4232 1358 4282 Com-

224 4305 350 4364 potuisset.
812 4314 888 4357 ment.
914 4309 963 4357 iam
989 4310 1101 4358 laudavit
1125 4310 1279 4373 Virgiliana:
1309 4313 1361 4361 Est
