2916 5220
550 330 724 393 LIBER
771 333 814 394 ΙΙ.

287 515 442 579 Potamos
464 519 573 580 aactil
597 516 750 600 Dissipat
773 517 873 582 Etias

291 616 395 681 Caras
417 617 535 683 edaces.
588 619 666 699 Qais
681 641 768 704 paer
791 624 876 685 aciae

333 721 514 807 Reatiapaet
537 721 681 786 ardeatis
709 721 843 786 Falerni

374 823 498 888 Pacata
515 833 739 908 praetereunte
763 824 913 910 lympha?

288 925 368 1005 Qais
390 925 511 992 tactam
533 936 669 992 scaram
691 926 791 992 eliciet
813 927 902 992 danao

286 1030 422 1115 lactea?
461 1031 611 1116 Eiaraa,
635 1032 686 1097 dio
709 1055 785 1119 ape,
810 1055 878 1098 cam
902 1033 973 1118 lyra

330 1135 552 1218 Mataret‚'ia
572 1144 703 1200 comtum
722 1137 890 1201 Lacaenae

372 1239 464 1304 Mare
486 1260 590 1304 coraas
611 1238 747 1325 reiipata
769 1241 891 1306 aodaaa

103 1403 202 1451 nardus
222 1403 325 1462 dixisse,
345 1417 414 1452 nunc
433 1406 549 1452 aeratam.
580 1402 648 1450 Neu·
692 1401 778 1453 lariter
802 1405 887 1468 exigit.
921 1406 994 1455 Hanc
1019 1408 1108 1471 Lyden
1132 1420 1177 1454 cnr
1201 1407 1241 1455 hic

103 1485 171 1527 trum
188 1495 267 1542 genus
284 1480 375 1544 ubique
391 1481 504 1544 praefert.
693 1482 828 1544 appellaret
838 1490 962 1544 coortam,
979 1490 1015 1542 et,
1028 1485 1093 1548 quod
1105 1484 1178 1533 etiam
1190 1491 1240 1532 tnr-

140 1561 205 1618 Qaia
228 1576 292 1623 puer
316 1563 390 1610 ocius.
425 1560 546 1609 Horatius
571 1560 651 1623 potins
692 1561 761 1623 pius,
777 1564 890 1611 deviam
922 1565 986 1613 Erat
1008 1564 1069 1612 haec
1090 1562 1241 1611 consuetudo

101 1640 251 1703 scripsisset:
269 1641 345 1699 Qua,
358 1641 443 1702 paeri,
455 1641 523 1689 cana
539 1638 651 1689 utClau-
692 1641 853 1703 interpretum
865 1641 1075 1703 Christianorum,
1092 1648 1121 1690 ut
1137 1643 1240 1701 amicas,

103 1718 168 1766 dian.
186 1719 263 1782 Nupt
285 1719 380 1767 Honor.
400 1718 453 1767 128.
480 1719 577 1781 Ecquis
593 1720 651 1780 erit,
692 1719 832 1779 libertinas,
852 1735 935 1769 servas
952 1719 1083 1779 formosas,
1100 1725 1125 1769 et
1141 1719 1240 1768 omnino

99 1799 189 1858 pam,
206 1825 238 1835 —
257 1825 288 1834 -
304 1799 438 1860 quinaret.

137 1878 236 1926 Patala
244 1880 419 1938 praetereunte
429 1878 540 1938 lympha.
554 1876 591 1925 Ut
598 1876 650 1925 Ho-

102 1954 195 2002 ratius:
210 1954 398 2017 ripasflamiaa
409 1961 580 2017 praetereant.
592 1956 650 2014 Hic,

48 2040 54 2049 ·
101 2039 173 2095 puto,
193 2033 274 2092 aliud,
295 2033 433 2096 elegantius
454 2033 577 2096 posuisset
597 2036 647 2099 epi-

102 2111 195 2160 theton.
205 2111 399 2162 Commeutator:
408 2113 569 2162 “decurrente
577 2129 649 2176 aqua,

100 2190 195 2239 scilieet
210 2191 324 2249 fontana,
340 2198 470 2255 tamquam
487 2193 557 2255 potui
573 2193 605 2240 sit
616 2193 649 2242 le-

101 2271 172 2329 uior,
194 2277 233 2319 nt:
252 2271 340 2334 scates
365 2272 456 2333 liquidi
475 2278 552 2335 atque
566 2274 649 2321 excita

94 2351 211 2412 flattina
227 2351 328 2400 carea.'’
346 2351 398 2400 Ubi
406 2351 455 2413 leg.
468 2353 586 2400 exercita.
603 2353 650 2401 Est

100 2428 169 2478 enim
186 2429 289 2492 Virgilii
305 2429 355 2478 111.
373 2428 464 2491 Georg.
483 2429 539 2477 529.

139 2510 204 2567 Quis
224 2510 322 2557 maana
342 2514 452 2558 scortata
476 2509 560 2557 eliciet
579 2510 649 2558 donae

100 2588 206 2649 Lyden?
232 2588 326 2637 Elieiet
347 2593 372 2635 et
396 2600 455 2634 mox
476 2588 516 2636 dio
538 2593 649 2637 mataret

98 2679 150 2715 non
163 2666 321 2714 conveniunt.
339 2665 424 2729 Lyde,
437 2665 459 2713 si
474 2664 584 2725 elicitur,
598 2681 648 2714 uon

99 2744 153 2793 siue
173 2744 269 2804 labore,
294 2743 452 2802 muneribus,
477 2750 502 2793 et
523 2743 648 2795 blanditiis

98 2823 205 2872 elicitur.
223 2823 356 2873 Claudiae.
375 2823 479 2886 Eutrop.
496 2822 518 2871 I.
530 2823 575 2871 81:
593 2825 646 2873 Ειι-

98 2902 195 2965 tropius
212 2903 237 2950 in
249 2901 373 2951 eliciendis
384 2902 531 2951 mulieribus
541 2916 648 2966 magnus

97 2987 154 3030 erat
171 2980 272 3030 artifex:
294 2998 366 3044 qaam
390 2983 456 3029 aalli
470 2987 591 3042 poterant
606 2998 647 3032 ea-

95 3062 197 3110 cladere
221 3066 306 3108 vectes.
341 3061 392 3108 Ille
416 3061 454 3108 vel
475 3065 566 3108 aerata
592 3063 647 3110 Da-

97 3139 166 3186 aaia
182 3139 209 3186 in
227 3143 298 3186 turre
315 3140 434 3186 latentem
449 3140 568 3187 Eliceret.
601 3140 647 3200 At,

96 3219 156 3267 “dio
169 3223 293 3278 maturet,
305 3217 389 3264 statim
404 3217 487 3266 veniat
504 3231 559 3265 cnm
578 3218 646 3281 lyra,

95 3296 207 3345 crinibus
222 3297 256 3345 ob
271 3296 451 3346 festinationem
468 3297 533 3346 nodo
549 3304 647 3348 tautum

95 3375 221 3438 religatis,
232 3390 274 3433 ne,
287 3375 348 3424 dum
359 3374 483 3423 moliendo
494 3382 519 3425 et
529 3379 647 3427 comendo

96 3469 179 3503 annus
187 3455 284 3515 fieret‚’'
296 3455 357 3504 haec
373 3469 424 3504 uon
440 3462 499 3503 suut
515 3456 646 3516 elicientis,

95 3535 140 3583 sed
157 3550 203 3597 pro
218 3532 448 3597 imperio'inbentis.
467 3535 582 3584 Scortum
594 3536 645 3585 Ho-

95 3612 176 3661 ratius
200 3627 324 3675 nusquam
350 3611 397 3659 nisi
419 3612 445 3660 in
469 3615 645 3664 contumeliam

95 3693 190 3755 posuit,
211 3706 291 3754 neque
312 3690 359 3738 hac
383 3696 464 3739 aetate
485 3693 556 3741 aliter
572 3708 645 3757 pone-

692 1813 776 1849 omues
792 1800 896 1850 feminas
912 1798 1013 1848 liberius
1024 1799 1142 1858 viventes,
1158 1795 1239 1860 appel-

692 1877 774 1927 larent
788 1885 873 1929 coorta
884 1881 1065 1928 etmeretricee.
1092 1877 1133 1927 Sic
1141 1877 1238 1927 Comm.

692 1955 769 2020 Cruq.
791 1959 823 2006 ad
843 1957 879 2006 H.
902 1956 987 2007 Carm.
1004 1955 1028 2004 8.
1062 1956 1109 2005 “In
1130 1956 1239 2004 Barinen

691 2037 845 2085 meretricem
852 2035 875 2078 ··’'
892 2040 917 2084 et
941 2040 1034 2085 tectam
1050 2035 1151 2097 exponit
1167 2037 1238 2097 lapa-

691 2130 747 2162 aar.
775 2114 842 2175 Quid
859 2119 942 2163 autem
959 2113 992 2162 sit
1008 2115 1105 2163 mam
1120 2121 1238 2173 scortum,

691 2192 721 2241 de
737 2206 765 2241 eo
781 2194 926 2258 interpretes
946 2192 1021 2256 plane
1045 2191 1168 2240 contraria
1184 2207 1238 2242 sen·

691 2271 767 2331 tiunt,
786 2273 828 2321 alii
845 2272 990 2335 accipientes
1006 2273 1119 2321 amathas
1140 2275 1238 2333 amate,

690 2349 741 2409 alii,
758 2350 825 2400 etin
841 2351 880 2398 his
895 2350 998 2413 primus,
1014 2355 1043 2397 ut
1059 2349 1165 2406 videtur,
1183 2349 1237 2399 Sal·

690 2430 782 2478 mesina
799 2430 831 2477 ad
844 2429 949 2479 Tertull.
967 2429 997 2476 de
1014 2428 1096 2476 Pallio
1112 2441 1170 2489 pag.
1182 2429 1235 2479 177.

689 2524 739 2558 aaa
754 2511 866 2558 ontailm
876 2511 973 2565 venale,
990 2508 1033 2556 sed
1048 2505 1235 2556 κατάκλειστον.

691 2587 740 2638 Sed
761 2589 847 2638 devias
866 2593 904 2637 est
924 2603 939 2636 a
955 2587 996 2635 via
1012 2590 1132 2643 remotus,
1150 2583 1237 2632 devius

689 2666 716 2715 in
732 2668 806 2726 urbe,
824 2666 938 2716 habitans
954 2666 980 2715 in
997 2665 1129 2727 angiportu
1146 2662 1236 2726 aliquo.

689 2746 729 2794 Ibi
746 2747 839 2796 scilicet
855 2746 1001 2795 habitabant
1016 2742 1133 2792 mulieres
1144 2741 1232 2791 vilissi-

689 2841 745 2876 mae
762 2832 787 2875 et
804 2825 891 2875 abiecti
907 2823 987 2874 omnis
1003 2823 1078 2887 plane
1094 2821 1202 2884 pudoris.

723 2907 758 2953 Ia
766 2911 873 2955 comtum
882 2905 1019 2953 Lacaenae.
1029 2899 1170 2951 Durissima
1178 2915 1233 2950 ver-

689 2983 777 3032 borum
792 2989 919 3032 structura
938 2996 983 3045 pra
998 2981 1097 3043 iugenio
1114 2978 1234 3027 versifica-

689 3062 755 3112 toris.
794 3063 887 3113 Similis
911 3062 1004 3110 farinae
1033 3066 1092 3108 sunt
1114 3059 1159 3107 illa
1183 3058 1234 3108 III.

689 3140 773 3190 Carm.
798 3142 834 3191 14.
867 3143 915 3191 Dic
939 3147 965 3190 et
988 3145 1094 3202 argutae
1118 3145 1235 3201 properet

690 3222 804 3270 Neaerae
812 3222 966 3283 Myrrlwam
983 3221 1046 3267 nodo
1061 3219 1171 3268 cohibere
1186 3220 1234 3267 cri-

688 3316 750 3348 nem.
779 3299 854 3348 Unde
869 3299 1004 3362 imaginem
1020 3298 1149 3345 Lacaenae
1165 3311 1235 3346 sum-

687 3379 757 3436 serit,
779 3379 873 3441 ignoro.
907 3378 994 3428 Finxit
1014 3375 1115 3425 fortasse
1135 3383 1235 3440 propter

686 3464 801 3506 metrum.
828 3457 1010 3508 Omittovarias
1021 3456 1046 3503 in
1056 3455 1135 3506 MSS.
1151 3454 1233 3505 lectio-

686 3551 730 3585 nes
746 3543 772 3586 et
783 3537 946 3601 interpretum
962 3536 1126 3594 coniecturas,
1139 3536 1231 3584 incoar-

687 3620 754 3676 tam,
770 3617 916 3675 incomtarn,
936 3617 963 3663 ia
984 3620 1102 3674 coaetant,
1123 3616 1232 3678 religata

685 3696 760 3752 noda,
776 3709 873 3753 comas,
891 3695 1006 3752 Dianae,
1023 3693 1091 3742 alias.
1117 3694 1232 3757 Heynius

94 3771 183 3819 batur:
208 3769 315 3820 Romani
338 3770 388 3817 iam
406 3785 422 3817 a
438 3768 540 3819 Graecis
557 3772 644 3822 didice-
686 3772 717 3820 ad
738 3771 831 3836 Virgil.
852 3774 873 3822 I.
900 3774 965 3822 Aen.
987 3774 1042 3822 316.
1064 3773 1148 3821 locum
1169 3773 1231 3820 inta-

95 3857 154 3898 rant
169 3849 299 3907 mulieres,
319 3862 370 3897 non
386 3848 501 3898 omnibus
521 3856 644 3911 vacantes,
684 3857 751 3898 etum
784 3866 835 3900 esse
864 3853 1054 3916 relinquendum
1088 3849 1230 3900 arbitratur.

94 3930 206 3978 honestis
232 3928 372 3977 nominibus
401 3928 534 3993 appellare.
575 3929 643 3980 Olim
684 3928 764 3979 Credo
780 3930 901 3992 equidem.

93 4013 168 4057 erant
184 4007 351 4070 simpliciores.
368 4007 412 4056 Ad
428 4007 517 4070 Lyden
525 4009 644 4071 seriptum
716 4007 771 4055 Iam
787 4008 856 4070 legat
872 4008 932 4055 mihi
948 4007 1038 4070 aliquis
1055 4007 1101 4056 boc
1118 4021 1230 4065 cannen,

94 4091 134 4135 est
150 4085 201 4134 III.
222 4084 306 4136 Carm.
332 4087 370 4144 ll,
391 4085 435 4134 ubi
457 4093 529 4149 rogat
545 4088 643 4137 Mercu·
684 4094 709 4135 et
725 4086 912 4135 animoiutento
925 4085 1025 4149 singula
1035 4094 1060 4134 et
1072 4089 1161 4134 cuncta
1171 4098 1227 4132 con·

94 4163 162 4213 rium
182 4169 211 4212 ut
230 4164 316 4212 modos
336 4164 438 4221 diceret,
464 4167 553 4228 quibas
574 4168 645 4229 Lade
684 4166 774 4214 sideret
792 4180 816 4216 v.
833 4179 854 4214 o.
871 4179 970 4215 carmen
987 4166 1053 4229 quod
1070 4164 1230 4227 sequitur‚et

93 4257 172 4292 auree
196 4244 344 4306 applicaret.
371 4243 403 4291 Iu
424 4243 473 4292 III.
496 4243 582 4294 carm.
602 4244 643 4293 28.
684 4244 762 4303 dieat,
779 4259 810 4293 an
827 4250 913 4293 auctor
929 4244 1058 4308 utriusque
1078 4244 1143 4293 idem
1159 4244 1231 4307 poita

92 4337 154 4371 eum
175 4321 262 4371 eadem
283 4319 374 4370 festum
394 4322 505 4385 Neptuni
526 4323 591 4373 diem
607 4322 644 4372 hi·
684 4337 736 4372 essa
752 4324 865 4387 potnerit.

582 4437 747 4466 -Qoo—
