2916 5220
551 299 865 364 CAIIMINUM

324 488 410 550 Dum
433 485 607 569 flagrantia
631 487 801 570 detorquet
824 486 866 550 ad
889 487 1001 551 oscula

324 588 509 670 der-vicem,
535 594 593 652 aut
616 588 706 652 facili
730 588 868 653 saevitia
890 595 1007 674 negat,

324 693 413 770 Quae
435 695 590 775 poscente
613 690 721 775 magis
743 692 887 776 gaudeat
910 691 1010 777 eripi,

412 794 581 858 Interdum
605 815 716 878 rapere
739 798 894 879 occupat?

182 951 249 995 Drior
272 948 419 1010 stuprantur
443 950 570 1009 detorquet
595 947 630 993 od
654 961 690 994 os·
730 945 850 1009 accipere:
869 949 1011 1010 Detorquet
1027 961 1052 996 se
1065 949 1196 997 obosculis
1212 964 1283 995 (roro-

144 1029 208 1074 oulo.
243 1026 298 1075 Alii
316 1026 477 1088 sroprootIo.
512 1025 582 1086 Quae
607 1039 691 1088 perpe·
730 1026 1285 1089 toriaatmopisinoitet.Quodmihiplacct,

144 1114 188 1153 tuo
204 1104 253 1154 scre
273 1112 454 1167 permutantur.
488 1104 554 1152 Vide
573 1104 691 1167 interpre-
730 1106 804 1154 modo
820 1106 945 1168 legamus:
959 1112 984 1155 et
988 1105 1068 1169 sacili
1080 1107 1184 1154 sireuitio
1196 1111 1282 1167 nepot.

145 1192 181 1233 tes
211 1186 242 1231 ad
271 1182 374 1246 Virgilii
399 1184 448 1232 IV.
477 1183 567 1245 Georg.
593 1183 646 1230 169.
668 1188 693 1230 et
767 1184 839 1241 Quae
857 1190 970 1246 possode
987 1187 1067 1247 osopio
1082 1185 1190 1246 condect
1206 1187 1284 1246 eripi,

144 1262 348 1326 Oudendorpinm
367 1264 398 1311 ad
413 1262 509 1327 Appul.
523 1263 692 1324 Metampag.
732 1265 867 1312 Interdum
891 1279 981 1326 rupere
1005 1268 1118 1325 occupat.
1152 1261 1283 1311 Cervicem

144 1343 200 1390 20¹.
221 1343 264 1404 qui
282 1342 328 1390 hoc
340 1343 557 1405 locofloqroriiio,
575 1343 649 1389 etiam
662 1356 693 1390 ex
731 1340 833 1389 reflectit
850 1347 874 1389 et
891 1348 977 1404 negat,
996 1341 1082 1403 (quum
1098 1346 1181 1388 tamen
1193 1343 1284 1402 magis,

145 1421 240 1467 duobus
251 1421 327 1470 MSS.
337 1420 518 1470 D’Orvillianis
527 1427 618 1469 tuetur.
644 1421 694 1470 No·
732 1435 807 1482 quam
830 1420 851 1468 is
871 1420 915 1483 qui
935 1419 1025 1482 poscit,
1046 1419 1133 1466 oscula
1154 1418 1200 1466 sibi
1221 1419 1284 1481 eripi

145 1501 248 1547 tandum
274 1507 370 1559 autem,
398 1499 549 1549 scholiastae
574 1500 635 1548 haec
659 1499 695 1547 ita
733 1500 850 1562 gaudeat)
867 1498 990 1547 interdum
1006 1497 1071 1560 rapit
1086 1496 1178 1544 oscula.

632 1627 794 1652 ψ’·

518 1752 763 1818 OARMEN
810 1753 907 1817 XIII.

325 1898 395 1982 Ide
417 1923 447 1977 et
468 1912 593 1999 nefasto
615 1923 645 1978 te
661 1918 773 1999 posuit
795 1914 862 1998 die,

329 2018 516 2101 Quicumque
531 2019 691 2101 primam,
715 2025 745 2080 et
767 2017 922 2104 aaoileqo
945 2041 1042 2085 mono

368 2120 549 2203 Producit,
573 2119 681 2203 arboe,
708 2124 742 2185 io
764 2131 910 2207 nepotum

413 2226 591 2290 Perniciem
614 2223 874 2311 opprobriumque
890 2232 981 2313 papi.

326 2329 426 2392 Illum
451 2333 484 2392 et
507 2329 652 2413 parentis
676 2328 868 2394 crediderim
893 2330 944 2395 sui

326 2431 477 2516 Fregisse
500 2431 676 2514 cervicem,
700 2436 734 2496 et
756 2432 939 2517 penetralia

372 2535 537 2621 Sparsissc
560 2542 719 2600 nocturno
743 2557 854 2601 cruore

414 2637 584 2723 HospItis:
609 2638 665 2703 ille
688 2660 814 2704 venena
838 2639 960 2705 Colcha

328 2742 373 2806 Et
395 2741 556 2826 quidquid
579 2763 719 2826 usquam
742 2742 925 2827 concipitur
947 2744 1040 2810 nefas

325 2844 507 2926 Tractavit,
532 2865 611 2928 agro
635 2844 691 2930 qui
715 2845 835 2910 statuit
857 2868 930 2911 mec

371 2945 425 3028 Te,
450 2944 546 3010 triste
568 2944 715 3030 lignum,
740 2951 772 3012 te
796 2948 954 3013 caducum

415 3048 455 3111 Iu
479 3047 606 3112 domini
629 3054 729 3134 caput
751 3050 966 3116 immerentis.

293 3203 446 3254 CARMEN
462 3202 540 3252 XIII·
732 3179 844 3240 primum
861 3185 886 3227 te
902 3181 1001 3242 posuit,
1018 3181 1058 3228 die
1074 3182 1125 3228 Ide
1141 3187 1165 3228 et
1177 3181 1285 3242 affecto,

733 3262 758 3304 et
774 3258 895 3320 saerileyo
912 3274 989 3305 oriona
1001 3260 1140 3306 Producit.
1166 3258 1216 3308 Sed
1228 3275 1283 3308 ver-

179 3304 240 3386 Ide
256 3343 281 3385 et
297 3336 398 3398 nefasto
414 3341 438 3384 te
452 3335 539 3396 potuit
549 3335 595 3382 die.
618 3332 691 3383 Guic-
733 3349 776 3382 sus
792 3343 852 3384 sunt
873 3337 962 3399 spurii,
983 3345 1008 3386 ot
1024 3345 1124 3401 propter
1140 3337 1283 3388 intricatam

147 3424 188 3464 tus
204 3417 280 3466 etiam
296 3422 403 3478 quatuor
419 3429 506 3462 versus
517 3412 625 3461 sustulit.
643 3411 692 3459 Ne·
733 3414 804 3462 illam
829 3418 1051 3475 constructionem,
1077 3424 1102 3465 ct
1126 3417 1224 3480 ineptas
1247 3421 1284 3468 rei

147 3509 194 3557 quc
222 3496 284 3543 haec
311 3501 363 3542 tarn
391 3493 536 3556 perturbato
559 3491 692 3540 verborum
733 3493 842 3543 eiusdem
866 3495 917 3543 sine
942 3495 996 3544 ulla
1018 3497 1140 3558 gravitate
1159 3499 1284 3560 repetitio-

146 3573 233 3623 ordine
249 3589 265 3621 a
280 3573 344 3621 bono
361 3573 477 3634 scriptore
493 3571 691 3635 dicipctuerunt.
734 3586 784 3620 nes.
828 3572 889 3633 Quis
919 3575 985 3623 enirn
1010 3589 1088 3638 aequo
1113 3574 1198 3624 animo
1222 3577 1284 3626 hacc

147 3651 205 3700 viri
222 3652 311 3700 eruditi
326 3651 399 3698 variis
416 3651 562 3699 coniecturis
574 3664 693 3712 magnam
735 3651 809 3699 ferat:
827 3652 991 3716 “Quicunque
1008 3659 1033 3702 te
1048 3656 1143 3715 posuit,
1150 3658 1284 3716 wodueit,

146 3732 323 3780 obscuritatem
333 3729 459 3779 illustrare
469 3736 605 3779 tentarunt.
630 3731 695 3779 Ben-
734 3734 854 3791 curtos,
876 3734 920 3796 qui
942 3739 966 3781 te
986 3735 1082 3781 statuit
1102 3749 1164 3796 agro
1184 3750 1252 3793 meo,
1270 3754 1285 3785 o

147 3811 233 3860 tleius:
251 3812 345 3869 litant,
356 3823 381 3867 o,
393 3810 492 3870 aestuo
503 3823 539 3872 sq.
563 3809 693 3857 Buttman.
735 3813 810 3859 triste
826 3813 956 3874 liprandi

146 3890 172 3938 in
189 3888 295 3938 Miscell.
313 3887 374 3938 Crit.
391 3887 566 3936 Friedemanni
581 3902 638 3950 pag,
650 3887 693 3935 48:
764 3892 1003 3953 Freqisoeoeroicem.
1014 3891 1282 3940 Annotaruntcomm.

147 3972 240 4031 Illum,
258 3967 357 4032 nefasto
373 3983 409 4030 sq.
426 3974 456 4016 nt
466 3968 509 4016 sit:
526 3967 628 4027 “illum,
639 3969 692 4031 qui·
736 3967 812 4031 Cruq.
830 3975 854 4018 et
871 3969 951 4028 Acro,
977 3969 1023 4017 hic:
1040 3972 1118 4018 “oooo
1134 3972 1214 4025 verbo,
1230 3971 1284 4028 ille,

147 4062 247 4112 cunque
264 4054 288 4096 te
308 4048 417 4111 primum
433 4047 515 4109 posuit
532 4047 570 4096 die
587 4046 696 4108 nefasto,
736 4062 798 4095 novo
815 4049 933 4106 dictione,
951 4054 1095 4096 exsecratur
1110 4048 1283 4110 parricidam.”

147 4134 172 4175 ct
189 4141 266 4174 monn
283 4126 403 4187 sacrilega
418 4125 547 4187 produxit,
559 4125 632 4173 illum
644 4140 694 4174 cre·
734 4125 855 4173 Horatius
872 4125 953 4188 Epod.
964 4127 1014 4175 III.
1026 4127 1091 4175 idern
1103 4124 1212 4188 scripsit:
1229 4129 1283 4174 Po-

147 4205 266 4254 diderim’'
289 4220 324 4267 sq.
366 4204 482 4265 Cogitavi
506 4204 640 4266 aliquando
665 4205 695 4253 de
735 4207 814 4254 rantis
834 4206 893 4253 olim
913 4207 936 4253 ei
956 4207 1013 4268 quia
1034 4207 1114 4267 inepto
1135 4221 1213 4254 aranu
1240 4207 1283 4255 Se-

147 4286 227 4334 rcrbis
255 4287 290 4334 ita
318 4284 515 4348 transponendis:
548 4285 696 4347 Quicunque
735 4287 785 4333 nilo
800 4289 891 4346 mittar
901 4283 1020 4346 secuerit.
1053 4283 1104 4334 Ubi
1124 4283 1187 4332 nihil
1206 4283 1282 4333 Scho-
