2916 5220
536 309 710 371 LIBER
758 310 782 370 I.

261 499 418 586 >semrom
448 509 478 563 et
501 500 640 564 Scauros
666 504 847 586 animeque
869 522 999 586 rumpitur

265 603 442 688 Prodicum
464 602 632 683 Paullum,
657 613 827 686 superante
848 605 976 685 Poeno,

84 753 252 810 considerata,
268 752 358 815 partlm
376 768 441 800 nova
456 760 564 815 reperta,
576 752 637 800 iudi·
656 784 658 789 ,
678 751 780 800 Catonis
798 754 825 800 tit
843 753 942 801 montio.
974 753 1032 800 Nou
1049 755 1225 815 reprehendam

84 831 153 878 cium
180 831 211 880 dc
236 830 355 894 Philippo
378 833 563 894 mitigaverunt.
598 824 658 880 De
678 830 787 880 alienum
809 840 906 895 tempus
923 839 947 879 et
964 833 1058 888 locum,
1079 832 1168 894 quibus
1186 835 1225 881 hit

84 909 227 972 TarquinIo
241 925 340 974 quoque
356 927 406 960 uon
422 911 496 974 plane
507 912 572 959 idem
583 927 636 959 seu-
655 940 658 1011 ¹
655 910 802 959 [incenis
819 912 914 960 medius
932 912 996 958 iuter
1013 911 1156 966 Romulum,
1173 913 1225 959 Nn

84 989 179 1046 timus,
211 990 278 1051 quod
307 1000 402 1038 veteres
432 990 547 1039 Romani.
587 972 658 1071 Ipsi!
677 1005 744 1038 mam
774 1001 798 1040 et
822 991 987 1054 Tarquinium
1016 993 1086 1052 quasi
1108 993 1138 1039 de
1159 992 1226 1039 curbi

83 1075 172 1116 tanten
188 1069 307 1125 Romani,
323 1085 386 1133 quos
395 1071 496 1133 quidem
508 1072 636 1130 hoelmus,
655 1044 807 1119 'delabitur¹
840 1072 907 1120 Nam
924 1071 970 1118 hcc
989 1072 1075 1133 po'etm
1091 1071 1215 1128 licebat,
1205 1072 1224 1116 ι

83 1147 213 1195 crudelem
234 1147 310 1196 fuisse
324 1158 460 1211 tyrsum
478 1158 636 1212 putaverunt
630 1106 807 1197 lectonam
830 1150 931 1199 haberet
966 1165 1044 1197 unum
1078 1165 1092 1198 e
1119 1160 1203 1213 quatu
1205 1166 1225 1197 ιι

84 1225 228 1274 chdelius
244 1236 328 1276 noster
342 1242 471 1291 uunquam
490 1229 515 1276 iu
528 1229 636 1277 talicar·
677 1230 792 1276 maximis
814 1231 883 1284 this,
909 1231 951 1292 qni
973 1243 1083 1291 unquam
1105 1230 1129 1277 in
1152 1230 1226 1277 Italia

84 1306 636 1370 miuePauegyricoscripsissetz“CaroIIreg·
677 1314 701 1354 et
722 1308 747 1354 iu
769 1310 840 1357 terris
862 1309 985 1357 vixerant.
1020 1309 1069 1358 Sed
1092 1311 1225 1371 Angustus

84 1397 149 1430 ιιιιιιι
178 1399 325 1442 memorem,
355 1399 388 1431 an
412 1385 548 1447 superbum
574 1387 635 1435 Phi-
677 1385 796 1435 Catonem
814 1402 864 1435 uon
881 1387 991 1445 amabat,
1009 1402 1088 1450 neque
1105 1388 1130 1434 iu
1147 1388 1224 1436 laudi-

84 1462 149 1525 lippi
165 1471 300 1526 sceptrum,
316 1464 409 1520 dubito,
426 1478 459 1510 an
477 1467 595 1513 virtutem
612 1474 636 1514 et
655 1490 682 1565 ¹
655 1458 722 1511 'bus
740 1464 808 1512 illius
825 1465 951 1512 lentus
925 1479 978 1512 csse
994 1471 1102 1527 poterat,
1124 1465 1224 1514 minimi

84 1542 245 1604 prudoutiam
266 1550 290 1590 et
311 1538 381 1590 triste
402 1541 480 1590 letum
507 1543 658 1637 Guilielmi¹
676 1544 711 1590 ita
728 1544 868 1592 celebratis:
892 1560 916 1591 v.
933 1545 1068 1593 Bentleius.
1102 1545 1151 1593 Hic
1172 1546 1225 1594 ideo

84 1620 304 1670 Arausionensis?
337 1620 497 1684 Oudendorp
520 1622 637 1685 putabat,
655 1584 774 1685 ¹legebat
792 1640 857 1672 crine
878 1623 953 1671 Croti
987 1625 1074 1672 Nobile
1090 1627 1176 1674 tetam.

84 1698 221 1747 Horatium
249 1715 294 1762 per
326 1701 428 1749 Catonia
457 1704 534 1750 letum
564 1648 716 1787 tacitel
711 1705 835 1765 Repetam
861 1709 885 1751 et
913 1704 1029 1751 Serrai-oa
1068 1703 1098 1750 Iu
1125 1703 1225 1752 Securis

85 1779 244 1838 intimasse,
261 1794 295 1836 se,
311 1794 355 1841 per
371 1778 448 1828 fasces
456 1781 585 1844 Tarqmun
597 1794 657 1833 sn
655 1742 810 1830 eluxerunt
822 1783 857 1830 hl
864 1781 987 1830 Aemilius
997 1780 1114 1836 bouum
1123 1788 1147 1830 et
1158 1781 1224 1829 ιιιιιιι

85 1857 187 1918 perbos,
199 1858 339 1920 mtelbgerc
350 1858 478 1906 bistonum
490 1875 556 1921 renus
567 1861 657 1909 orech
654 1862 712 1908 M.
732 1861 848 1909 Scaurus.
874 1860 940 1920 Quid
958 1869 1040 1907 autem
1055 1866 1185 1921 gesserunt
1199 1861 1224 1908 hi

86 1951 102 1983 a
126 1937 180 1984 viro
204 1937 294 1986 Catoni
318 1937 460 1995 simillimo,
485 1940 527 1986 sed
547 1955 636 2002 quem,
630 1978 657 2037 ,¹
677 1954 735 1986 suae
751 1940 830 2001 gentis
848 1939 1003 1993 nobilissimI,
1021 1948 1048 1985 ut
1064 1940 1128 1986 Inter
1141 1940 1222 2001 Regu-

86 2016 200 2077 Augusti
208 2031 303 2073 caussa,
311 2032 449 2065 memorare
457 2016 546 2066 noluit
563 2019 657 2115 Bruti¹
677 2017 742 2075 lum,
768 2017 885 2076 Catium,
916 2017 1058 2065 Fabricium
1083 2024 1107 2065 ct
1132 2019 1223 2066 simile

86 2109 177 2143 nomeu
203 2096 309 2153 silendo,
334 2096 435 2144 auribus
459 2098 571 2160 Augusti
596 2114 626 2161 pe
654 2060 801 2144 Romanos
812 2112 869 2159 pum
863 2097 1049 2144 ιιιιιιιιιιιιιιιι9
1062 2097 1138 2144 Pater
1147 2097 1223 2146 Scan

86 2175 177 2234 percit,
205 2175 248 2237 qui
274 2174 363 2225 Catoni
389 2190 438 2222 non
456 2177 516 2224 adeo
506 2124 718 2249 infestuslru
675 2177 760 2223 rasin
777 2176 843 2224 bello
859 2175 919 2224 nihil
933 2176 996 2235 cuit,
1013 2175 1079 2236 quod
1095 2176 1184 2223 eximie
1198 2178 1221 2223 ιιι

86 2259 159 2301 esset.
184 2252 239 2300 Alii
249 2268 322 2316 porro
333 2253 656 2311 haeculiter,sedoleum¹
676 2254 778 2302 historia
798 2262 918 2303 annotata
938 2255 1040 2314 dignum
1059 2261 1111 2301 erat
1154 2255 1218 2303 Con·

85 2337 111 2379 et
127 2346 229 2393 operam
245 2333 378 2395 perdidere.
412 2332 540 2396 Cuningh.
561 2334 634 2397 legit:
676 2340 725 2389 tra,
751 2342 849 2394 praetor
872 2334 897 2380 ιιι
923 2332 1025 2388 Africa,
1052 2332 1222 2393 magnitudine

86 2413 162 2459 Ιιιιιιι
171 2412 264 2473 suares.
289 2411 418 2460 Bentleius
435 2419 507 2460 tacet.
530 2413 634 2473 Versus,
675 2413 792 2472 pecuniae
810 2411 973 2473 Iugurthinae
989 2411 1013 2457 in
1036 2425 1141 2470 pravum
1164 2411 1219 2457 abs·

86 2490 172 2548 credo,
194 2489 267 2537 fietus
288 2497 325 2538 est
345 2505 378 2538 cx
398 2491 444 2538 hoc
465 2490 568 2553 Virgilii
585 2492 634 2540 VI.
675 2497 768 2537 tractus
789 2497 833 2538 est.
867 2489 937 2537 Idem
954 2489 1018 2535 domi
1034 2487 1222 2547 erctfaetiosus,

86 2569 154 2616 Aen.
179 2570 236 2618 818.
275 2572 320 2618 Via
340 2576 365 2618 et
389 2570 542 2630 Tarquinios
567 2585 635 2632 rocoa
674 2569 760 2616 avidus
782 2569 915 2631 petendae,
938 2567 1048 2624 honoris,
1068 2566 1220 2625 divitiarum,

85 2650 248 2710 animumque
266 2653 398 2710 superbam
438 2649 538 2696 Ultoris
552 2649 634 2695 Bruti
674 2645 1220 2696 caeterumvitiasitaoallideoocultans.Vid.

79 2727 214 2788 susumque
229 2729 312 2776 moero
327 2726 454 2788 receptos?
487 2723 537 2772 Ubi
548 2724 633 2786 Virgi—
675 2727 779 2776 Sallust.
791 2727 820 2774 B.
836 2725 892 2787 lug.
904 2740 956 2787 cap.
971 2725 1009 2772 15.
1027 2730 1050 2773 et
1065 2723 1129 2771 alibi.
1147 2724 1220 2784 Quod

85 2805 136 2852 lius
157 2812 223 2854 recte
246 2804 383 2854 nominavit
400 2803 564 2866 Tarquinium
583 2804 631 2853 Su·
670 2809 789 2868 princeps
812 2807 913 2854 cerintus
937 2803 1075 2858 dicebatur,
1102 2803 1121 2851 is
1143 2803 1220 2851 honos

86 2882 274 2945 perbum,quia
285 2882 381 2930 addidit
390 2884 497 2931 nitorem
510 2885 632 2932 Brutum.
673 2899 717 2946 pro
734 2892 813 2942 tauto,
831 2889 938 2946 quantus
954 2885 978 2931 in
992 2883 1038 2930 hoc
1049 2884 1157 2930 carmine
1169 2885 1219 2945 agi·

86 2961 194 3022 Quando
217 2967 301 3009 autem
324 2961 391 3008 solus
409 2963 536 3023 Superbus
553 2962 630 3010 nomi·
673 2968 725 3019 tur,
746 2968 784 3009 est
805 2963 917 3024 exiguus.
951 2963 1030 3010 Filius
1053 2963 1173 3021 Scaurus,
1192 2971 1219 3010 ιιι

85 3049 163 3088 natur
178 3041 206 3087 iu
222 3041 268 3088 hoc
284 3039 406 3098 carmine,
427 3040 525 3088 honoris
545 3055 632 3088 caussa
672 3040 754 3088 scn'bit
784 3041 876 3089 Ascon.
903 3042 1028 3089 Pedianus
1056 3043 1081 3088 in
1109 3042 1216 3103 Argum.

85 3119 238 3168 nominatur.
268 3119 389 3168 Universa
414 3126 500 3167 auctor
524 3135 572 3168 non
595 3136 631 3168 sa·
673 3119 795 3169 Orationis
813 3120 923 3169 Ciceron.
941 3135 985 3183 pro
1002 3119 1108 3178 Scauro,
1133 3123 1219 3169 neotu-

86 3201 118 3247 ιιι
144 3198 270 3261 perspexit
294 3197 424 3246 consilium
453 3198 567 3260 thilii,
593 3198 630 3245 di·
674 3205 752 3248 tutem
761 3214 858 3247 suornm
870 3200 1055 3262 nruyrrificcntia
1065 3202 1149 3261 pessit,
1160 3203 1219 3247 odeo

85 3293 187 3327 versum
212 3277 244 3325 ab
268 3291 297 3324 ea
321 3277 429 3335 ratione,
450 3277 572 3339 adquam
591 3277 632 3326 illc
674 3285 703 3326 ut
724 3281 752 3326 io
768 3281 821 3326 etna
838 3280 961 3339 impensus
977 3291 1032 3339 oper
1049 3291 1107 3324 curua
1123 3280 1218 3325 uberen-

85 3357 194 3406 deflexit.
673 3361 748 3413 serit,
773 3372 938 3418 nunquamque
962 3371 1002 3404 uer
1026 3357 1137 3402 alienum
1162 3371 1216 3404 curr-

121 3439 163 3483 An
184 3435 289 3483 Cotoans
311 3435 390 3483 nobile
407 3436 492 3483 letum.
525 3435 632 3484 Dixerat
675 3439 794 3485 traxerit.
813 3437 856 3482 Er
864 3434 1219 3497 prueturoprcor'noinmSnr-

86 3513 207 3562 nimitum
227 3512 352 3576 Virgilius
368 3527 405 3560 vs.
426 3513 484 3562 842.
520 3516 586 3573 Qua
602 3523 633 3571 tr,
673 3517 770 3565 ditatum
794 3516 917 3573 obtinnit,
934 3516 962 3561 in
984 3529 1033 3576 qua
1058 3528 1134 3575 neqtte
1158 3516 1220 3561 tutis

85 3609 178 3655 macne
197 3593 270 3648 Cato,
288 3593 395 3640 tacitum
411 3593 555 3655 relinquat?
571 3594 631 3642 Vir·
674 3597 827 3643 abstinenter
843 3608 868 3641 se
882 3595 984 3656 pessime
995 3595 1158 3642 eniatImatna
1174 3598 1220 3649 eat,

87 3671 163 3735 gilius
180 3678 262 3720 tamen
280 3684 329 3719 non
341 3670 498 3730 Uticensem,
516 3674 558 3721 sed
569 3674 631 3722 Por·
674 3680 698 3723 et
715 3676 787 3722 valde
802 3679 959 3735 orroeontcr.
990 3673 1064 3731 Qtocd
1078 3685 1153 3733 penus
1169 3685 1219 3718 mc·

87 3751 157 3799 cium
165 3750 285 3799 Catonem
294 3751 411 3798 maiorem
421 3750 547 3812 cogitavit.
570 3752 633 3800 Nos·
675 3768 731 3799 rum
744 3754 772 3799 in
783 3766 810 3800 eo
818 3758 954 3814 paternum
964 3753 1103 3798 ridebatur,
1121 3749 1134 3795 Ι
1154 3763 1220 3795 nunc

88 3838 130 3877 tro
150 3831 235 3892 poetae
250 3830 275 3877 in
292 3834 399 3877 mentem
417 3829 530 3878 veniebat
546 3830 634 3879 Horat.
676 3838 699 3878 et
720 3831 776 3888 hos,
802 3831 864 3878 tales
886 3830 1002 3886 Scauros,
1026 3826 1129 3882 extolle,
1155 3832 1217 3872 tam·

89 3909 127 3956 ΙΙ.
155 3907 239 3956 Oarm.
266 3908 287 3955 l.
327 3909 366 3954 Et
391 3913 481 3956 coneto
507 3915 635 3958 terrarum
676 3924 752 3971 quam
769 3909 857 3956 <lecara
873 3902 1221 3964 etoruamentareipubIIcae,

87 3989 195 4035 seducta
204 3988 314 4035 Praeter
322 3992 430 4034 atrocem
439 3989 552 4036 animum
563 3990 637 4037 Cato·
677 3989 707 4035 de
724 3987 811 4050 quibus
822 3985 929 4033 ‘historio
944 3985 1065 4047 loquatur.
1100 3982 1156 4042 Ego
1168 3981 1219 4029 Soi-

89 4067 139 4113 nia.
173 4064 213 4112 Ibi
232 4070 257 4112 ct
276 4064 397 4113 Catonem
418 4065 541 4125 laudavit,
558 4081 637 4129 neque
677 4067 760 4129 picncs
777 4064 949 4113 nominassem.

89 4144 239 4206 Augustum
257 4143 368 4203 offendit,
382 4143 509 4205 appellans
520 4150 637 4203 atrocem,
706 4143 860 4204 Anirnueque
871 4156 976 4203 mrtpnue
988 4141 1125 4203 Prorit'pnm
1141 4141 1221 4186 Puni·

89 4223 135 4285 qui
152 4223 189 4270 uti
206 4221 305 4270 uolebat
321 4221 453 4271 clementia
474 4222 514 4271 vel
531 4223 638 4271 amicitia
678 4225 739 4271 Iam.
763 4221 900 4282 Eleganter
915 4219 1017 4268 dictum.
1038 4219 1224 4282 Exemplccsse

89 4300 192 4349 victorin
217 4300 339 4350 Caesaris.
381 4301 461 4349 Nulla
485 4301 542 4350 alibi
566 4302 638 4350 huius
678 4300 758 4365 potuit
775 4297 846 4348 Ovid.
864 4300 912 4348 III.
940 4299 1027 4347 Amor.
1045 4300 1069 4348 9.
1085 4299 1123 4347 64.
1157 4301 1221 4347 Sun-

1071 4385 1090 4442 t
