2916 5220
502 303 678 367 LIBER
713 305 780 367 lV.

304 490 438 554 Vostutu
462 491 641 555 Poenorum
665 491 796 555 tumultu

336 595 430 658 Fouu
452 594 540 658 Deos
561 593 693 658 tabuere
715 605 830 677 rectos,

250 695 408 780 Dixitque
431 696 565 761 tandem
588 697 729 781 perfidus
755 697 938 763 Hannibal:

251 799 387 882 ι(061111,
411 800 564 885 luporum
587 801 707 885 pracda
729 802 912 887 rapacium,

294 903 463 968 Sectamur
486 903 589 986 ultro,
614 926 694 988 quos
719 905 847 990 opimus

336 1007 464 1072 Fallere
488 1012 521 1071 et
544 1007 684 1092 effugere
707 1015 759 1072 est
783 1009 976 1094 triumphus.

250 1109 359 1192 Gens,
383 1132 465 1194 quae
488 1115 630 1175 cremato
654 1111 747 1175 fortis
771 1112 812 1175 ab
835 1112 898 1175 Ilio

251 1213 377 1277 lactata
399 1213 510 1278 Tuscis
535 1214 727 1298 aequoribus
752 1236 842 1279 sacra

293 1316 461 1401 Notosque
486 1322 696 1402 maturosque
717 1323 825 1403 patres

344 1420 487 1484 Pertulit
506 1420 671 1485 Ausonias
697 1422 738 1485 ad
763 1422 878 1504 urch,

248 1522 347 1586 Duris
371 1527 410 1586 ut
432 1522 499 1587 ilex
522 1527 618 1586 tonsa
640 1523 837 1608 bipennibus

249 1625 372 1710 Nigrae
395 1624 495 1690 feraci
518 1624 643 1689 frondis
667 1626 703 1689 in
725 1626 864 1711 Algido,

293 1727 356 1792 Per
379 1727 516 1809 damna,
540 1749 597 1812 per
620 1728 754 1810 caedes,
780 1729 821 1793 ab
844 1729 915 1814 ipso

339 1832 440 1911 Ducit
463 1853 540 1916 opes
567 1831 780 1916 animumque
803 1833 895 1898 ferro.

68 2010 103 2058 Et
120 2016 150 2057 ut
167 2009 253 2066 πόνοι,
270 2009 303 2056 sic
326 2009 395 2057 luber
420 2014 444 2056 et
469 2008 564 2056 labores
591 2007 616 2054 in
659 2009 718 2056 doru
743 2011 918 2074 delendumque
947 2014 1043 2069 urbem,
1074 2016 1206 2073 adiicietur,

68 2103 95 2137 re
123 2088 226 2136 militari
250 2088 409 2152 appellantur
433 2086 528 2144 omnia,
553 2101 617 2149 quae
659 2101 786 2148 uunquam
810 2090 939 2152 defuturos
960 2097 1076 2153 ruptores
1099 2093 1207 2142 Italicae

68 2157 178 2216 toleratu
194 2173 253 2215 sunt
269 2164 379 2215 difficilia
395 2173 420 2214 et
437 2167 529 2228 gravia.
563 2165 614 2213 Ita·
659 2166 784 2214 libertatis
802 2164 884 2229 lemos,
910 2170 960 2216 rel-ei
981 2172 1066 2232 euleu,
1087 2175 1114 2218 ιἰι
1131 2189 1206 2233 quirum

68 2262 118 2309 que
136 2247 253 2294 dicuntur
273 2249 356 2303 sueni,
377 2249 450 2304 duri,
473 2247 558 2308 mupui
579 2248 616 2293 lu·
659 2244 769 2307 resapere
790 2248 909 2305 solerent,
927 2253 989 2295 estet
1014 2250 1105 2296 ercisc.
1140 2250 1206 2297 Vide

67 2331 148 2386 bores,
165 2341 197 2373 un
213 2326 273 2374 item
290 2333 318 2373 ut
335 2326 374 2373 hic
391 2327 504 2382 secundi,
522 2325 615 2373 dubito.
659 2323 839 2372 Ruhnkenium
864 2333 888 2373 ct
909 2325 1053 2388 interpretes
1076 2329 1106 2374 ad
1125 2327 1206 2375 Taciti

100 2409 245 2455 Poenorum
267 2409 386 2454 tumultu.
428 2406 564 2452 Tumultus
586 2405 615 2452 de
658 2402 805 2464 Agricolam
822 2403 861 2451 30.

68 2484 137 2534 bello
154 2492 206 2533 tam
223 2485 299 2532 atroci
316 2467 417 2548 tamque
433 2483 551 2532 diuturno
562 2499 614 2532 ver.
693 2480 789 2528 Fallere
811 2487 837 2528 et
861 2482 970 2544 efftrpere
994 2489 1030 2531 est
1056 2487 1204 2546 triumphu-r.

67 2562 130 2611 bum
148 2563 228 2612 lenius
245 2569 289 2611 est.
615 2625 617 2628 Α
659 2560 708 2607 Est
724 2573 774 2607 non
790 2561 911 2622 reperitur
929 2561 954 2608 in
966 2561 1114 2623 quibusdam
1126 2565 1204 2614 MSS.

101 2646 178 2691 Faue
204 2645 271 2692 Deos
296 2643 404 2690 habuere
429 2647 516 2690 rector.
551 2642 616 2703 Quia
657 2640 749 2687 nonin
766 2640 881 2688 Vossian.
903 2654 982 2703 noque
1004 2639 1129 2691 D'Orvill.
1155 2645 1204 2694 vid.

66 2723 116 2771 Dei
133 2729 200 2770 stant
217 2725 290 2783 recti,
315 2722 372 2769 hinc
397 2735 448 2768 non
468 2723 527 2769 satis
544 2721 615 2769 intel·
658 2717 771 2768 Oudend.
788 2723 820 2768 ud
837 2720 956 2784 Appuleii
972 2722 1075 2770 Metam.
1094 2723 1129 2771 II.
1147 2740 1204 2788 pag.

66 2802 156 2865 ligitur
173 2803 266 2867 templa
290 2817 343 2852 esse
367 2801 466 2850 refecta.
500 2800 555 2848 Alii
579 2800 615 2847 in·
660 2800 713 2848 115.
751 2801 807 2862 Ego
836 2807 920 2849 tamen
948 2801 1052 2849 verbum
1077 2804 1204 2854 retineam.

67 2885 252 2942 terpretantur:
274 2882 325 2930 Dei
344 2886 370 2928 et
394 2882 478 2929 cultus
503 2881 615 2928 Deorum
658 2877 762 2926 Plenius
783 2885 854 2926 sonat
875 2880 984 2942 astuque
999 2890 1036 2932 est
1054 2883 1205 2944 triumphus.

67 2960 205 3007 restitutus
221 2965 258 3008 est
274 2961 301 3007 iu
322 2961 460 3020 intumum,
485 2970 555 3004 sacra
580 2957 615 3004 in·
658 2957 692 3004 Et
708 2958 774 3019 quod
792 2959 822 3005 ad
844 2958 1030 3020 productionem
1052 2961 1134 3009 breuis
1155 2962 1204 3024 syl·

68 3044 182 3085 staurata
206 3044 271 3085 aunt.
312 3038 394 3099 Ergo,
420 3041 449 3082 ut
474 3035 519 3083 hoc
545 3042 616 3098 utar,
657 3035 729 3084 labae
745 3043 803 3084 ante
828 3037 889 3084 duas
914 3047 1076 3087 consonantes
1101 3055 1205 3103 sequen·

68 3116 174 3176 Iupiter
188 3121 270 3164 rectus
281 3121 319 3164 est
330 3114 454 3177 signifieat
467 3116 548 3164 Sucro
560 3117 617 3164 Ioui
656 3115 687 3162 tis
706 3117 821 3164 vocabuli
838 3118 937 3174 attinet,
955 3132 984 3166 ea
1001 3118 1064 3166 ratio
1080 3119 1106 3165 in
1123 3119 1204 3167 infini-

68 3196 217 3243 tustuurctu
249 3194 330 3243 suut?
371 3194 428 3242 Non
454 3201 521 3256 puto.
563 3195 617 3243 Alii
657 3194 712 3240 rivis
730 3195 815 3243 durior
831 3197 941 3255 videtur,
962 3213 1039 3260 quam
1056 3205 1084 3245 ut
1101 3199 1204 3246 Horatio

68 3274 232 3322 emendarunt
249 3281 332 3323 tectos.
657 3273 709 3321 sine
729 3287 849 3322 consensu
874 3276 984 3323 omniurn
1008 3276 1085 3325 MSS.
1112 3277 1203 3324 tribua·

104 3353 192 3411 Ceret,
213 3357 331 3416 luporum
353 3355 451 3415 proedo
475 3355 615 3414 rapacium.
656 3366 720 3400 mus,
754 3353 879 3414 Exempla
899 3369 914 3400 a
935 3354 994 3401 viris
1014 3354 1092 3402 doctis
1113 3354 1205 3402 collata

68 3431 209 3482 Comment.
231 3431 307 3496 Cruq.
333 3434 435 3481 Idcirco
460 3434 529 3494 lupis
549 3447 615 3481 cour·
656 3432 765 3479 invenies
783 3433 814 3479 ad
831 3433 934 3494 Virgilii
950 3434 998 3482 IX.
1020 3435 1085 3482 Aen.
1107 3435 1146 3485 37.
1173 3435 1204 3482 ab

65 3513 174 3574 parauit
191 3513 328 3571 Romanos,
349 3513 408 3575 quio
430 3518 518 3559 auctor
538 3512 615 3559 uomi·
657 3511 797 3573 Erythraeo
821 3511 847 3558 in
872 3512 970 3570 Indice,
996 3528 1056 3562 voce
1081 3531 1140 3576 que,
1172 3516 1203 3562 ad

67 3591 110 3638 uls
138 3605 223 3638 eorum
247 3607 264 3638 u
288 3593 350 3653 lupa
374 3591 488 3639 nutritus
512 3591 615 3640 dicitur.
656 3589 769 3652 Propert.
795 3590 844 3640 III.
871 3593 893 3639 9.
920 3593 959 3640 to.
986 3593 1091 3643 Anthol.
1112 3595 1204 3643 Latina

67 3669 226 3718 Recentiores
249 3670 394 3732 interpretes
415 3669 462 3716 hoc
484 3669 534 3716 risu
551 3670 615 3717 exci-
656 3669 728 3718 Tom.
754 3670 774 3718 Ι.
801 3686 824 3732 p.
852 3673 891 3722 70.
921 3673 952 3720 ad
984 3673 1029 3722 sil.
1050 3674 1108 3722 Ital.
1140 3674 1202 3724 VII.

67 3748 149 3811 piant.
182 3749 271 3797 Nescio
288 3764 370 3812 quare.
404 3749 467 3797 Erat
487 3754 554 3797 certe
570 3750 616 3797 hoc
655 3750 711 3798 618.
729 3756 753 3799 et
775 3751 896 3813 imprimis
921 3755 1030 3816 Lennep.
1053 3755 1084 3801 ad
1102 3755 1201 3803 Terent.

67 3827 183 3884 solitum,
199 3834 371 3890 quocaeterae
387 3834 473 3890 gentes
489 3828 615 3877 Romanos
655 3829 737 3877 Maur.
755 3845 779 3892 p.
801 3832 857 3880 411.
891 3832 922 3879 In
945 3832 983 3879 his
1008 3849 1065 3881 rara
1086 3842 1145 3881 sunt
1166 3836 1201 3881 in-

66 3905 196 3966 potebant,
211 3907 357 3954 convicium.
375 3906 430 3956 Liv.
448 3907 498 3955 ΠΙ.
509 3908 550 3955 66.
568 3908 615 3957 Ae·
656 3908 820 3966 finitivorum,
838 3924 915 3972 eaque
931 3911 1007 3961 MSS.
1025 3912 1184 3960 variantibus.

67 3985 112 4046 qui
136 3989 162 4032 et
193 3987 273 4034 Volsci
290 3986 451 4048 fremebunt,
477 3992 616 4036 occaecatos
688 3987 786 4049 liturae
807 3987 894 4051 feraci
916 3987 1021 4051 frondis
1047 3992 1074 4037 tu
1104 3991 1201 4053 Arum.

67 4065 140 4125 lupos
164 4065 284 4112 intestine
309 4065 379 4112 rulu'e
401 4065 557 4125 oppmoremti
579 4079 616 4112 oc·
656 4064 781 4113 Pindarus
798 4065 874 4128 Pyth.
896 4067 917 4115 1.
943 4068 983 4116 28.
1018 4068 1080 4116 Olov
1107 4070 1202 4128 Αἴτνας

66 4143 190 4190 eumenem
206 4156 264 4190 esee.
298 4141 368 4190 Veli.
398 4141 496 4189 Patere.
523 4141 557 4189 ΙΙ.
575 4143 615 4192 27.
656 4143 683 4191 ἐν
713 4144 903 4208 μελαμφύλλοις
937 4145 1031 4194 δέδεται
1071 4153 1200 4212 κορυφαῖς.

69 4221 199 4270 Pelusium
227 4222 351 4269 dictitaris
383 4222 505 4269 Romanis
531 4222 618 4270 adesse
656 4223 784 4285 Aristoph.
803 4224 952 4287 Thesmoph.
972 4226 1201 4291 Μελάμφυλλαόρη

65 4300 186 4348 uitiorum
211 4300 288 4358 diem,
316 4299 503 4363 oomferubutur
531 4314 616 4348 erueu-
658 4299 755 4349 δάσκια.

1028 4385 1068 4449 19
