2916 5220
554 322 740 387 LIBER.
777 324 803 384 l.

236 575 238 578 ,
289 513 346 576 Nil
374 511 567 576 mortalibus
588 510 727 575 arduum
746 509 828 575 ests

336 614 472 681 Ocelum
492 613 602 698 ipsum
622 612 765 698 petimus
786 611 945 695 stultitia,
970 635 1074 698 neque

289 718 351 782 Por
373 721 522 782 nostrum
544 716 691 801 patimur
713 716 819 781 scelus

334 821 495 886 iracunda
516 821 628 885 lovem
654 841 774 904 ponere
797 819 946 886 fulmina.

108 1002 159 1048 tine
174 1000 272 1063 proprie
288 1000 406 1048 dicuutur
422 1001 526 1048 labores.
560 997 654 1048 Seneca
697 999 781 1048 locum
802 1001 900 1049 Horatii
921 1002 956 1050 ita
972 1001 1083 1064 protulit.
1121 1001 1167 1049 Nil
1184 1017 1246 1050 error-

108 1079 185 1128 Herc.
214 1076 269 1128 Oet.
298 1079 368 1127 1455.
411 1077 531 1126 Sumnrus
556 1079 655 1139 leuatur
698 1081 792 1128 tatibus
809 1083 925 1129 arduum.
950 1081 1026 1130 Forte
1043 1079 1193 1142 imprudens.
1220 1080 1247 1129 Si

99 1158 205 1218 ‚sentina
232 1163 373 1210 Herculeus
399 1161 475 1208 labor.
513 1158 653 1207 Nemesion.
698 1159 774 1209 MSS.
793 1162 967 1218 consentirent,
989 1159 1077 1209 lubens
1099 1159 1245 1223 acciperem,

108 1234 206 1301 Cyneg.
223 1240 264 1288 32.
299 1241 484 1302 Herculeosque
499 1238 578 1287 valiat
594 1252 654 1286 sem·
698 1239 757 1301 quia
780 1239 884 1287 verbum
909 1239 936 1286 in
960 1238 1085 1288 sententiis
1105 1252 1177 1300 saepe
1198 1237 1245 1285 ele·

106 1329 154 1376 per
171 1333 305 1366 uulnerare
322 1321 425 1367 labores.
450 1317 517 1366 Vide
532 1317 654 1366 Arntzen.
699 1318 798 1380 gentius
814 1317 942 1365 omittitur.

109 1393 142 1440 ad
168 1394 244 1444 Plinii
268 1396 394 1460 Panegyr.
423 1396 461 1445 lt.
478 1401 504 1445 et
520 1395 606 1444 Heius.
624 1395 655 1443 ad
734 1397 836 1445 Caelum
848 1397 931 1458 ipsum
942 1397 1053 1458 petimus
1063 1396 1183 1444 stultitia.
1201 1397 1245 1445 Di·

38 1523 41 1526 .
109 1470 184 1522 Ovid.
202 1474 264 1524 XV.
281 1476 385 1524 Metam.
403 1476 444 1524 39.
473 1475 505 1523 In
521 1475 656 1539 periphrasi
699 1483 768 1523 ctum
797 1474 902 1522 aliorum
927 1474 1062 1522 imitatione
1086 1472 1244 1523 celebratum.

108 1552 194 1613 poetae
219 1556 296 1602 robur
321 1555 476 1604 Herculeum
496 1560 604 1617 ponunt,
628 1560 657 1602 ut
700 1553 771 1603 Curt.
788 1554 837 1602 TV.
853 1554 890 1603 10.
919 1554 1020 1602 Coelam
1037 1554 1245 1615 vanueoqttatto-

110 1630 170 1680 Val.
187 1632 272 1683 Flacc.
290 1634 311 1682 Ι.
331 1634 387 1682 sol.
404 1632 655 1683 ubivideWeizium.
700 1635 773 1682 aibas
788 1633 848 1695 peti.
873 1633 965 1682 Minut.
982 1633 1056 1681 Felix
1068 1630 1155 1682 Octav.
1168 1648 1191 1695 p.
1205 1632 1245 1681 36.

109 1709 166 1757 Hoc
182 1710 259 1773 igitur
275 1711 354 1760 voluit
366 1712 562 1769 Grammaticus,
574 1719 599 1762 et
610 1713 657 1760 hoo
702 1711 802 1759 Caelum
824 1713 907 1774 ipsum
927 1716 953 1759 et
972 1712 1029 1773 ipsa
1049 1711 1133 1758 sidem
1154 1712 1247 1759 audaci

108 1789 185 1838 verba
192 1789 282 1839 Latine
289 1790 440 1854 significant:
451 1793 584 1854 [acastum
590 1793 656 1840 Her-
699 1791 838 1853 cupiditate
854 1791 1061 1839 tratraenatmaa
1085 1789 1198 1838 Lactant.
1212 1790 1245 1838 V.

108 1869 176 1916 culis
202 1869 381 1930 periculosam,
411 1875 441 1918 at
467 1870 602 1920 Cerbaum
627 1888 658 1921 ea·
700 1869 723 1916 9.
752 1869 804 1927 Qui
819 1871 912 1918 coelum
923 1870 1112 1932 quoqueipsum
1123 1869 1247 1931 veneficiis

111 1947 178 1996 Orco
198 1949 323 2010 traheret,
344 1949 385 1997 stet
404 1952 436 1998 ab
457 1950 604 2012 Eurystheo
621 1953 657 1999 in·
700 1954 835 2011 expetant,
859 1954 988 2011 tamquam
1004 1949 1105 1997 illorum
1122 1949 1247 1995 atalitt'am

108 2026 238 2088 iunctam,
256 2027 398 2077 Acheronta
411 2031 538 2092 perrupit.
568 2028 657 2079 Carbo·
701 2033 771 2076 terea
787 2043 836 2076 econ
852 2028 945 2090 captat.
974 2026 1094 2074 Priscian.
1116 2026 1198 2074 Praef.
1216 2027 1247 2075 dc

108 2119 163 2164 rus,
180 2111 209 2154 ut
225 2105 293 2154 canit
303 2105 430 2155 Ausonius
441 2106 535 2171 Eidyll.
550 2108 587 2156 19.
606 2117 659 2158 erat
701 2107 781 2155 Laud.
798 2106 924 2155 Anastasii
941 2120 976 2154 vs.
988 2107 1011 2154 3.
1029 2108 1122 2155 coelum
1139 2121 1195 2154 cum
1205 2122 1246 2169 pe·

108 2186 216 2233 extremi
234 2189 303 2233 meta
319 2200 438 2248 suprema
456 2188 556 2236 laboris.
702 2192 762 2234 tuat
781 2191 806 2234 et
826 2187 910 2234 sidera
944 2187 1059 2234 Adversa
1078 2189 1187 2234 naturae
1211 2200 1246 2234 se-

142 2265 194 2312 Nu
211 2265 359 2312 arortalibao
371 2267 533 2314 arduumest.
553 2266 659 2316 Bentlei.
701 2270 803 2329 quantes
819 2266 900 2327 impie.

108 2342 218 2393 cMSS.
236 2344 319 2391 ardui.
353 2343 475 2406 Equidem
492 2350 554 2407 puto
568 2345 593 2392 in
606 2360 659 2396 sen-
736 2344 868 2394 Iraeuuda
897 2344 982 2390 Iouem
1008 2356 1099 2403 patere
1121 2341 1245 2404 sultitiae.

109 2423 187 2472 tentia
207 2428 260 2470 tam
280 2421 351 2469 finite
370 2421 461 2470 melius
479 2423 568 2471 Latine
587 2425 660 2474 scribi
703 2420 1061 2483 Ovid.11.Metamorph.391.
1086 2420 1180 2484 Iupiter
1200 2424 1247 2471 Or-

108 2501 227 2548 arduum.
263 2498 305 2548 Sic
321 2500 423 2548 Petron.
440 2515 493 2563 cap.
510 2501 551 2552 87.
586 2504 660 2554 Nihil
703 2505 796 2551 battua
814 2505 903 2563 patres
923 2501 1059 2565 aliquando
1072 2499 1190 2562 falatiae
1203 2519 1246 2565 po-

108 2583 148 2628 est
164 2584 218 2626 tam
234 2580 353 2639 arduum,
368 2581 434 2641 quood
449 2595 497 2628 aon
513 2581 660 2642 improbitas
704 2587 756 2630 nat.
791 2580 885 2630 Statius
902 2579 965 2628 VII.
983 2578 1061 2627 Theb.
1075 2579 1131 2628 201.
1153 2584 1248 2642 quoties

108 2663 265 2719 extorqueat.
299 2656 378 2705 Tacit
404 2658 491 2721 Agris.
520 2660 556 2708 18.
586 2664 661 2713 Nihil
703 2664 839 2710 intestata
855 2675 974 2722 reponam
992 2660 1120 2707 Fulmina.
1150 2661 1247 2708 Auctor

108 2737 221 2784 arduam
246 2741 293 2784 aut
313 2737 436 2785 inuictum
456 2739 549 2788 sic-ad
568 2742 659 2791 bellum
702 2740 894 2804 Epigrammata
922 2739 948 2787 in
976 2738 1131 2802 Anthologia
1158 2741 1246 2790 Burm.

107 2815 271 2863 venantibus.
304 2814 402 2864 Ennod.
424 2816 503 2880 Epist.
526 2819 549 2866 6.
584 2821 659 2870 Nau
702 2820 733 2869 T.
751 2820 786 2868 Π.
803 2837 827 2883 p.
838 2820 900 2883 att.
932 2819 1012 2867 Saeua
1028 2821 1131 2882 Iupiter
1146 2821 1208 2883 ipse,
1224 2827 1248 2869 te

108 2897 148 2940 est
164 2893 275 2950 arduum
292 2909 383 2956 empna
399 2897 554 2946 curantibus.
580 2898 657 2947 Wou·
702 2902 808 2962 colente,
826 2901 905 2948 Ponit
915 2899 1038 2961 fulciano.

109 2985 167 3020 wer.
190 2969 222 3018 sd
243 2970 336 3020 Minut.
357 2972 446 3022 Felicis
467 2972 553 3024 Octav.
575 2993 598 3039 p.
617 2978 657 3026 36.

598 3146 759 3171 -000—

506 3286 756 3352 OARMEN
801 3289 857 3353 IV.

201 3422 350 3502 Solvitur
373 3437 456 3502 acris
477 3439 582 3504 hiems
606 3445 702 3525 gruta
724 3440 794 3505 vioe
813 3439 897 3505 veris
917 3443 950 3504 et
973 3439 1116 3520 Favoni,

252 3529 457 3626 Troiamque
478 3545 578 3606 siccas
598 3543 760 3607 machinae
782 3546 920 3607 carinas.

280 3719 431 3769 CARMEN
448 3719 495 3767 IV
702 3700 745 3741 est.
780 3693 876 3742 AUSOH.
903 3693 982 3756 Epist.
1003 3695 1043 3742 24.
1081 3695 1117 3743 Te
1135 3696 1189 3743 Sine
1208 3700 1251 3745 Sed

703 3773 789 3821 uultus
805 3778 881 3834 orata
897 3774 949 3821 vice
963 3773 1079 3835 prouenit
1094 3789 1184 3821 anuas.

150 3813 255 3901 Grata
267 3849 325 3898 viee.
343 3849 439 3897 Lucan.
452 3849 563 3898 Inoas,
584 3856 661 3912 prata
739 3852 905 3915 Trahautqae
914 3852 994 3902 siccas
1005 3853 1134 3900 acacianae
1141 3852 1249 3900 carinas.

108 3928 392 3977 vicemoma‘areadeat.
421 3928 562 3977 Mamertin.
580 3927 660 3977 Pane·
704 3926 796 3978 Omnes
813 3929 1250 3992 aliiversusaapondaeoincipiunt,

109 4004 227 4068 gynlll.
250 4007 333 4069 Lotape
345 4007 392 4054 tua
404 4008 500 4056 maiora
511 4012 661 4070 saat,quae
703 4009 743 4056 hio
764 4023 779 4056 a
799 4007 887 4056 iambo.
916 4007 983 4055 Hinc
1003 4014 1075 4055 natae
1096 4008 1251 4058 coniecturae

110 4088 155 4143 tu,
172 4084 306 4146 impartito
323 4087 369 4133 tihi
385 4086 503 4149 irnperio,
518 4089 570 4136 vice
585 4093 662 4149 prata
703 4089 812 4145 ducant,
830 4092 958 4148 torqueat,
975 4092 1000 4134 et
1016 4084 1184 4149 Oudendorpii
1196 4092 1250 4135 tru-

108 4163 232 4210 retals'stt.
260 4163 311 4212 Ubi
327 4164 392 4212 illud
408 4171 483 4227 arata
500 4166 660 4215 aieeobcan-
704 4169 781 4222 ditat,
798 4165 857 4229 quia
873 4165 1013 4228 phalangae
1029 4178 1080 4213 non
1092 4165 1196 4214 trahunt
1208 4180 1250 4215 na-

110 4241 168 4289 dem
186 4255 299 4289 caussam
315 4242 404 4304 probo,
420 4243 538 4307 obquam
549 4244 661 4293 Schwar-
704 4260 758 4301 ves,
779 4245 822 4293 sed
843 4245 889 4292 hae
909 4245 958 4294 illis
979 4246 1105 4309 impositae
1125 4261 1169 4309 per
1190 4246 1251 4295 alias

110 4319 165 4367 zius
191 4320 324 4384 improbat,
349 4322 407 4384 quia
430 4338 517 4386 nempe
539 4323 661 4386 politicum
705 4325 830 4372 machinos
840 4325 981 4373 trahuntur.
991 4325 1034 4374 Me
1046 4326 1084 4374 vel
1096 4327 1149 4374 solu
1161 4327 1251 4374 montio
