2916 5220
583 321 876 384 EPOllON

333 506 483 591 Tuusque
507 513 620 572 venter
644 507 878 588 Pactumeius,
903 511 936 570 et
961 513 1017 568 tuo

334 609 454 673 Cruore
469 608 583 674 rubros
606 609 767 674 obstetrix
790 629 919 694 pannos
944 607 1048 686 lavit,

335 711 521 797 Utcumque
544 711 639 777 fortis
655 712 768 778 exsilis
792 732 959 796 puerpera.

335 814 422 893 Quid
445 815 604 880 obseratis
629 816 762 880 auribus
787 814 901 879 fundis
924 813 1056 897 preces?

334 917 408 981 Non
434 939 513 982 saxa
536 918 634 983 nudis
659 918 808 983 surdiora
831 916 953 982 navitis

334 1019 509 1103 Neptunus
533 1019 601 1084 alto
625 1019 736 1084 tundit
759 1019 916 1084 hibernus
941 1017 1019 1081 salo.

156 1217 283 1265 Bentleius
308 1216 466 1265 inserendum
492 1224 576 1279 putat,
606 1219 647 1265 sed
676 1217 701 1265 in

156 1296 204 1343 tiue
227 1296 395 1358 praecedentis
418 1311 516 1344 versus:
548 1299 615 1345 Dedi
639 1299 703 1345 sutis

155 1389 277 1437 superque
299 1390 439 1436 poenarum
465 1377 519 1423 tibi.
554 1377 576 1424 0
599 1378 702 1423 Arenata.

156 1453 258 1502 Malim:
279 1456 301 1502 0
319 1460 418 1502 ainata:
445 1463 473 1502 ut
494 1456 525 1502 sit
546 1460 702 1517 anapaestus.

156 1531 225 1579 Haec
250 1539 335 1579 antem
352 1534 441 1590 verba,
466 1548 530 1596 qnae
553 1547 628 1597 supra
648 1539 704 1595 post

156 1625 193 1658 rs.
213 1612 250 1659 19.
268 1611 366 1659 nullam
383 1611 474 1660 habent
489 1613 647 1671 sententiam,
664 1611 704 1658 hic

156 1692 255 1753 egregie
281 1707 354 1739 suum
380 1689 464 1736 locum
493 1695 602 1737 tuentur.
636 1689 704 1736 Bene

157 1767 317 1832 Cruqnianus
326 1769 524 1819 Commentator:
534 1770 642 1816 Videtur
650 1784 704 1816 earu

156 1851 273 1907 laudare,
297 1851 370 1912 quasi
397 1855 450 1895 tam
474 1849 584 1910 pulchra
604 1849 649 1904 sit,
675 1853 705 1894 ut

156 1934 283 1976 sumentur
301 1929 390 1975 tradere
407 1933 444 1974 tot
461 1931 599 1982 amatores,
611 1929 653 1973 sed
664 1942 691 1974 re

157 2022 217 2053 υρνα
234 2009 310 2069 meqis
326 2009 398 2054 illam
415 2008 552 2066 vituperat.
573 2004 705 2053 Postrema

157 2101 214 2148 pars
231 2086 362 2143 orationis,
378 2085 435 2132 inda
453 2100 468 2131 a
485 2083 565 2132 verbis
583 2086 653 2145 lyra,
670 2099 705 2132 ro-

156 2172 246 2223 nante,
264 2173 379 2213 versatur
396 2165 420 2212 in
444 2163 561 2210 laudibus
578 2162 703 2212 Canidiae.

158 2245 206 2294 Sed
224 2247 307 2294 omnia
326 2253 385 2293 sunt
402 2242 506 2300 ironica,
524 2250 549 2290 et
573 2243 646 2290 modo
663 2257 704 2290 ne·

157 2322 251 2383 gantis,
268 2337 330 2384 quae
354 2328 435 2369 essent
451 2320 614 2378 affirmanda,
631 2321 704 2369 modo

156 2400 316 2456 affirmantis,
334 2415 397 2462 quac
414 2402 541 2463 neganda,
552 2402 625 2449 morlo
635 2401 703 2449 laudi

157 2479 299 2536 tribuentis,
317 2494 379 2541 quae
396 2485 455 2527 sunt
471 2482 559 2542 turpia.

190 2562 362 2607 Pactumeius.
397 2559 452 2607 Alii
461 2562 629 2621 partumeius.
648 2561 701 2606 Pa·

157 2641 279 2686 ctumeius
304 2645 341 2685 est
365 2653 454 2686 nomen
480 2639 608 2701 proprium
625 2638 702 2700 pueri.

156 2717 215 2765 Vid.
245 2718 327 2765 Bentl.
360 2718 443 2767 Schol.
472 2719 579 2766 Franek.
608 2719 703 2766 Nomen

155 2798 286 2857 proprium
303 2799 376 2857 pueri
398 2799 531 2845 adamatum
548 2797 646 2844 rustici.
672 2795 702 2842 In

156 2890 207 2922 uno
224 2875 280 2923 MS.
298 2875 391 2936 legitur
410 2877 581 2924 Pactumeius.

195 2957 336 3015 Utcumque
349 2954 432 3016 sortis
453 2955 540 3001 escitis
568 2967 701 3013 puerpera.

157 3032 249 3081 Melius
266 3047 363 3081 censeo:
387 3034 528 3093 Utcumque
542 3030 623 3093 fortis
640 3032 702 3078 ersi·

157 3115 188 3161 tr't
212 3112 344 3175 puerperi.
388 3110 548 3159 Pactumeius
576 3116 612 3159 est
637 3110 702 3158 filius

157 3200 228 3253 tuus,
254 3193 367 3254 quamvis
392 3191 441 3239 iam
459 3189 528 3238 fortis
545 3196 570 3238 et
587 3189 703 3238 robustus

157 3287 170 3320 e
188 3278 273 3319 ventre
290 3280 333 3320 tuo
350 3278 374 3320 ct
391 3272 475 3319 stratis
491 3269 581 3319 exsilit.
607 3269 703 3317 Amare

157 3352 250 3399 dictum
275 3355 372 3410 exsilit,
399 3352 429 3398 de
451 3364 538 3413 puero,
566 3348 610 3411 qui
632 3349 703 3396 nullo

157 3429 241 3478 labore
257 3432 374 3487 nascitur,
399 3430 440 3478 vel
464 3429 545 3492 potius
562 3429 611 3475 iam
629 3434 703 3476 natus

157 3516 194 3557 est
215 3515 256 3566 et,
272 3516 300 3557 nt
321 3510 472 3572 suppositus,
494 3523 520 3556 se
540 3523 554 3556 e
571 3507 635 3555 lecto
647 3522 702 3570 pro-

158 3588 224 3650 ripit.
259 3589 323 3636 Fere
346 3595 373 3635 ut
395 3588 504 3635 Plautus
522 3588 549 3635 in
573 3587 701 3649 Amphitr.

157 3668 191 3716 V.
213 3668 233 3714 l.
261 3669 311 3716 Sed
326 3684 389 3730 puer
409 3669 463 3722 ilie,
488 3683 560 3729 quem
577 3682 618 3728 eqo
639 3668 702 3725 tavi,

158 3753 187 3795 ut
203 3763 308 3810 maqnua
325 3753 362 3795 est
384 3748 535 3794 sternitum
552 3748 626 3794 valet.
654 3747 702 3793 Ne·

158 3842 204 3888 que
221 3842 277 3874 euna
293 3827 430 3887 quidquam
448 3827 565 3885 cotiipure
581 3827 663 3887 quivit
674 3827 703 3872 in

157 3906 293 3954 carnulentia.
330 3904 405 3952 Citus
424 3921 437 3952 e
453 3905 525 3953 cunis
540 3906 634 3952 exsilit.
656 3904 702 3951 Le-

157 3984 213 4045 pide
230 3982 357 4031 Lucienus
374 3983 399 4030 in
407 3982 520 4044 Dialogis
533 3983 562 4030 de
579 3983 702 4038 Minerva,

159 4077 242 4111 recens
263 4068 333 4111 nata:
359 4061 375 4120 ἡ
395 4061 420 4110 di
445 4061 515 4126 πηδᾷ
542 4063 584 4110 καὶ
613 4059 701 4126 πυρῤι-

158 4144 227 4205 χέζει.
254 4143 284 4190 In
301 4141 386 4190 eadem
403 4148 489 4204 partus
502 4141 621 4189 facilitate
631 4156 702 4188 usur-

158 4227 231 4283 patur
242 4221 346 4268 verbum
360 4221 475 4282 effundi,
494 4221 560 4283 quod
580 4221 641 4268 bene
657 4234 701 4267 ex·

157 4300 238 4361 posuit
246 4300 407 4346 Burmannus
425 4299 456 4346 ad
465 4299 609 4347 Phaedrum
619 4298 669 4347 ΙΙΙ.
678 4302 701 4348 5.

743 1218 774 1265 In
786 1218 840 1280 pari
856 1216 944 1265 fraude
962 1217 1070 1264 Plautus
1080 1214 1166 1264 Cistel.
1184 1215 1207 1264 1.
1216 1216 1242 1263 2.
1260 1216 1300 1264 20.

744 1299 861 1345 Eandem
876 1299 989 1357 puellam
1004 1298 1120 1360 peperit,
1138 1311 1217 1357 quam
1234 1311 1252 1342 o
1264 1311 1302 1343 me

744 1381 887 1436 acceperat,
899 1378 954 1424 sine
965 1376 1106 1424 obstetricis
1116 1389 1194 1436 opera
1206 1380 1234 1422 et
1245 1375 1301 1422 sine

744 1456 880 1503 doloribus.
1102 1458 1104 1463 ’

779 1533 837 1581 Non
861 1547 925 1581 suaa
953 1533 1031 1580 nudis
1055 1533 1178 1580 surdiora
1202 1531 1301 1578 navitis

747 1611 881 1671 Neptunus
905 1612 958 1659 alto
983 1612 1071 1658 tundit
1092 1611 1213 1658 hibernus
1236 1611 1299 1658 salo.

745 1688 800 1736 Hoc
822 1688 893 1737 dicit:
917 1688 986 1738 Saxa
1006 1702 1056 1736 non
1076 1693 1129 1734 tam
1147 1688 1225 1735 surda
1242 1696 1301 1736 sunt

744 1768 839 1826 nautis,
856 1783 932 1830 quam
949 1781 1019 1815 meae
1036 1781 1109 1814 aures
1127 1767 1182 1815 tibi.
1216 1769 1301 1817 Notae

744 1853 803 1892 sunt
819 1847 1014 1909 comparationes
1029 1848 1117 1894 durior
1133 1849 1250 1907 scopula,
1269 1848 1300 1895 de

744 1938 795 1986 qua
812 1925 919 1973 vidimus
936 1925 968 1972 ad
980 1925 1031 1972 III.
1048 1923 1132 1973 Carm.
1145 1926 1169 1973 5.
1190 1925 1297 1981 Notum,

746 2009 775 2051 ut
798 2006 913 2066 scopulus
936 2006 1034 2066 spernit
1056 2018 1136 2066 aquas
1157 2005 1298 2064 irruentes,

746 2085 833 2131 durior
843 2089 867 2130 et
878 2085 980 2131 surdior
985 2083 1071 2146 freto:
1090 2088 1119 2130 ut
1132 2080 1207 2130 Ovid.
1220 2082 1299 2131 XIV.

746 2162 849 2210 Metam.
872 2164 929 2214 7ll.
964 2164 1073 2212 Surdior
1090 2163 1137 2209 illa
1148 2161 1223 2220 freto
1240 2177 1299 2210 sar·

744 2248 827 2303 pente,
845 2244 989 2290 cadentibus
1006 2243 1095 2290 hardu.
1122 2240 1172 2288 XI.
1193 2240 1299 2289 Metam.

746 2321 802 2369 329.
840 2322 912 2379 Quae
930 2326 1006 2382 puter
1027 2322 1096 2368 haud
1113 2321 1202 2376 aliter,
1220 2337 1300 2382 quam

746 2406 832 2450 curetes
850 2415 982 2447 rrrrtrmura
997 2401 1080 2461 ponti,
1100 2401 1209 2462 Accipit.
1243 2399 1300 2448 Sta·

746 2480 793 2526 tius
811 2479 859 2527 IV.
882 2479 961 2527 Theb.
979 2480 1020 2526 51.
1054 2481 1106 2527 Ille
1121 2494 1216 2541 quoque
1232 2480 1300 2541 affu-

747 2563 789 2605 tus
804 2573 853 2606 non
870 2559 968 2606 nroltius
985 2560 1062 2606 audit
1078 2560 1185 2617 urrriaos,
1213 2559 1301 2616 Quum

747 2639 825 2685 trucis
849 2639 920 2685 Ionii
947 2639 1029 2686 rabies
1055 2639 1195 2685 clamantia
1221 2640 1299 2698 ponti

751 2719 815 2765 Vota
831 2718 920 2764 virum.
955 2715 1045 2763 Talem
1066 2722 1149 2763 autem
1166 2730 1299 2779 compara-

747 2798 849 2851 tionem,
874 2795 956 2857 qualis
981 2795 1020 2842 hic
1044 2795 1150 2857 legitur,
1172 2809 1300 2859 nusquam

746 2876 803 2938 legi.
837 2877 871 2924 Et
882 2873 1004 2937 quomodo
1016 2889 1082 2921 saxa
1093 2874 1209 2922 dicantur
1219 2877 1301 2924 surdo

746 2955 859 3003 nacitu?
892 2953 959 3014 Quia
978 2953 1078 3000 navitae
1097 2951 1123 2998 in
1141 2967 1241 3000 summo
1258 2968 1301 3016 pe·

746 3034 824 3082 riculo
841 3049 902 3082 saxa
918 3033 1065 3095 imploranti
1086 3033 1155 3093 atqui
1171 3046 1201 3080 ea
1217 3032 1301 3080 vitant

746 3130 822 3176 quam
839 3113 989 3175 longissime.
1023 3111 1060 3160 Ut
1081 3099 1162 3159 rerba¹
1179 3125 1248 3159 nune
1264 3113 1300 3161 le·

747 3200 858 3255 guntur,
887 3197 962 3255 caput
989 3191 1179 3252 comparationis
1207 3197 1244 3238 est
1273 3193 1300 3240 in

746 3274 823 3320 soris.
854 3270 1013 3333 Comparatio
1030 3270 1175 3319 brevissime
1192 3270 1300 3318 absolvi·

747 3358 796 3410 tur,
813 3357 837 3398 et
854 3365 895 3408 ea,
912 3364 975 3412 quae
992 3356 1051 3396 sunt
1062 3349 1263 3397 additamentum
1275 3358 1301 3398 et

747 3431 851 3477 accessio
868 3427 1067 3491 comparationis,
1086 3428 1168 3476 multo
1181 3428 1300 3490 pluribus

746 3515 878 3566 ornantur,
900 3517 928 3555 ut
949 3509 1085 3569 Neptunus
1107 3509 1224 3555 hibernus
1244 3510 1301 3556 alto

745 3590 804 3636 salo.
838 3587 938 3635 Nautae
954 3587 980 3633 in
997 3585 1105 3648 periculo
1121 3587 1187 3634 vitae
1202 3586 1301 3648 Neptu-

746 3681 807 3713 num
825 3672 849 3714 et
866 3680 933 3713 mare
950 3665 1124 3727 implorabant,
1140 3671 1169 3712 ut
1181 3664 1228 3713 sibi
1241 3680 1300 3727 par·

746 3751 838 3793 cenent.
871 3745 943 3793 Mare
971 3750 995 3792 et
1023 3744 1199 3792 flnctussunt
1223 3747 1301 3794 surdi

746 3825 845 3881 nautia,
862 3838 912 3870 non
930 3824 1034 3886 scopuli.
1058 3823 1137 3872 Recte
1153 3824 1244 3888 aliquis
1263 3825 1300 3872 di·

745 3903 809 3951 citur
829 3905 929 3951 surdior
951 3918 1025 3960 saxo,
1046 3917 1095 3951 non
1117 3909 1202 3952 tamen
1223 3911 1300 3951 ntea

745 3982 853 4030 surditas
875 3982 906 4028 ad
931 3989 1024 4031 nautas
1044 3988 1145 4031 orantes
1163 3983 1298 4045 pertineat.

745 4060 827 4118 Credo
844 4059 977 4108 Horatium
995 4061 1134 4124 scripsisse:
1156 4063 1214 4110 Non
1232 4077 1301 4110 saxa

744 4142 819 4188 nudis
839 4143 955 4190 surdiore
971 4143 1067 4189 navitis
1089 4142 1227 4202 Neptunus
1243 4143 1300 4189 alta

746 4222 832 4268 tundit
856 4222 975 4269 hibernus
999 4222 1061 4270 soto.
1098 4220 1247 4282 Neptunum
1274 4229 1300 4268 et

745 4299 835 4347 fluctus
852 4300 959 4349 marinos
970 4299 1105 4362 implorant
1115 4306 1215 4349 nautae.
1233 4299 1297 4349 Flu-
