2916 5220
568 296 746 362 LIBER
792 299 818 362 l.

213 483 260 548 Et
279 483 395 549 domus
423 485 518 550 exilis
540 486 711 551 Plutonia:
732 507 796 571 quc
818 487 916 551 simul
942 487 1075 570 mauris,

259 587 327 652 Nec
351 610 451 672 regna
471 588 540 653 vini
563 589 696 656 sortiere
716 591 808 672 talis,

119 829 173 872 cet:
199 837 262 884 quos
285 821 381 884 subala
407 817 499 869 Manes
528 822 668 879 NobiIitut,
712 828 769 871 ante
794 823 879 871 oculos
905 823 991 871 habuit
1016 830 1101 874 auctor
1126 825 1253 888 Epigram.

120 908 208 951 reoster
224 901 587 963 populatoreneratusudorat.
609 898 668 949 Om·
712 901 817 950 Anthol.
835 903 921 951 Burm.
939 903 969 951 T.
988 903 1022 951 II.
1039 919 1096 967 pag.
1115 905 1169 956 473.
1205 906 1255 952 Aa·

120 981 163 1029 nia
183 979 277 1043 templa
296 978 404 1035 Romae,
425 978 471 1036 ait,
492 978 589 1042 proprie
611 986 669 1026 sunt
711 994 758 1040 qur
775 981 844 1027 barut
861 981 948 1029 irrisere
963 985 1168 1043 parmenionis,
1183 985 1256 1041 Quae

120 1058 284 1121 sepulcra,in
296 1058 384 1119 quibus
395 1057 487 1106 conditi
498 1058 595 1114 heroes,
607 1071 668 1119 quos
712 1059 747 1104 ud
763 1059 845 1106 muros
862 1059 945 1105 trahit
961 1059 1060 1106 inuidos
1079 1060 1186 1120 Averni,
1206 1061 1254 1107 Fu·

120 1144 240 1195 mortuos,
256 1137 323 1185 Deos
339 1150 425 1184 manes
434 1135 517 1193 factos,
530 1135 614 1183 fabula
626 1150 667 1184 no·
712 1136 784 1183 batos
801 1151 885 1184 purnes
902 1138 945 1184 abt
961 1152 1006 1185 res
1023 1137 1123 1186 coircet.

120 1215 211 1265 bilitat.
240 1214 370 1263 Nobilitati
386 1221 445 1261 sunt
461 1220 560 1276 propter
577 1228 615 1262 res
627 1229 667 1276 ge·
745 1216 784 1262 Et
801 1216 888 1263 motus
905 1217 979 1264 exitis
997 1217 1128 1264 Plutonia.
1157 1216 1255 1264 Brouk-

121 1302 182 1351 stas,
198 1307 263 1356 quse
274 1307 324 1341 non
335 1293 383 1340 fide
394 1292 509 1339 historica
520 1293 667 1351 traduntur,
712 1293 767 1341 hus.
791 1294 929 1342 annotavit:
951 1295 995 1344 “si
1012 1297 1086 1343 cattis
1102 1310 1189 1344 verum
1206 1303 1255 1353 est,

120 1371 165 1420 sed
182 1370 272 1419 fabulis
289 1369 390 1434 poeticis
407 1370 560 1418 decorantur.
578 1370 666 1420 1149.
712 1386 763 1419 non
780 1372 826 1420 erit
841 1373 1004 1420 recedendum
1016 1374 1047 1421 ab
1058 1375 1256 1436 interpretatione

120 1466 168 1499 aar
192 1465 267 1500 soora
287 1451 355 1499 vobis
376 1451 421 1497 Ea
448 1451 541 1497 tabulis
558 1453 668 1514 certaque
711 1449 799 1499 Fabri:
820 1465 843 1498 v.
862 1449 963 1499 Gruteri
979 1452 1091 1515 Inscript.
1109 1468 1132 1514 p.
1150 1451 1254 1502 DCLV.

119 1528 325 1592 poittcasabula
342 1527 476 1590 praestet?
512 1527 542 1575 In
560 1527 597 1575 his
614 1541 666 1590 per·
712 1529 828 1577 Pricaeus
844 1531 869 1577 in
891 1530 923 1577 N.
945 1531 1012 1579 Test.
1037 1546 1061 1593 p.
1088 1531 1142 1579 153.
1167 1531 1255 1580 Barth.

119 1607 179 1654 iude
199 1613 247 1665 est,
264 1607 315 1656 sive
330 1607 427 1670 subala
447 1607 564 1654 nobilitat
589 1604 667 1663 dicas,
712 1608 779 1657 Adv.
797 1609 869 1658 LIX.
887 1611 924 1657 13.
949 1609 1024 1673 Virg.
1039 1609 1086 1658 VI.
1105 1610 1170 1658 Aen.
1181 1610 1255 1658 269.''

120 1686 172 1736 sive
182 1687 292 1750 subulae
307 1686 448 1734 nobilitant.
466 1684 504 1733 At
520 1685 545 1731 in
559 1685 668 1746 genitivo
712 1683 901 1748 Oudendorpius
918 1701 968 1735 non
978 1687 1066 1750 probat
1077 1690 1164 1737 danim
1175 1690 1256 1746 exilit,

120 1766 213 1828 requiri
237 1765 335 1813 videtur
355 1763 474 1826 pluralis,
500 1770 528 1810 ut
549 1763 665 1812 Ambros.
711 1770 739 1811 ut
756 1765 870 1813 nonnulli
887 1764 1054 1824 coniecerant;
1073 1765 1128 1813 loca
1144 1765 1255 1813 enimin-

120 1844 195 1908 Oper.
213 1845 245 1895 Τ.
262 1845 402 1908 11.p.115.
427 1845 584 1892 Fubotmum
595 1844 666 1891 illum
711 1841 782 1890 serua
797 1842 859 1892 bene
880 1843 997 1891 dicuntur
1018 1843 1122 1891 exilium
1143 1850 1256 1906 respectu

119 1940 212 1986 equum
228 1939 337 1973 ueneunr.
372 1922 458 1973 Cicero
480 1921 529 1970 111.
552 1920 623 1972 offic.
642 1923 665 1970 9.
711 1920 852 1978 hominum,
869 1935 922 1969 non
939 1921 1026 1969 domus
1042 1921 1110 1971 exilii
1123 1925 1255 1972 Plutonia.

120 2004 172 2051 Ille
201 2004 296 2065 ques,
321 2007 351 2049 ut
369 2001 464 2064 serunt
483 2001 598 2064 fribulae.
632 1999 667 2047 Et
710 2001 766 2048 Hoc
790 2007 887 2049 notaret
912 1999 1046 2050 Plutonem
1068 2001 1102 2049 ibi
1123 2015 1175 2050 esse
1195 2016 1255 2050 exu-

120 2083 154 2131 sic
171 2083 226 2139 alii,
251 2087 282 2130 at
305 2087 343 2131 est
367 2082 395 2128 in
414 2080 521 2144 fictitiis.
564 2078 667 2139 Duplici
710 2080 767 2128 lom.
793 2081 859 2136 Alii,
878 2086 906 2128 ut
921 2079 996 2128 Voss.
1007 2080 1085 2143 Epist.
1100 2080 1153 2127 169.
1165 2080 1255 2130 Graev.

120 2167 204 2210 autern
221 2161 316 2209 ratione
332 2159 407 2206 homo
423 2157 463 2206 vel
475 2171 514 2205 res
526 2156 666 2219 appellatur

113 2238 216 2301 subido.
251 2238 350 2301 Aliquis
375 2244 412 2285 cst
429 2237 536 2300 fabrita,
561 2236 592 2284 (le
616 2250 666 2298 quo

119 2331 204 2365 omnes
222 2317 312 2380 ubique
327 2317 353 2364 in
370 2315 531 2364 conventibus
548 2321 572 2363 et
588 2315 665 2361 circu-

118 2395 149 2442 lis
167 2396 320 2458 loquuntur,
336 2402 361 2443 et
377 2394 441 2442 veris
458 2392 521 2440 salsa
530 2391 665 2455 affingunt:

118 2491 142 2523 v.
160 2475 247 2525 Heius.
271 2474 302 2521 ad
319 2472 391 2523 Ovio.
411 2473 432 2520 I.
456 2471 544 2520 Amor.
567 2471 604 2519 13.
624 2473 664 2520 36.

119 2560 144 2602 et
160 2553 322 2616 Oudendorp.
344 2551 376 2600 ad
394 2550 488 2614 Appul.
506 2550 541 2597 II.
561 2550 664 2598 Metam.

118 2649 142 2696 p.
164 2632 219 2680 119.
252 2631 344 2680 Altera
363 2628 471 2685 ratione,
492 2643 508 2675 a
527 2627 603 2689 priori
625 2627 664 2675 de-

118 2713 207 2770 ducta,
232 2710 322 2774 aliquis
347 2716 384 2756 est
402 2708 508 2770 subulo,
526 2707 611 2770 quiin
629 2721 665 2756 re·

119 2805 177 2838 rum
203 2796 294 2838 natura
319 2803 369 2837 non
393 2793 486 2842 exstat,
511 2786 665 2843 nullarum,

119 2869 182 2917 nibil
198 2877 244 2917 est.
270 2869 353 2917 Homo
370 2873 495 2922 mortuus,
507 2879 572 2912 vana
583 2866 665 2928 imago

119 2949 172 2998 sine
197 2962 316 3011 corpore.
341 2949 438 3002 ambra,
463 2946 538 2992 tuane
566 2960 665 3002 aetiten,

120 3027 196 3076 οὐδὲν
224 3027 302 3091 λόγος
333 3033 358 3074 et
383 3025 479 3088 μῦθος,
497 3023 594 3086 fabula
617 3030 666 3082 ost,

119 3105 191 3166 quasi
208 3117 337 3168 nunquam
355 3101 485 3152 exstiterit.
515 3101 584 3150 Pers.
613 3103 664 3151 Sat.

119 3181 154 3229 V.
178 3183 232 3230 152.
274 3184 383 3244 Indulqe
406 3182 483 3243 penio.
527 3182 666 3243 Carporum

118 3262 213 3310 dulcio.
256 3262 381 3309 Nostram
410 3264 457 3316 cst,
490 3259 564 3317 Quart
591 3262 665 3308 viva:

118 3339 184 3385 ctum
199 3345 225 3386 et
241 3353 326 3387 rrmnet
341 3344 366 3387 et
380 3337 477 3402 fabula
489 3339 547 3399 fies.
582 3339 665 3389 Imita-

119 3415 155 3463 tio
178 3416 277 3465 Horatii
301 3423 386 3480 aperta
407 3424 455 3476 est,
477 3434 553 3481 quam
574 3426 599 3467 et
624 3421 665 3470 alii

119 3493 244 3543 viderunt.
279 3495 328 3545 Sed
348 3512 397 3545 nou
418 3497 532 3546 viderunt
549 3498 664 3548 Persium

118 3581 214 3623 certam
230 3575 328 3624 Horatii
349 3576 496 3625 emendandi
513 3577 578 3626 viam
596 3593 664 3627 mon-

119 3661 218 3703 strasse.
251 3656 398 3719 Legendum
415 3656 481 3704 enim
499 3662 545 3705 cst:
564 3659 624 3705 Iam
641 3663 665 3706 te

116 3740 282 3794 premetter
292 3735 414 3798 sabulum
430 3741 608 3798 utquemaaea.
633 3737 664 3785 In

119 3809 199 3859 codd.
217 3813 368 3860 scribebatur
378 3814 475 3876 fabulo
486 3821 561 3877 atque
572 3830 664 3863 mattea.

119 3889 156 3936 Et
176 3893 244 3939 varia
268 3891 340 3940 lectio
360 3893 426 3954 apud
447 3893 573 3941 Aaronem
594 3900 619 3942 et
638 3894 664 3941 in

118 3968 197 4018 MSS.
215 3970 290 4018 etiam
306 3971 332 4019 in
349 3971 446 4019 duobus
463 3971 586 4022 D'Orrill.
604 3979 665 4022 teste

119 4048 308 4114 Oudendorpio,
320 4051 507 4115 subtitueqrreet
519 4068 614 4109 inanes,
628 4053 663 4100 iu·

119 4129 187 4178 (licat
204 4125 313 4194 subiatas
329 4147 415 4179 amnes
430 4131 455 4178 in
473 4131 542 4179 libris
560 4132 663 4194 antiqui·

119 4209 204 4257 oribus
222 4224 271 4258 non
291 4208 365 4258 fuisso
385 4210 568 4273 appositionem.
603 4208 664 4259 Cac-

120 4295 202 4336 terum
215 4287 312 4337 Horatii
322 4303 434 4347 vorsum,
445 4288 494 4336 iam
505 4293 663 4350 corruptum,

711 2159 742 2206 ad
759 2160 858 2208 Hesiod.
877 2175 900 2223 p.
921 2160 961 2211 27.
995 2159 1080 2208 Heins.
1103 2160 1133 2207 ad
1155 2160 1255 2207 Patron.

711 2238 751 2288 71.
768 2254 874 2301 parvum
892 2238 1036 2300 sepulcrum
1053 2238 1208 2300 intelligunt,
1230 2238 1256 2286 in

711 2331 760 2378 quo
777 2317 869 2364 cineres
886 2323 944 2363 sunt
965 2316 1089 2364 reconditi.
1123 2315 1158 2363 Et
1174 2315 1255 2378 sepul·

711 2408 782 2442 crum
807 2395 897 2457 passim
922 2393 1063 2456 appellatur
1088 2395 1187 2450 motas,
1212 2395 1255 2442 sed

712 2485 761 2518 non
776 2472 906 2519 Plutonia.
940 2470 1073 2518 Praeterea
1084 2471 1193 2534 loquitur
1204 2472 1255 2520 Ho-

711 2557 757 2598 rat.
778 2551 809 2598 dc
829 2549 912 2596 anima
932 2555 957 2597 et
973 2549 1074 2607 umbra,
1092 2564 1141 2597 non
1157 2551 1188 2598 de
1204 2565 1255 2599 cor-

711 2643 776 2693 pore.
811 2630 907 2677 Verum
928 2634 964 2677 est
985 2630 1058 2676 estiis
1078 2629 1178 2686 domus,
1194 2645 1255 2692 pau·

711 2725 765 2772 por,
783 2723 874 2766 vacua,
891 2709 943 2757 siue
960 2708 1077 2757 conviviis
1094 2716 1118 2756 et
1134 2708 1209 2758 luxu:
1232 2725 1254 2758 v.

712 2788 844 2838 Pricaeum
865 2789 896 2837 orl
918 2787 1014 2851 Appul.
1038 2787 1072 2836 V.
1106 2789 1208 2837 Metam.
1231 2804 1255 2852 p.

715 2869 767 2915 122.
785 2875 810 2917 et
828 2868 897 2917 Serv.
915 2867 947 2914 ad
962 2867 1011 2915 VI.
1030 2867 1095 2916 Aen.
1108 2866 1164 2915 269.
1187 2867 1256 2916 Haec

712 2946 761 2994 fere
778 2945 975 3009 Oudendorpius.
1010 2946 1061 2994 Pro
1079 2949 1175 2994 tumulo
1189 2961 1255 2994 acce-

711 3025 747 3087 pit
773 3024 882 3074 Gronov.
913 3027 944 3073 ad
970 3026 1055 3075 Senes.
1081 3025 1172 3073 Troad.
1200 3026 1254 3074 430.

712 3104 868 3167 Ambiguum
888 3119 940 3153 esse
956 3111 1051 3167 oportet
1068 3118 1152 3152 vocem
1170 3105 1255 3162 erilis,

711 3198 775 3245 quaa
791 3189 843 3230 tam
860 3184 934 3232 variis
950 3185 1027 3232 modis
1040 3184 1159 3247 explicari
1172 3184 1255 3246 possit.

710 3262 765 3310 Hoc
781 3263 854 3310 ctiam
871 3278 962 3324 quaero
985 3278 1016 3311 an
1037 3267 1134 3323 donia«,
1160 3263 1184 3309 in
1205 3277 1256 3325 qua

710 3342 765 3404 quis
790 3342 895 3398 habitet,
920 3349 985 3391 recte
1009 3342 1106 3389 dicatur
1128 3355 1184 3388 eum
1200 3356 1256 3400 pre-

710 3424 790 3470 mere?
823 3422 912 3484 Neque
929 3422 1016 3469 domus
1034 3427 1144 3476 tantum,
1160 3420 1202 3468 sed
1213 3421 1255 3467 do-

710 3514 765 3546 mus
783 3499 914 3556 Plutonia,
931 3499 956 3546 in
974 3514 1024 3561 qua
1039 3498 1142 3546 umbrae
1153 3497 1255 3546 circum·

710 3586 845 3642 vagentur,
863 3579 953 3641 quibus
970 3593 1015 3628 nec
1032 3579 1120 3625 domus
1131 3577 1255 3640 repletur,

710 3673 783 3720 quae,
801 3657 962 3715 mambrae,
981 3655 1060 3719 premi
1080 3668 1131 3703 nou
1147 3661 1255 3717 possunt.

710 3738 765 3801 Ego
782 3737 888 3800 aliquid,
904 3735 1008 3784 Horatio
1025 3735 1142 3796 dignum,
1159 3734 1256 3796 excogi-

710 3817 772 3864 tavi:
791 3818 851 3864 Iota
868 3821 892 3862 te
907 3820 1003 3877 premet
1020 3829 1069 3861 nox
1079 3814 1201 3875 fiilialem
1217 3819 1256 3860 ot-

709 3912 756 3958 que
776 3909 868 3943 murtea.
903 3895 942 3940 Et
962 3895 1048 3941 dotata-r
1068 3892 1172 3938 exilium
1193 3883 1265 3937 Pla?

709 3974 786 4021 tantu.
819 3971 917 4019 Domus
938 3968 1057 4016 Plutonia
1078 3968 1123 4015 crit
1144 3968 1188 4015 tibi
1206 3968 1255 4015 exi-

709 4051 784 4106 lium,
801 4049 834 4096 ibi
851 4053 969 4110 perpetuo
987 4045 1115 4095 habitabis.
1140 4046 1202 4095 Hor.
1219 4046 1255 4095 ΙΙ.

710 4127 793 4176 Carm.
803 4127 826 4173 3.
844 4125 900 4172 loca
915 4122 993 4171 infera
1010 4124 1119 4187 appellat
1127 4131 1256 4174 oeternum

709 4207 818 4254 exilitum..
844 4202 979 4264 Eleganter
996 4205 1099 4252 esitium
1116 4205 1204 4253 [licitur
1220 4205 1255 4253 lo·

710 4297 752 4330 cus
764 4281 789 4330 in
803 4294 851 4344 quo
864 4279 917 4342 quis
929 4281 1023 4329 exulat.
1041 4280 1113 4331 Ovid.
1123 4283 1170 4332 Vl.
1188 4284 1255 4333 Fast.
