2916 5220
619 289 971 354 CARMINUM.

405 481 509 565 Atqui
533 503 599 545 non
624 503 683 564 ego
708 487 757 563 te,
784 482 878 566 tigris
904 490 941 547 ut
965 506 1080 569 aspera

410 583 611 648 Gaetulusve
636 583 707 664 leo,
733 583 880 670 frangere
904 608 1086 671 persequor.

453 686 596 751 Tandem
618 685 729 752 desine
753 694 892 752 matrem

496 789 702 874 Tempestiva
726 791 818 875 sequi
843 792 921 857 vire.

265 953 349 1014 Pieria
376 957 406 999 ut
437 964 530 1014 erpere
563 952 717 1001 Gaetulicam
742 955 778 1001 leo
816 953 877 1001 Nur.
896 955 952 1002 951.
993 957 1049 1004 Uno
1066 957 1160 1017 impetu
1179 959 1321 1015 transiliet,
1342 963 1367 1005 et

222 1017 347 1094 frauyere
368 1045 510 1094 persequor.
543 1029 650 1080 Coniicit
676 1031 777 1094 aliquis:
815 1034 887 1080 verni
902 1038 972 1095 petet
991 1035 1151 1096 Frenqeique
1178 1035 1262 1081 Tauri
1291 1037 1365 1082 colle.

231 1112 304 1174 tiprie
321 1117 476 1172 rrumpere,
491 1112 646 1160 Gaetulusve
662 1113 704 1160 leo.
722 1112 777 1160 Hoc
816 1111 863 1158 Est
888 1111 951 1158 illud
962 1111 1087 1173 frenqere
1106 1111 1278 1159 Homericum.
1311 1114 1364 1160 Ex·

229 1198 278 1238 est:
303 1205 317 1238 o
338 1204 428 1252 aspera
451 1189 533 1238 Chloe.
568 1189 617 1238 Sed
638 1189 723 1252 puella
746 1193 776 1238 tt·
816 1189 898 1252 emplu
922 1189 973 1237 iam
998 1190 1106 1239 ostendit
1122 1191 1209 1239 Heius.
1232 1193 1264 1239 ad
1289 1192 1366 1241 Clau-

229 1272 300 1318 mide
324 1284 374 1317 non
404 1274 470 1316 reete
490 1268 582 1316 dicitur
603 1284 702 1331 erpere.
744 1270 778 1317 Et
816 1270 882 1317 dieu.
915 1270 951 1318 II.
970 1269 1044 1320 Cous.
1064 1270 1119 1319 stil.
1131 1270 1171 1318 21.
1194 1271 1295 1319 Addam
1314 1272 1366 1319 Ho-

229 1351 281 1412 ipse
302 1349 422 1398 Horatius
444 1347 553 1410 appellat
581 1346 640 1394 alibi
660 1362 778 1411 asperam
816 1349 912 1396 ratiuno
929 1348 1032 1398 similius
1049 1364 1081 1398 ex
1102 1349 1174 1398 Iliad.
1200 1355 1228 1397 Λ.
1249 1351 1303 1398 113.
1322 1349 1366 1408 Ὠς

230 1434 303 1477 tactu
324 1429 424 1477 leonem.
448 1425 531 1489 Igitur
552 1432 577 1474 et
597 1441 687 1488 erpere
705 1428 779 1489 tiqru
816 1426 842 1476 δὲ
866 1425 931 1476 λέων
948 1427 1051 1490 ἐλάφοιο
1073 1428 1174 1491 ταχείης
1198 1428 1277 1487 νήπια
1310 1429 1364 1478 τέκ-

229 1512 295 1554 recte
316 1505 415 1555 dicitur.
450 1506 491 1554 Ita
512 1505 701 1566 Oudendorpius
722 1519 777 1553 eam
816 1525 848 1554 va
866 1505 978 1565 Ῥηϊδίως
998 1504 1112 1566 ξυνέαξε,
1133 1505 1224 1567 λαβὼν
1242 1513 1366 1572 κρατεροῖ-

230 1583 396 1632 coniecturam
424 1583 523 1632 refellit.
560 1585 688 1646 Frenqere
717 1584 779 1632 bene
817 1603 858 1634 mv
875 1584 984 1633 ὀδοῦσιν.
993 1584 1125 1632 Horatium
1135 1585 1259 1648 cogitabat
1267 1585 1365 1634 Auson.

229 1663 366 1711 illustravit
382 1662 520 1712 Burmann.
538 1663 569 1710 ad
587 1662 673 1711 Valer.
694 1662 777 1711 Flauo.
818 1663 879 1711 XV.
906 1662 985 1723 Epist.
1019 1662 1056 1710 15.
1096 1663 1155 1710 Non
1180 1669 1210 1711 ut
1232 1663 1306 1726 lieris
1331 1670 1365 1722 te,

230 1742 266 1790 11.
281 1742 508 1804 459.frenpentem
524 1756 607 1790 morsu
628 1756 704 1804 super
723 1744 780 1790 altu
817 1757 866 1791 reon
888 1745 982 1791 umoris
1001 1745 1110 1804 impetu,
1138 1744 1228 1791 Arriore
1247 1744 1292 1790 aed
1307 1758 1366 1792 coro

230 1825 321 1871 leonem
343 1822 424 1884 Terqa
445 1820 543 1884 serene.
582 1819 677 1869 Seneca
703 1821 779 1870 Herc.
817 1826 911 1883 expeto.

717 1963 882 1987 -Οθμ-

583 2136 845 2203 OARMEN
890 2138 1017 2203 XXIV.

416 2279 506 2392 Quis
529 2301 684 2367 desiderio
706 2306 748 2367 eit
764 2301 874 2387 pedor
897 2312 954 2368 eet
975 2302 1085 2368 medes

416 2410 495 2473 Tem
516 2410 585 2472 cori
605 2410 747 2491 cepitis?
781 2408 941 2491 Preece'pe
966 2405 1107 2492 deperires

417 2511 557 2593 Contere,
578 2509 791 2594 Melpomene,
818 2513 869 2573 eei
893 2509 1043 2595 liquidem
1070 2511 1174 2574 Peter

464 2615 571 2677 Vocem
595 2633 663 2677 eum
685 2612 808 2676 cithero
831 2611 925 2677 dede.

370 2816 523 2866 CARMEN
540 2816 643 2864 XXIV¹
819 2789 914 2836 etiamsi
938 2788 1052 2837 blandius
1077 2802 1190 2846 caneres,
1220 2805 1296 2854 quam
1321 2790 1367 2841 Or·

819 2868 910 2930 phem,
932 2869 1098 2930 Quinctilium
1119 2868 1145 2916 in
1166 2868 1243 2916 vitam
1262 2884 1313 2918 nou
1330 2885 1368 2920 re-

266 2911 398 3014 Qnatuor
410 2946 500 2994 eruditi
513 2945 632 3005 homines,
643 2945 779 3010 Cruquius,
819 2948 924 2996 vocabis.
960 2947 1053 2997 Desine
1076 2962 1136 3011 ergo
1153 2947 1217 2997 flere.
1251 2950 1366 2998 Durum!

233 3027 360 3084 Muretus,
377 3026 409 3074 D.
427 3025 544 3073 Heinsius
564 3031 589 3072 et
606 3023 634 3074 C.
654 3024 778 3088 Sigonius,
820 3024 869 3074 Sed
886 3040 961 3085 onus,
973 3027 1040 3088 quod
1053 3026 1116 3075 hene
1127 3025 1213 3086 fertur,
1223 3026 1251 3073 fit
1263 3027 1367 3077 levius.''

233 3105 329 3153 diversa
344 3117 366 3151 o.
374 3104 455 3153 atione
466 3103 614 3152 sententiam
625 3103 715 3152 horum
725 3119 778 3153 ver·
818 3105 927 3164 Haecne,
938 3106 1054 3167 inquam,
1065 3105 1212 3167 respondent
1221 3108 1366 3156 anteceden-

233 3199 307 3232 suum
319 3183 516 3246 explicaverim,
533 3184 624 3232 caeteri
634 3182 685 3232 fere
693 3197 778 3232 omnes
819 3185 895 3233 tibus:
913 3184 987 3233 “Non
998 3182 1149 3232 cessabimus
1158 3183 1222 3233 flere.
1248 3185 1368 3234 Iuvauos

232 3268 371 3326 sequuntur
387 3263 504 3320 eandem,
530 3277 594 3325 quae
617 3277 670 3312 esse
695 3263 779 3324 debet,
818 3264 844 3310 in
861 3265 924 3312 tristi
940 3263 1030 3322 officio,
1049 3262 1206 3325 Melpomene
1215 3265 1253 3313 !''‘?
1278 3265 1368 3329 Neque

233 3344 258 3390 ni
267 3341 421 3400 fallor,talis:
434 3343 513 3390 “Tam
525 3356 582 3390 earo
591 3342 671 3404 capite
682 3343 778 3409 emisso,
818 3342 939 3391 Latinum
956 3350 993 3391 est
1009 3346 1044 3392 eit
1058 3345 1141 3406 pudor
1161 3344 1301 3401 deeiderio,
1319 3346 1368 3392 nisi

232 3435 264 3470 ne
285 3422 317 3469 sit
337 3420 392 3468 finis
413 3421 519 3469 dolendi.
552 3421 594 3468 Tu
614 3434 654 3467 me
675 3420 779 3477 doce,o
819 3420 893 3469 facias
904 3421 1062 3469 Desiderium
1070 3434 1209 3483 personam.
1219 3421 1274 3470 Hoc
1283 3430 1367 3472 autem

233 3499 402 3561 Melpomene,
423 3499 463 3546 cui
480 3499 575 3562 Iupiter
592 3500 644 3561 ipse
662 3498 725 3546 hauc
741 3497 777 3546 fa·
819 3497 965 3546 nonfacere
984 3498 1087 3559 poteris,
1108 3498 1167 3560 quia
1187 3500 1298 3563 sequitur
1313 3508 1368 3550 tam

233 3578 351 3626 cultatem
371 3577 471 3634 tribuit,
492 3577 611 3639 lugubres
632 3584 732 3638 cantus,
755 3585 779 3626 et
818 3578 874 3625 cari
896 3577 997 3639 cepitis.
1027 3577 1103 3624 Recte
1125 3578 1180 3639 quia
1196 3581 1282 3627 modus
1304 3581 1367 3628 deci·

233 3657 312 3718 praei,
329 3662 358 3703 ut
374 3661 480 3703 mortem
496 3655 626 3716 Quinctilii
638 3657 712 3718 digno
723 3670 777 3704 car·
819 3657 900 3716 derio,
919 3662 948 3703 ut
970 3654 1064 3704 Seneca
1084 3655 1184 3705 Consol.
1202 3658 1234 3704 ad
1251 3657 1325 3707 Helv.
1345 3658 1366 3707 1.

233 3735 300 3783 mine
316 3733 442 3782 defleam’·
472 3733 498 3781 A
524 3733 569 3781 tali
590 3733 659 3781 initio
675 3733 779 3795 longum
818 3740 848 3782 ut
872 3735 996 3782 desiderio
1022 3740 1065 3782 tuo
1089 3736 1152 3784 vella
1176 3753 1193 3784 a
1214 3753 1252 3785 me
1268 3739 1368 3785 modum

233 3814 342 3865 Carmen
367 3818 529 3890 exspectares.
554 3812 702 3860 Absolvitur
724 3826 779 3860 sex·
818 3815 908 3862 stetui.
934 3813 1041 3860 Romani
1061 3813 1146 3861 dicunt
1167 3817 1223 3877 quie
1234 3817 1317 3877 pedor
1332 3817 1368 3863 ait

230 3895 312 3944 decim
329 3891 463 3941 versiculis.
498 3891 553 3939 Hoc
568 3897 606 3938 est
625 3891 690 3938 illud
710 3892 781 3949 Quid
818 3893 949 3950 desiderii,
974 3899 1003 3939 ut
1027 3908 1099 3954 quem
1120 3895 1216 3956 pudeat
1241 3895 1367 3943 desiderii.

232 3975 334 4036 diqnum
351 3977 429 4020 tento.
455 3970 543 4034 Neque
559 3969 777 4033 Carmenrespon-
818 3970 927 4019 Martial.
944 3970 1022 4018 VIII.
1039 3971 1126 4034 Epigr.
1143 3973 1183 4019 64.
1207 3974 1249 4021 Sit
1267 3975 1368 4022 tetidem

232 4053 273 4101 det
289 4051 420 4114 prooemio.
446 4048 572 4099 Carminis
594 4049 715 4098 sententia
731 4056 778 4097 est:
818 4051 907 4111 pudor,
924 4053 948 4097 et
966 4051 1054 4097 caedua
1071 4051 1181 4112 rapinis.
1205 4050 1287 4098 Locus
1308 4051 1367 4100 huie

232 4131 318 4193 “Ergo
339 4128 501 4190 Quinctilius,
522 4127 614 4190 probus
636 4127 691 4186 ille,
714 4141 778 4175 mor·
818 4132 901 4174 nostro
913 4126 1061 4175 simillimus.
1078 4127 1165 4191 Neque
1177 4128 1211 4177 ibi
1227 4130 1367 4193 intelligen·

232 4215 290 4256 tuus
307 4214 355 4256 est:
373 4207 459 4256 flebilis
476 4213 534 4255 ante
549 4219 635 4255 omnes
652 4207 704 4265 tibi,
721 4205 778 4255 Vir·
819 4207 880 4255 dum
904 4208 937 4255 ait
955 4209 1039 4269 pudor
1065 4210 1175 4271 rapinis,
1201 4208 1244 4256 sed
1268 4215 1367 4258 tanturn

232 4285 283 4346 gili.
327 4286 377 4335 Sed
406 4285 499 4334 frustra
528 4286 634 4333 amicum
660 4286 778 4347 reposcis,
818 4289 905 4336 incolae
931 4288 1040 4349 rupinis.
1088 4286 1130 4335 sit
1152 4287 1248 4347 pudor,
1274 4286 1368 4336 scilicet
