2916 5220
600 314 775 377 LIBER
820 316 866 376 11.

391 500 519 564 Mecum
545 500 691 565 Dionaeo
715 502 775 565 sub
803 510 897 566 antra

433 602 557 681 Quaere
581 603 695 668 modos
720 603 840 669 leviore
862 604 994 688 pleotru

155 755 299 816 procedere.
326 753 385 802 Vid.
409 755 493 802 Heius.
512 755 544 802 ud
569 753 642 804 Orid.
660 755 711 804 III.
752 757 842 805 lemare
867 757 931 819 lyra.
971 757 1112 806 Nemesien.
1136 757 1232 822 Cyneg.
1259 760 1298 806 63.

159 833 239 882 Trist.
259 833 297 882 11.
315 834 355 882 63.
373 833 463 885 Greer.
477 834 509 882 ad
528 833 640 887 Cicron.
658 834 710 883 111.
752 834 818 883 Moe
840 840 934 885 remor
959 837 1059 885 nreliore
1084 839 1142 900 lyra
1164 853 1300 886 merrrorare

158 913 194 960 ad
212 912 289 961 Attio.
311 915 347 962 15.
365 920 391 963 et
406 913 542 963 Ruhnken.
563 914 595 962 ad
609 913 710 963 Terent.
752 915 895 976 triumphos
929 915 1061 978 Accinpar.
1085 915 1136 965 Ubi
1153 916 1299 965 retusliber

158 1007 219 1054 pag.
236 993 295 1042 260.
729 1002 731 1015 ¹
752 992 827 1042 babet
844 995 943 1042 maiore.
966 993 1038 1054 Quod
1050 996 1137 1044 Barth.
1156 1003 1220 1044 recte
1231 1009 1298 1057 pree-

196 1073 407 1135 Lerrioreplectro.
425 1071 603 1120 Emendendus
620 1071 645 1119 in
663 1071 710 1118 hac
728 1034 732 1143 l
752 1069 807 1120 fert.
836 1071 921 1122 Sidon.
943 1072 1029 1135 Apoll.
1055 1073 1130 1121 XIV.
1156 1072 1240 1123 Carm.
1257 1075 1297 1125 27.

158 1165 221 1200 voce
237 1159 276 1200 est
292 1151 387 1201 Statius
404 1152 424 1200 1.
443 1152 505 1203 silv.
523 1152 595 1200 136.
615 1151 711 1213 Sperne
728 1146 731 1217 Ι
752 1153 792 1198 Et
811 1150 905 1200 Chiron
917 1152 1006 1200 cecinit
1017 1154 1111 1201 rninore
1120 1154 1223 1214 plectro.
1233 1153 1299 1200 viae

157 1232 209 1280 coli
225 1232 337 1279 tenuiore
353 1230 418 1294 lyra.
445 1233 576 1290 Tenuiore,
593 1231 660 1294 quod
678 1231 710 1278 ed
728 1220 731 1241 ¹
751 1235 835 1277 tumen
852 1229 918 1277 adl.
937 1229 954 1277 1.
978 1230 1051 1280 Statii
1068 1230 1231 1280 Gronovium.
1265 1233 1299 1280 Et

157 1316 269 1358 metrum
291 1310 392 1366 attinet,
413 1311 456 1358 vix
482 1309 602 1372 explicari
622 1316 709 1372 potest.
752 1308 848 1358 Statius
865 1309 956 1358 iterum
973 1309 1036 1358 XII.
1059 1310 1138 1358 Theb.
1159 1311 1184 1359 2.
1201 1312 1298 1359 inrtan-

159 1388 283 1439 Santeuio
299 1402 396 1452 quoque
412 1389 444 1436 ed
466 1388 566 1438 Terent.
588 1389 709 1438 Maurum
751 1395 801 1439 tem
833 1404 911 1438 cornu
946 1390 1057 1438 tenuiore
1090 1391 1188 1439 ridebat
1224 1390 1298 1437 Luna

159 1485 185 1530 p.
212 1469 269 1516 430.
294 1467 381 1515 durius
403 1467 541 1515 videbatur.
584 1467 709 1530 Legamus
751 1469 822 1517 diem.

650 1611 811 1635 „000⁶—

566 1751 813 1817 CARMEN
859 1752 901 1815 ΙΙ.

340 1887 470 1968 Nullus
495 1908 630 1987 urgento
653 1901 741 1967 oolor
763 1909 814 1967 est
837 1903 942 1967 avaris

339 2005 464 2070 Abdita
488 2004 598 2086 terris,
623 2003 756 2068 inimice
778 2003 907 2069 lamnae

342 2108 457 2194 Crispe
482 2108 639 2189 Sallusti,
664 2106 729 2172 nisi
754 2112 933 2192 temperata

431 2210 608 2296 Splendeat
632 2232 703 2274 usu.

341 2313 440 2379 Vivet
466 2318 599 2378 extento
623 2313 814 2379 Proculeius
839 2334 934 2394 aevu,

340 2416 447 2481 Notus
472 2416 507 2480 in
531 2417 646 2480 fratres
671 2416 774 2480 animi
797 2416 942 2500 paterni:

332 2597 484 2648 CARMEN
502 2596 536 2645 11¹
725 2567 728 2649 l
746 2569 1027 2630 cpituquetmmurere
1038 2569 1123 2618 lucem.
1152 2570 1203 2620 Ubi
1215 2571 1293 2619 Hem-

746 2647 821 2695 sterh.
839 2646 939 2695 volebat
953 2662 1068 2709 promere
1085 2650 1197 2697 diuitiae.
1220 2649 1294 2711 Quod

193 2692 312 2777 Abdita
328 2729 412 2776 terrio.
441 2727 510 2776 Haeo
527 2725 617 2774 melius
634 2725 706 2774 intel-
746 2740 793 2788 ego
814 2725 902 2773 melius
919 2725 1038 2786 arbitror,
1062 2743 1138 2790 quam
1160 2728 1294 2780 Gronoviu-

160 2804 420 2868 ligimus,eirciemus
430 2805 580 2856 Sallustium
591 2805 707 2853 habuisse
747 2819 810 2854 num
826 2820 926 2854 comere.
952 2806 1071 2869 Appulei.
1088 2808 1183 2857 Florid.
1200 2825 1224 2872 p.
1238 2811 1295 2858 351.

161 2884 300 2934 metallum.
334 2884 401 2934 Plin.
418 2886 477 2934 Nat.
495 2885 560 2934 Hist.
574 2884 705 2933 XXXIV.
750 2885 862 2933 Gladius
878 2900 927 2934 ucu
944 2889 1107 2949 opbnderen‘t,
1123 2890 1177 2936 citu
1198 2891 1293 2952 rubtpi-

160 2962 183 3011 2.
211 2966 262 3012 Ace
281 2964 425 3027 proximum
446 2964 556 3012 bonitate
570 2961 630 3027 fuit
650 2963 706 3010 Sat·
747 2968 801 3011 not.
828 2963 917 3014 Bo'etb.
939 2962 1039 3014 Contol.
1057 2965 1092 3014 II.
1115 2966 1137 3015 5.
1167 2969 1238 3026 Quid
1254 2970 1293 3016 di·

160 3043 604 3105 luutianum‚in0entronurnrtlpino
612 3046 707 3102 tractu,
747 3043 870 3091 uitiorum
884 3043 1130 3104 potiuo‚aururnne,
1141 3060 1175 3093 an
1186 3047 1225 3093 aie
1238 3061 1293 3094 con-

160 3137 210 3172 ncn
227 3123 293 3184 lonpr'
308 3127 334 3171 et
349 3123 435 3184 iprum
451 3122 513 3170 aeni.
536 3119 707 3183 Succercitque
746 3127 828 3183 portae
849 3121 986 3181 pecuniae?
1022 3123 1103 3184 Atqui
1128 3123 1188 3172 baec
1214 3123 1294 3185 effun-

158 3202 182 3249 ei
200 3201 335 3251 Liuianum
352 3202 380 3249 in
399 3200 495 3249 Gallia.
527 3200 669 3262 Utrumque
690 3215 707 3247 a
746 3201 825 3249 deado
842 3200 921 3261 maqie
937 3214 1013 3261 quam
1025 3202 1192 3248 coacervando
1208 3202 1295 3248 nntius

159 3281 320 3329 metallorum
337 3281 443 3330 dominio
460 3279 626 3342 appellatura,
641 3280 708 3328 illud
746 3279 835 3326 nitent.
870 3277 991 3325 Prudent.
1016 3276 1052 3325 ΙΙ.
1082 3282 1169 3325 contre
1197 3277 1293 3340 Syrum.

159 3361 191 3408 ab
199 3361 279 3408 amuco
291 3358 474 3420 DictAaqmri.
483 3357 544 3407 vid.
553 3357 705 3420 Lipsiumed
746 3355 802 3405 753.
834 3354 936 3404 Candor
951 3355 1019 3417 perit
1036 3356 1146 3416 arpenti,
1169 3358 1193 3405 ei
1209 3358 1293 3417 defuit

160 3435 244 3485 Taciti
253 3436 273 3485 1.
291 3437 386 3486 Annei.
403 3437 428 3485 6.
747 3448 819 3492 neue,
845 3435 885 3481 Et
894 3432 1293 3496 furcataritnoorrurnpitcenu

195 3518 255 3565 Nisi
271 3521 409 3578 temperato
424 3517 555 3578 cpierrdeot
571 3531 628 3565 aru.
654 3516 705 3564 Ho-
746 3514 858 3562 colorent.
886 3510 1026 3560 Hildebert.
1043 3511 1070 3559 in
1087 3511 1149 3560 Vita
1168 3513 1194 3562 S.
1206 3512 1293 3576 Hugo-

159 3596 238 3644 rctiue
254 3594 362 3646 Graecos
379 3595 498 3645 imitetur.
522 3595 651 3658 Sophoclis
663 3609 705 3644 ex·
746 3591 784 3639 nis
800 3590 875 3654 Oper.
892 3605 950 3654 pag.
966 3593 1022 3642 915.
1049 3592 1190 3655 Arpentnnr
1206 3600 1231 3642 et
1249 3610 1293 3642 ‹rn-

159 3680 210 3722 stat
224 3674 327 3738 Frugm.
345 3674 459 3723 LXXII.
493 3674 592 3740 Aciprru
609 3675 657 3738 γὰρ
678 3673 706 3722 ἐν
746 3685 805 3719 rum
821 3671 909 3719 melino
925 3671 1238 3736 irnpenaaquamoerouta
1251 3689 1293 3721 ru-

158 3751 282 3815 χρεέαισιν
297 3752 382 3817 ὥσπερ
400 3752 529 3817 εὐπρεπὴς
544 3752 647 3815 χαλκός.
669 3750 706 3800 Ut
747 3748 824 3799 tilare
848 3749 1022 3810 praedicabat.
1066 3750 1150 3801 Sidon.
1180 3751 1292 3814 Apollin.

158 3843 235 3892 supra
251 3829 315 3878 dixit
331 3831 418 3879 nullae
434 3832 501 3880 color
517 3835 563 3887 ert,
579 3830 613 3878 sic
635 3836 706 3879 retus
746 3826 824 3876 VIII.
843 3825 922 3889 Epist.
939 3828 963 3878 7.
1001 3829 1122 3887 Quiriti
1144 3829 1174 3877 de
1190 3829 1294 3877 molibus

156 3909 231 3972 poeta
243 3909 309 3972 apud
320 3908 452 3957 Plutarch.
463 3909 494 3957 de
505 3907 593 3958 vitioso
604 3908 706 3958 Pudore
739 3906 901 3970 facultatum
917 3912 1135 3968 conpreqatarum,
1146 3909 1222 3968 deque
1238 3923 1291 3957 con-

157 3987 217 4036 Vol.
243 3987 294 4037 111.
310 4002 367 4050 pag.
388 3987 442 4036 148.
468 3987 513 4036 οὐκ
539 3985 588 4036 ἴστ’
608 3987 636 4036 ἐν
657 3987 704 4036 ἄν·
745 3988 821 4048 uertit
838 3987 889 4034 iarn
900 3984 1061 4046 niprccoentie
1071 3983 1169 4045 arpenti
1180 3985 1292 4032 struibus

156 4083 228 4130 τροις
244 4066 345 4127 λευκὸς,
367 4065 459 4127 ὤὲέν’,
475 4066 590 4130 ἄργυρος.
609 4065 705 4114 Imitari
745 4066 930 4115 blandiebatur.

157 4143 247 4194 deinde
271 4145 316 4194 alii
340 4151 399 4194 sunt
423 4144 566 4195 Horatium.
608 4145 710 4195 Statius·
779 4144 936 4194 Proculeius.
954 4137 1290 4188 111(1.Βη11η1(οη.α(111υ111,

158 4223 424 4276 silv.11.3.70.1oen
436 4224 703 4287 aurifaciliocontem-
746 4224 847 4286 Lupum
864 4237 920 4285 pag.
941 4220 978 4268 19.
1007 4217 1083 4267 Haud
1101 4217 1224 4266 dissimilis
1241 4219 1291 4266 ani·

157 4308 198 4351 tor
215 4309 239 4352 et
256 4304 365 4366 optimus
382 4304 445 4352 idern
465 4302 576 4352 Condere
593 4303 704 4359 divitiae,
746 4302 780 4350 mi
802 4301 945 4365 exemplum
966 4304 1003 4346 est
1028 4298 1093 4361 apud
1115 4297 1244 4347 Plutarch.
1266 4298 1290 4344 in
