2916 5220
159 305 243 344 XVIII
708 319 746 328 *-

159 468 240 541 quod
260 466 350 526 MSS.
372 466 542 523 Horatiana
563 465 740 534 ostendunt,
759 461 813 521 aa
829 461 943 523 Catulle
959 461 1142 521 Domestica.
1185 461 1297 536 Neque

158 563 223 636 ipse
249 581 267 618 a
294 561 440 618 faciendis
467 561 651 618 carminibus
676 559 858 616 abstinuisse
888 559 1021 628 videtur,
1044 559 1192 630 siquidem
1214 559 1298 615 illius

159 658 198 714 sit
223 655 367 715 indiciam
394 655 524 715 Paridis
548 656 579 712 in
606 655 732 713 Anthol.
754 656 858 711 Burm.
881 654 917 710 T.
939 654 965 710 Ι.
988 673 1017 727 p.
1043 654 1109 710 103.
1132 654 1297 710 conflatum

159 772 198 809 ex
220 754 397 810 centonibus
417 753 604 827 virgilianis
628 751 767 826 Cuperus
788 752 819 807 in
841 751 969 807 Dissert.
992 751 1029 806 de
1044 750 1208 824 Elephant.
1223 770 1296 825 pag.

161 847 228 904 165.
256 849 329 905 dicit
355 867 386 905 se
412 849 524 905 vidisse
550 848 618 907 MS.
645 849 677 904 in
704 866 763 921 quo
790 855 877 903 erant
903 846 997 902 multa
1024 846 1157 902 carmina
1178 846 1296 902 inedita

158 961 225 1001 eum
246 943 388 1013 aliorum,
411 951 474 1000 tum
502 941 644 1000 Mabortt'
665 951 695 999 et
721 940 827 998 Flauii
853 940 973 998 Felicis.
1016 940 1157 1013 Denique
1185 941 1217 996 in
1246 960 1296 997 ve·

157 1038 216 1096 teri
236 1038 430 1113 inscriptione
452 1039 533 1111 apud
554 1038 711 1095 Valesium
731 1037 771 1093 ad
785 1037 936 1095 Ammian.
969 1036 1142 1092 Marcellini
1155 1035 1248 1093 XIV.
1264 1036 1293 1091 8.

157 1141 339 1189 memoratur
363 1131 479 1190 Vettius
502 1130 645 1210 Aperiat,
669 1130 902 1203 Praetextatus,
925 1129 1035 1207 legatas
1055 1130 1232 1207 amplissimi
1247 1149 1294 1188 ar-

157 1227 246 1299 dt'ais,
267 1235 295 1284 ct
316 1225 357 1285 ad
376 1224 598 1303 impetrandam
619 1227 704 1284 rebar
724 1225 829 1283 arduis
849 1243 961 1301 semper·
982 1227 1132 1301 appositas
1146 1225 1167 1281 ¹.

199 1320 260 1395 Qui
287 1321 471 1378 Mavortiam
492 1321 608 1377 adiuvit
629 1321 660 1376 in
680 1319 810 1376 Horatio
833 1320 1034 1390 emendando,
1057 1319 1114 1376 fuit
1137 1315 1292 1396 Magister

160 1415 263 1490 Felice,
284 1425 389 1474 orator·
411 1416 492 1473 urbia
513 1413 639 1473 Romae.
682 1414 839 1472 Bentleius
861 1434 892 1471 sc
914 1416 1052 1488 ignorare
1074 1414 1200 1483 fatetur,
1223 1413 1292 1485 quis
1326 1478 1333 1487 ,

157 1511 196 1567 sit
215 1511 267 1567 ille
289 1510 387 1567 Felix.
429 1510 471 1566 Et
491 1529 547 1584 ego
575 1510 688 1566 frustra
716 1510 862 1583 quaesivi.
904 1509 984 1566 Nam
1010 1510 1035 1565 si
1062 1517 1142 1565 esset
1167 1508 1293 1564 Flavius

157 1607 258 1676 Felix,
288 1606 340 1678 qui
367 1606 398 1661 in
425 1605 549 1678 antiqua
579 1605 780 1679 Inscriptione
807 1604 978 1680 appellatur
1013 1602 1096 1662 Cam.
1127 1622 1173 1661 ac.
1202 1602 1290 1680 May.

155 1709 235 1778 atrq.
257 1698 318 1757 mil.
337 1707 421 1776 patr.
443 1707 471 1757 et
496 1696 561 1758 Cos.
584 1699 665 1770 aral,
695 1708 725 1756 et
751 1719 778 1755 a.
802 1700 871 1755 511.
894 1717 961 1756 eum
983 1699 1154 1758 Secundino
1178 1696 1292 1756 Consul

157 1794 222 1865 fuit,
244 1794 428 1866 MavortiuS,
451 1802 538 1868 puto,
560 1803 621 1850 tam
643 1795 808 1851 addidisset
826 1797 881 1852 hos
902 1795 1019 1864 titulos,
1036 1813 1125 1868 quam
1140 1803 1293 1852 oratorem

156 1889 238 1947 arbit
265 1887 396 1959 Romae,
422 1898 453 1945 et
478 1907 548 1946 suos
570 1890 664 1964 ipsius
687 1891 812 1946 addidit.
856 1890 888 1949 Si
910 1890 998 1948 Felix
1019 1890 1094 1946 alios
1114 1898 1221 1965 postea
1243 1889 1293 1944 de-

157 2003 237 2041 mum
258 1985 423 2058 acceperit,
446 1984 551 2041 consul
573 1993 654 2041 certe
686 1986 746 2041 iam
778 1984 886 2041 fuerat.
930 1984 1008 2044 Sunt
1039 1986 1070 2041 in
1103 1984 1292 2057 Anthologia

157 2080 324 2137 Burmanni
354 2081 391 2136 Τ.
424 2080 450 2136 Ι.
478 2099 546 2155 pag.
577 2082 646 2137 481.
674 2083 890 2156 epigrammata
911 2081 1059 2153 quaedam
1083 2079 1192 2139 Fels‘cis
1213 2099 1242 2137 o.
1266 2098 1291 2136 c.

156 2175 206 2232 Ibi
226 2176 419 2233 Burmannus
441 2176 537 2232 nostri
557 2176 667 2232 Felicis
688 2177 831 2232 meminit.
871 2176 980 2249 Neque
1002 2186 1138 2250 tempora
1159 2177 1291 2232 obstarlt.

156 2273 236 2329 Nam
257 2271 420 2327 laudantur
441 2270 589 2327 Thermae
613 2289 631 2326 a
652 2271 881 2328 Thrasamundo
902 2271 1009 2328 factae.
1043 2271 1292 2327 Thrasamundus

156 2376 270 2437 antem,
292 2385 347 2422 rex
368 2365 576 2421 Vandalorum
596 2367 628 2422 in
654 2365 773 2437 Africa,
795 2367 896 2422 floruit
917 2368 955 2423 ab
982 2385 1008 2422 a.
1037 2366 1207 2422 tao-522.
1251 2365 1292 2421 Et

156 2464 187 2519 in
208 2461 315 2519 Africa
337 2460 499 2533 aliquando
521 2461 658 2517 habitare
681 2461 780 2534 potuit
801 2461 903 2530 Felix,
931 2462 983 2518 ubi
1005 2469 1076 2517 tunc
1097 2461 1183 2518 multi
1204 2471 1293 2518 erant

157 2564 280 2634 poetae,
303 2574 430 2629 quorum
451 2555 584 2611 carmina
604 2556 715 2629 partim
734 2556 767 2612 in
788 2556 980 2630 Anthologiis
1000 2557 1206 2631 reperiuntur,
1224 2577 1293 2632 par-

155 2655 210 2711 tim
230 2651 345 2708 inedita
367 2658 446 2706 sunt.
488 2649 597 2722 Neque
619 2650 807 2724 Karthagine
830 2651 967 2725 ignotum
989 2660 1055 2708 erat
1076 2669 1184 2707 nomen
1211 2649 1291 2709 Ora·

157 2747 246 2805 toris:
270 2763 339 2801 nam
359 2753 541 2800 memoratur
563 2742 717 2802 Favonius
738 2744 898 2823 Eulogius,
921 2755 1026 2804 arator
1039 2746 1136 2804 almae
1150 2744 1292 2804 Kartha-

154 2842 243 2919 pt‘m's.
280 2840 340 2899 Sed
360 2840 416 2896 iste
438 2840 527 2897 Felix
548 2840 658 2897 dicitur
679 2841 729 2898 air
749 2841 943 2913 clarissimas,
966 2843 1047 2916 quod
1070 2862 1130 2900 non
1153 2844 1229 2899 adeo
1246 2854 1292 2900 est

156 2936 298 3006 oratoris,
326 2935 379 2991 sed
404 2934 537 2993 causalis.
580 2937 690 2993 Fertur
716 2945 747 2993 et
773 2937 856 2993 aliud
884 2937 1079 3011 Epigramma
1106 2937 1157 2995 Fl.
1181 2938 1293 2996 Felicis

155 3053 182 3090 a.
205 3050 230 3090 c.
252 3033 283 3089 in
304 3032 430 3089 Anthol.
453 3033 556 3089 Burm.
584 3033 620 3089 T.
642 3034 685 3090 H.
708 3052 776 3108 pag.
800 3034 868 3090 680.
911 3033 1001 3107 Quod
1023 3043 1124 3091 autem
1145 3037 1292 3092 Burman·

156 3146 213 3184 nus
242 3128 327 3198 dicit,
354 3128 535 3202 Magistrum
569 3129 701 3186 Felicem
728 3130 819 3186 etiam
847 3132 1022 3187 emendasse
1047 3129 1189 3188 Codicem
1210 3132 1292 3188 Mar·

156 3223 231 3280 tiani
253 3221 414 3298 Capellae,
442 3224 498 3280 hoc
528 3243 583 3298 ego
611 3245 671 3281 non
704 3226 921 3281 affirmaverim.
964 3226 1044 3282 Nam
1075 3229 1181 3297 verba,
1212 3245 1290 3300 quae

156 3317 332 3377 Sirmondus
358 3319 397 3375 ad
422 3319 595 3376 anodium
622 3321 648 3376 I.
670 3320 770 3395 Epist.
796 3321 844 3377 19.
866 3321 897 3377 in
918 3321 971 3378 illo
994 3320 1105 3379 Codice
1127 3323 1214 3397 legit,
1239 3320 1291 3381 Se·

155 3431 244 3471 caras
264 3411 389 3471 Memor
410 3412 515 3484 Fata,
545 3413 578 3470 V.
600 3433 642 3490 sp.
669 3413 753 3473 Com.
786 3413 912 3472 Consist.
941 3414 1059 3474 Rbetar
1088 3415 1141 3488 R.‚
1171 3436 1207 3473 ea
1239 3418 1293 3474 alii

155 3509 267 3566 rectius
295 3509 516 3566 constituerunt
543 3507 670 3567 Sacaras
698 3510 814 3568 Melias·
834 3509 926 3568 Fata
946 3511 1059 3589 Asper,
1083 3514 1119 3570 de
1141 3532 1200 3587 quo
1222 3515 1292 3571 vide

157 3605 254 3678 ipsum
275 3602 483 3661 Burmanuum
504 3605 543 3660 ad
564 3605 683 3662 Valesii
706 3604 848 3663 Critieam
869 3626 938 3682 pag.
964 3608 1031 3664 181.

198 3698 284 3755 Haec
306 3700 343 3755 de
365 3700 518 3756 Mavortio
541 3709 571 3756 et
592 3701 704 3757 Felice.
745 3701 891 3758 Mavortii
917 3703 1038 3776 quidem
1059 3712 1145 3778 gesta
1166 3723 1292 3761 munera

156 3795 229 3867 quid
250 3794 434 3869 significent,
457 3815 518 3852 non
540 3796 700 3854 obscurum
722 3805 776 3853 est.
811 3799 899 3854 Felix
921 3807 986 3855 erat
1008 3807 1113 3856 arator
1131 3800 1213 3857 urbis
1228 3798 1293 3857 Ra-

155 3908 236 3958 mae3
259 3898 361 3946 orator
381 3890 530 3964 significat
550 3891 630 3947 idem
652 3892 732 3965 quod
753 3891 822 3948 olim
844 3893 955 3950 aleator.
974 3913 1001 3950 v.
1017 3894 1138 3950 Ruhnk.
1155 3894 1290 3951 Praefat.

155 3985 263 4042 Rutilii
283 3984 364 4059 Lupi
384 4004 453 4061 pag.
475 3986 598 4043 XXVI.
633 3984 696 4044 Cur
717 3995 817 4044 autem
832 3988 920 4044 FeIIx
936 3988 1107 4063 appelletur
1124 3987 1290 4065 Magister,

155 4099 215 4136 non
237 4081 339 4138 statim
360 4090 497 4156 apparet.
539 4083 619 4140 Nam
647 4083 678 4138 in
700 4101 792 4157 regno
815 4083 983 4157 Byzantino
1005 4084 1100 4139 multa
1121 4092 1208 4140 erant
1229 4103 1291 4140 mu-

189 4278 197 4310 ¹
214 4278 304 4405 Ngescio
320 4293 352 4326 an
369 4280 469 4328 Vettius
486 4283 596 4343 Agerius
613 4283 802 4339 Praetextata,
821 4286 851 4332 de
868 4300 918 4347 quo
934 4287 1021 4334 Bnrm.
1038 4287 1064 4333 in
1082 4287 1187 4336 Anthol.
1206 4287 1236 4336 T.
1255 4289 1289 4335 II.

155 4374 178 4421 p.
200 4358 226 4405 14
247 4397 252 4406 .
269 4357 300 4404 sit
316 4357 389 4406 idem.
