2916 5220
591 304 881 368 EPODON

344 496 414 559 Aut
437 515 548 579 pressa
570 494 660 578 puris
687 493 787 558 mella
811 492 923 557 condit
946 493 1133 578 amphoris,

387 596 457 660 Aut
481 594 596 660 tondet
618 594 765 658 infirmas
789 616 874 659 oves.

344 699 426 780 Vel,
451 719 552 783 quum
575 698 728 762 decorum
750 696 887 762 mitibus
910 697 1017 780 pomis
1042 704 1142 780 eaput

389 801 598 865 Auctumnus
622 798 709 884 agris
738 799 874 881 extulit,

346 903 393 969 Ut
416 903 540 988 gaudet
563 901 699 966 insitiva
722 901 897 986 decerpens
921 924 1019 986 pyra,

389 1006 579 1071 Certantem
602 1010 636 1069 et
659 1025 758 1068 uvam
781 1026 961 1090 purpurae,

343 1108 423 1188 Quis
448 1113 635 1172 muneretur
659 1111 708 1188 te,
733 1106 851 1192 Priape
874 1112 908 1172 et
932 1118 980 1190 te,
1002 1113 1097 1191 pater

388 1211 542 1292 Silvane,
567 1216 657 1274 tutor
678 1210 816 1274 finiumi

342 1313 439 1378 Libet
463 1313 564 1378 iaoere
588 1313 685 1377 modo
709 1314 770 1378 sub
794 1313 931 1400 antiqua
954 1314 1043 1395 ilice,

388 1416 486 1481 Modo
510 1415 545 1480 in
569 1414 675 1480 tenaci
698 1415 863 1500 gramine:

342 1520 513 1584 Labuntur
535 1519 612 1584 altis
636 1518 769 1583 interim
792 1519 871 1585 rivis
895 1543 1016 1606 aquae,

387 1623 574 1702 Queruntur
596 1623 632 1686 in
656 1622 749 1688 silvis
774 1645 869 1706 aves,

343 1725 529 1810 Fontesque
552 1725 697 1811 lymphis
722 1725 917 1812 obstrepunt
940 1727 1171 1809 manantibus,

385 1829 523 1893 Somnos
547 1829 635 1914 quod
657 1827 777 1894 invitet
800 1829 896 1895 leves.

162 1998 236 2048 MSS.
255 2006 279 2047 et
296 1998 366 2045 libris
383 1997 514 2059 impressis.
536 1997 665 2045 Fabricius
681 2002 705 2045 et
746 1995 847 2043 Admisi
855 1995 942 2057 quinto
950 1997 1012 2058 pede
1020 1996 1162 2060 dactylum,
1173 2005 1203 2045 ut
1213 2013 1245 2044 vs.
1254 1997 1289 2047 67.

160 2077 301 2140 Stephanus
318 2091 367 2124 non
394 2083 459 2124 reete
483 2082 621 2123 mutarunt.
639 2075 706 2123 Vide
745 2070 832 2133 primo.
860 2075 933 2122 Hoea
957 2076 1000 2123 uhi
1029 2078 1127 2125 locutura
1147 2076 1291 2140 foenerator

161 2156 310 2204 Bentleium.
747 2151 864 2212 Alpheae.
902 2153 936 2200 Et
966 2153 1028 2202 VII.
1058 2155 1140 2218 Epod.
1170 2156 1192 2204 l.
1216 2156 1291 2203 tertio.

193 2237 354 2284 Arrotuoorus
371 2235 439 2296 apra
456 2232 557 2280 extulit.
591 2230 706 2278 Plurima
750 2229 817 2287 Quo,
835 2246 883 2293 quo
898 2232 994 2280 scelesti
1009 2234 1093 2280 ruitis.
1117 2233 1152 2281 In
1169 2231 1231 2282 Cod.
1248 2232 1290 2282 Sil-

160 2313 237 2363 MSS.
255 2315 331 2377 noris.
349 2312 378 2360 In
396 2310 504 2360 Franek.
526 2311 705 2372 eatulitopn'a.
746 2308 794 2364 vii,
806 2307 1291 2373 testeCruquio,legiturabriar'a:quod

159 2393 221 2441 Alia
238 2395 313 2440 orris.
348 2388 431 2440 Simili
448 2389 530 2451 figura
551 2387 613 2435 dixit
631 2386 705 2436 Sene·
746 2386 883 2435 sinedubio
896 2388 957 2436 olim
971 2387 1018 2436 fuit
1031 2391 1063 2437 ab
1077 2391 1193 2452 rupibus.
1218 2391 1290 2438 Nam:

159 2485 189 2518 ea
206 2471 299 2533 Agam.
317 2471 373 2518 484.
403 2470 472 2528 Quid
483 2469 589 2530 rapidus
600 2482 646 2515 oro
659 2465 705 2514 Co·
746 2482 825 2529 aquae
844 2467 967 2516 labuntur
983 2468 1015 2516 ab
1034 2470 1098 2518 rima
1114 2471 1158 2518 vel
1175 2473 1241 2534 ripia
1256 2471 1291 2518 hic

159 2565 204 2597 rus
225 2553 322 2600 Oceano
339 2563 460 2598 exserens.
746 2559 796 2593 non
812 2552 850 2594 est
866 2545 993 2595 Latinum.
1020 2548 1160 2596 Labuntur
1177 2551 1291 2612 rupibus,

192 2629 265 2676 Litet
282 2629 363 2676 iooere
380 2627 449 2673 modo
465 2627 511 2673 areb
523 2627 629 2687 antiquo
641 2625 704 2672 ilice.
746 2631 775 2671 nt
790 2624 883 2687 Virgil.
896 2624 932 2672 11.
947 2624 1038 2688 Georg.
1052 2626 1107 2676 187.
1127 2629 1179 2675 huo
1193 2628 1291 2674 samoris

159 2704 211 2752 Pro
223 2707 292 2753 »rodo
302 2702 409 2752 Franek.
420 2718 493 2751 raone.
510 2702 618 2750 Videtur
626 2715 706 2749 ernen-
747 2704 881 2765 liquuntur
892 2705 998 2764 rupibus
1009 2720 1103 2753 amaea.
1111 2705 1205 2753 Horat.
1217 2705 1288 2753 XVI.

159 2784 226 2831 datio
244 2781 406 2832 Grammatici
428 2787 506 2829 metro
527 2781 642 2829 timentis.
669 2781 706 2830 Si·
745 2782 825 2844 Epod.
844 2783 883 2833 47.
909 2784 1035 2831 namatus
1051 2785 1116 2832 atta
1142 2785 1219 2833 Levia
1245 2801 1290 2832 cre

159 2862 230 2909 miles
247 2860 429 2910 emendationes
444 2859 471 2906 in
488 2860 534 2907 hoo
549 2866 573 2906 et
585 2859 638 2906 aliis
650 2873 704 2906 car·
744 2867 824 2922 ponte
840 2863 944 2924 lympha
960 2862 1046 2908 desilit
1059 2863 1130 2923 pede.
1144 2861 1197 2910 Vir
1208 2863 1290 2910 doetus

58 2966 61 2971 ·
159 2939 267 2988 minibus
293 2937 464 3000 reperiuntur,
487 2943 516 2984 ut
537 2950 573 2984 vs.
589 2937 630 2983 39.
648 2952 704 2985 oon·
746 2939 771 2987 in
789 2939 869 2990 class.
887 2939 977 2989 Diario
994 2939 1091 2988 Britan.
1110 2942 1227 2990 coniicit:
1244 2945 1290 2990 Lo·

158 3021 212 3077 itm
225 3033 271 3081 pro
286 3018 386 3076 audien·
407 3030 443 3065 vs.
461 3016 638 3078 65.attoaq1oe,
660 3030 706 3078 pro
746 3021 842 3067 buntur
866 3021 932 3067 ortis
956 3021 1068 3080 inieoroe
1084 3020 1113 3066 ia
1129 3022 1195 3068 rioth
1209 3037 1290 3083 omme.

156 3099 262 3157 posttea
276 3110 313 3144 rs.
326 3095 366 3146 67.
384 3097 426 3144 arbi
440 3096 512 3154 hoec,
525 3108 570 3156 pro
587 3096 705 3143 hoeorrbi.
780 3099 920 3160 Fonteaque
941 3099 1050 3160 lymphis
1069 3099 1222 3161 obstupeant
1242 3115 1289 3146 nro·

192 3178 326 3225 Labuntur
343 3175 405 3223 altis
423 3174 524 3221 interior
541 3174 605 3220 riuis
618 3187 705 3233 oquae.
745 3177 873 3224 nantibus.
906 3175 975 3224 Vere
998 3177 1107 3224 eorrexit
1126 3177 1291 3225 Marklandua

159 3253 236 3303 MSS.
253 3252 305 3301 alia
321 3253 395 3305 riuis,
417 3249 466 3298 alia
486 3252 559 3311 ripa.
592 3249 706 3297 Bentleio
739 3253 896 3316 frondesque
912 3254 937 3301 in
954 3254 1084 3316 Euripidis
1095 3254 1187 3318 Suppl
1204 3258 1290 3319 past

157 3332 238 3395 planet
256 3333 334 3394 ripis,
358 3330 417 3393 quia
441 3337 578 3376 auctumno
593 3342 643 3376 non
661 3328 705 3375 alti
746 3339 770 3380 et
788 3333 814 3379 in
831 3333 991 3382 annotatione
1007 3333 1170 3397 adPropert.
1179 3335 1229 3384 IV.
1238 3338 1259 3384 4.
1270 3337 1291 3384 4.

158 3417 217 3457 sunt
241 3412 292 3457 riri
317 3409 359 3456 sed
385 3409 450 3456 altae
465 3412 549 3471 ripae,
574 3423 632 3456 cum
653 3422 704 3456 are
749 3411 990 3473 ilsultoqueuotioia
1000 3414 1291 3477 odatrepitorboroquis.

158 3495 229 3535 suunt
247 3487 355 3535 flumina.
383 3488 432 3537 Sed
450 3488 511 3537 haee
524 3489 607 3551 imago
623 3488 705 3534 minus
748 3489 800 3538 Ubi
817 3490 957 3538 Burmann.
975 3491 1163 3540 annotationem
1181 3493 1292 3541 Britanni

159 3566 267 3615 iucunda
283 3573 319 3613 est
336 3574 446 3629 ternpore
457 3567 592 3615 auctumni.
617 3567 705 3614 Iacens
747 3568 805 3616 MS.
830 3568 944 3630 protulit.
973 3569 1068 3616 Notum
1093 3577 1132 3618 est
1157 3570 1291 3620 Theocriti:

158 3647 223 3695 eninr
241 3644 287 3692 sub
303 3644 359 3692 ilice
376 3644 416 3691 rel
433 3645 458 3691 in
480 3646 603 3707 grannne,
627 3643 704 3691 talem
748 3645 857 3704 ἀπίηις
873 3644 901 3693 Ἀ
916 3646 977 3694 ποτὶ
990 3649 1047 3704 ταῖς
1060 3649 1292 3713 παγαῑσιμελίσὸε·

158 3725 252 3779 rivum,
285 3722 392 3771 arefasto
417 3723 519 3771 tlumine
551 3729 704 3778 currentem,
747 3743 796 3773 ται.
824 3726 924 3773 Nemes.
950 3725 1039 3786 Falog.
1062 3726 1084 3773 1.
1105 3727 1148 3775 31.
1175 3730 1244 3777 nodia
1266 3743 1293 3776 ae

158 3818 237 3866 ιιιιιιιι1
254 3803 313 3849 satis
330 3802 457 3864 prospicit,
475 3816 554 3864 neque
575 3808 704 3849 sonantem
745 3809 818 3852 mtto
833 3806 941 3866 portato
954 3804 1033 3864 piatus
1051 3803 1200 3862 obstrepat.

158 3883 235 3931 audit.
261 3883 295 3931 Et
312 3895 371 3929 mox
389 3881 506 3944 lymphae
522 3882 639 3929 dicuntur
650 3898 703 3929 mo·
781 3882 884 3929 Somma
898 3882 1064 3944 quodiaritet
1076 3882 1149 3931 lem.
1168 3883 1291 3933 Statiusl.

159 3969 263 4013 sontes.
292 3970 317 4008 et
341 3967 454 4023 strepere
469 3961 647 4024 intelliguntur
672 3975 704 4008 ex
747 3960 809 4010 Silr.
827 3961 851 4007 3.
868 3960 910 4007 ⁴2
927 3966 1024 4008 terinos
1037 3961 1293 4012 inarantmmam

158 4041 232 4088 serbo
248 4040 377 4100 adstrepit.
412 4037 477 4086 Mihi
498 4039 631 4102 legendum
652 4053 705 4086 esse
723 4042 727 4103 ξ
745 4053 855 4087 somnos:
880 4037 937 4085 ride
961 4038 1057 4086 Markl.
1091 4038 1134 4088 sic
1163 4041 1292 4091 Petronius

158 4120 267 4167 ridetur:
285 4119 421 4166 dotantur
437 4120 499 4164 ultis
517 4119 617 4166 interior
636 4120 704 4180 rupi·
724 4110 727 4145 ¹
745 4132 798 4181 cap.
816 4119 856 4166 m
873 4115 951 4164 dixit:
971 4117 1105 4178 coepimus
1115 4120 1231 4169 inritare
1242 4137 1292 4170 coa·

157 4201 203 4246 aas
219 4212 307 4260 oquae.
340 4196 395 4244 lloc
413 4195 439 4242 in
455 4194 533 4244 MSS.
550 4194 660 4258 primum
677 4195 704 4243 in
746 4199 858 4245 firmam
874 4209 1003 4244 marones.
1024 4195 1075 4244 ubi
1094 4196 1237 4248 Scheffems
1248 4200 1291 4247 loci

157 4278 234 4339 ripis,
251 4275 339 4322 deinde
356 4275 382 4321 in
394 4276 456 4321 risis
467 4275 702 4336 eorruptnmrrtalo.
744 4275 876 4323 Horatiani
892 4273 1046 4322 meminerat.
