2916 5220
641 305 956 370 ChlillINUhl

408 493 475 557 Noc
501 491 675 556 Laconicas
699 491 780 555 mihi

453 596 598 661 Trahunt
621 595 776 660 honestae
799 616 959 680 purpuras
984 595 1140 660 clientae:

412 701 458 764 At
480 700 561 764 fides
586 704 619 764 et
643 699 754 784 ingeni

458 803 607 888 Benigne
630 825 712 868 vena
734 808 803 885 est,
827 824 1066 888 pauperemque
1086 801 1177 866 dives

414 908 467 972 Me
489 906 588 991 petit:
613 906 697 970 nihil
721 927 820 990 supra

458 1009 543 1074 Deos
569 1009 710 1090 lacess0,
735 1030 794 1072 nec
817 1014 985 1094 potentem
1009 1006 1152 1072 amicum

412 1111 568 1198 Largiara
590 1111 720 1196 flagita,

458 1214 544 1280 Satis
568 1215 683 1279 beatus
707 1214 812 1279 unicis
839 1214 980 1279 Sabinis.

412 1317 566 1382 Truditur
592 1317 660 1381 dies
685 1317 753 1399 die,

458 1421 633 1506 Novaeque
655 1426 799 1506 pergunt
823 1420 955 1485 interire
980 1420 1106 1485 Lunae:

413 1525 460 1590 Tu
484 1525 623 1590 secanda
646 1545 808 1589 marmora

458 1628 559 1693 Locus
583 1628 644 1693 sub
668 1626 777 1713 ipsum
800 1626 900 1691 funus
931 1632 978 1708 et,
1004 1625 1143 1711 sepulcri

415 1730 609 1813 Immemor,
634 1729 734 1795 struis
760 1730 893 1811 domos,

462 1833 628 1917 Marisquc
654 1832 743 1897 Baiis
767 1832 985 1916 obstrepentis
1010 1853 1128 1915 urgues

236 2017 347 2069 Graecus
369 2020 442 2081 poeta
462 2018 529 2080 apud
546 2017 677 2066 Plutarch.
695 2016 785 2066 Morel.
828 2022 879 2076 tre,
901 2029 929 2063 ee
951 2014 1029 2079 vulgo
1049 2016 1084 2064 iit.
1124 2016 1268 2079 Fragment.
1291 2018 1377 2080 Nepo-

237 2097 268 2146 T.
278 2097 314 2147 11.
327 2112 351 2160 p.
364 2097 433 2146 ron.
451 2097 544 2144 dixisse
560 2096 658 2144 videtur
674 2095 786 2160 ἁγνοού-
828 2095 859 2143 tis
875 2111 899 2158 p.
916 2096 974 2146 724.
1012 2097 1064 2154 Qui
1085 2097 1172 2150 habet,
1189 2097 1258 2143 ultra
1274 2098 1376 2158 appati-

236 2194 313 2239 μενος
339 2175 502 2240 κληρονόμος.
546 2176 653 2236 Raptam
669 2179 787 2237 occupat,
829 2180 884 2223 tur:
902 2177 945 2237 qui
960 2180 997 2222 est
1012 2188 1121 2236 pauper,
1140 2180 1302 2234 aspernatur.

237 2255 311 2316 quia,
332 2255 375 2318 qui
392 2255 477 2303 haeres
495 2268 526 2302 ex
543 2267 598 2301 asse
614 2252 721 2315 scriptus
738 2257 787 2309 est,
861 2255 994 2302 Potentem
1009 2254 1124 2301 anticum.
1150 2249 1200 2311 Qui
1216 2251 1299 2313 gratia
1312 2251 1380 2314 apud

237 2334 339 2381 domum
356 2346 453 2395 quoque
469 2338 581 2393 occupet.
828 2332 975 2395 Augustum
987 2331 1094 2380 valebat.
1119 2329 1187 2378 Vide
1196 2329 1379 2380 Ruhnkenium

273 2414 325 2461 Nae
352 2413 489 2461 Laamrtaae
514 2412 578 2458 neiat
605 2410 727 2457 Trahunt
745 2411 786 2458 aa·
828 2411 860 2459 ud
885 2411 965 2460 Rutii.
992 2412 1058 2473 Lup.
1076 2410 1112 2459 II.
1129 2425 1186 2472 pag.
1203 2410 1245 2460 73.
1268 2414 1295 2457 et
1314 2409 1379 2458 Bur-

237 2496 323 2540 neetae
336 2490 592 2554 purpuruealientaa.
618 2486 787 2537 Loeusetiam
828 2504 911 2538 mann.
930 2490 961 2538 ed
978 2488 1098 2552 Quinctil.
1116 2489 1150 2537 V.
1167 2487 1250 2537 Instit.
1270 2490 1308 2537 12.

238 2570 302 2617 hanc
327 2567 555 2630 interpretationem
578 2565 699 2623 admittit,
723 2580 787 2628 quae
861 2569 995 2632 Mrarisque
1012 2569 1089 2616 Baiis
1106 2570 1270 2630 obstreperet&
1287 2583 1381 2630 urpues

237 2654 333 2704 tumen,
350 2646 376 2693 ni
392 2645 476 2705 fallor,
493 2645 560 2693 haud
577 2651 696 2693 novant.
725 2646 787 2692 Pul·
830 2647 987 2696 Surnnravere
1007 2649 1092 2696 litora.
1126 2646 1176 2707 Qui
1196 2659 1287 2708 perum
1308 2646 1380 2694 loeu-

237 2728 313 2775 airrae
329 2728 434 2774 attentae
456 2740 505 2774 itan
526 2726 599 2782 milri,
621 2727 668 2774 ruet
689 2726 788 2775 lrarwrr'e
828 2724 880 2787 ples
898 2732 936 2774 est
952 2726 1094 2775 continente
1109 2727 1176 2788 ripe,
1192 2723 1319 2772 cuilitoru
1329 2738 1381 2771 non

238 2819 329 2853 ramea
345 2810 370 2854 et
387 2810 417 2852 ut
433 2805 495 2852 anilii
508 2805 640 2866 placeant,
661 2806 688 2851 in
709 2805 788 2866 Ianpie
830 2803 956 2852 sufiiciunt
972 2804 1004 2852 ud
1020 2805 1105 2852 domos
1116 2818 1194 2852 novas
1205 2803 1382 2861 aedificandas,

236 2886 375 2946 purpureis
391 2886 498 2932 cambus
514 2885 633 2932 incedunt
653 2888 678 2932 et
700 2884 735 2930 ud
751 2899 789 2932 nie
830 2882 891 2930 adeo
907 2889 935 2930 ut
952 2882 1047 2945 inipso
1063 2883 1126 2931 meri
1143 2888 1234 2940 struat,
1256 2883 1381 2944 quomodo

237 2964 349 3010 veniunt.
376 2962 492 3010 Haroesta
508 2975 580 3022 saepe
597 2968 634 3009 est
645 2960 710 3009 idem
722 2961 788 3023 quod
828 2960 940 3009 isiitara
955 2961 1111 3011 euaanavet?
1136 2962 1214 3010 In'tua
1230 2968 1255 3010 et
1272 2963 1382 3010 ararein

231 3040 360 3103 saraiam:
371 3040 722 3090 viriRuhukadTerentium
730 3054 787 3102 pag.
829 3040 876 3089 huc
893 3055 920 3089 rc
936 3041 1046 3103 opposita
1060 3046 1126 3089 sunt.
1160 3041 1228 3089 Meri
1243 3047 1383 3096 aunearata,

240 3120 278 3168 19.
313 3121 395 3178 Mine,
412 3126 441 3169 ut
458 3119 554 3168 Tibull.
571 3118 619 3168 1v.
644 3120 665 3168 l.
701 3120 786 3182 Sulpi·
828 3121 917 3168 erescit
934 3118 1000 3168 litus.
1034 3119 1120 3169 Litore
1136 3125 1270 3179 eurrraeata,
1290 3122 1383 3170 arescit

239 3200 278 3247 tta
302 3204 341 3248 eat
366 3200 413 3248 tibi
436 3200 513 3248 culta.
556 3196 668 3260 Propert.
698 3196 719 3246 I.
750 3199 787 3247 15.
830 3210 905 3246 mare.
938 3196 1031 3246 Altero
1048 3204 1133 3254 aucte,
1155 3198 1262 3248 alterum
1283 3203 1383 3246 eontra·

240 3278 294 3328 Nee
311 3280 395 3327 rnirrua
412 3279 475 3326 Eois
491 3282 578 3338 peatue
594 3279 698 3326 audura
714 3278 787 3340 lapit·
830 3273 905 3322 hitur.
922 3275 1150 3340 Lugendumputo:
1160 3277 1383 3340 numquamne

239 3359 285 3414 tir,
312 3359 350 3406 Ut
363 3357 479 3421 sarrrrasa
500 3371 561 3405 naua
577 3371 640 3418 puae
656 3361 735 3419 parat
750 3357 789 3404 ire
831 3356 997 3416 obstrepentia
1018 3370 1110 3418 urpuea
1127 3358 1277 3405 Praamaere
1293 3357 1381 3405 litora.

239 3436 300 3483 aaa
328 3437 449 3483 Trahunt
463 3450 604 3497 purpurae,
621 3435 656 3483 ite
672 3435 724 3497 ipse
736 3434 787 3483 Ηο-
830 3430 908 3492 Quasi
925 3440 991 3482 terra
1006 3434 1029 3482 ei
1045 3433 1156 3490 deficiat,
1177 3435 1205 3482 in
1223 3450 1276 3498 qne
1298 3434 1382 3483 aedifi·

239 3513 317 3561 ratius
335 3513 392 3562 Art.
402 3513 471 3562 Poet.
480 3512 537 3561 21⁶.
562 3515 790 3576 traaapueaapeu
829 3525 886 3560 eure
902 3511 992 3574 possit,
1008 3512 1083 3561 litora
1097 3523 1240 3576 promovet,
1256 3514 1382 3572 extendit,

238 3606 284 3652 per·
314 3593 419 3653 pulpita
442 3597 540 3640 uestem.
583 3591 732 3640 Ambrosius
756 3593 787 3641 T.
829 3604 899 3639 mere
915 3598 1061 3640 summovet.
1094 3591 1161 3641 Vide
1172 3598 1325 3654 quantopere
1335 3591 1384 3641 ista

241 3669 276 3717 11.
299 3684 356 3732 pag.
383 3669 434 3718 153.
470 3671 524 3718 Par
549 3671 653 3718 turnum
674 3672 788 3720 trahitur
829 3671 968 3719 emendatio
989 3670 1026 3719 his
1048 3670 1180 3733 exemplis,
1200 3670 1233 3719 ud
1254 3672 1336 3734 ipsein
1352 3671 1382 3718 il·

239 3751 315 3796 ruatis
333 3754 436 3796 arrrarta.
471 3747 557 3797 Valer.
581 3747 651 3796 Max.
675 3749 739 3798 VII.
761 3751 786 3801 8.
829 3750 881 3798 lem
895 3750 1175 3800 aedificandiiusanium
1188 3751 1385 3814 pertinentibus,

242 3829 394 3890 Tapnarqua
412 3829 480 3875 uelut
499 3827 623 3889 trapiacus
640 3835 744 3889 uertant,
760 3830 788 3877 in
829 3829 995 3878 confirmetur.
1036 3830 1127 3880 Strehr
1147 3830 1182 3879 V.
1203 3845 1227 3893 p.
1256 3831 1311 3878 169.
1345 3833 1384 3895 Τῇ

232 3905 295 3967 fara
313 3907 424 3954 traherer.
458 3906 583 3955 Anaxilaus
604 3907 670 3970 apud
692 3907 787 3956 Athen.
829 3909 913 3971 χάλικι
934 3908 1118 3971 καταμίξαντες
1138 3909 1187 3967 τὴν
1209 3908 1383 3972 apportantur,

240 3985 303 4033 xil.
321 3985 360 4036 70.
395 3985 512 4041 Ξανθοῖς
538 4002 564 4034 τε
589 3985 676 4050 μύροις
701 3991 788 4050 χρῶτα
830 3986 1011 4051 προβάλλουσι
1035 3987 1141 4051 χώματα
1162 3985 1198 4044 εἰς
1214 3986 1264 4044 τὴν
1279 3985 1384 4034 θάλατ-

241 4063 384 4121 λιπσλνων,
404 4063 534 4121 Χλανίδας
549 4063 574 4112 θ’
592 4062 683 4127 ἕλκων,
700 4064 785 4127 βλαύ·
830 4083 889 4114 ταν.
924 4065 1013 4115 Menil.
1040 4065 1088 4115 IV.
1113 4066 1171 4115 266.
1207 4066 1386 4128 Litoribroeque

240 4160 287 4199 τας
304 4141 395 4206 σύρων.
420 4142 690 4206 Notasunteyrmuta.
716 4143 788 4194 Cani.
829 4145 897 4194 nanis
911 4145 1060 4207 priunum
1071 4145 1271 4207 iliuderapanta.
1288 4143 1386 4194 &neca

238 4226 263 4267 et
281 4219 392 4269 Gronov.
408 4220 440 4269 uti
457 4220 544 4271 Sence.
562 4221 592 4270 de
609 4220 652 4269 Ira
668 4222 704 4271 ΙΙ.
722 4223 762 4271 35.
830 4223 860 4271 de
885 4224 978 4286 Tranq.
1006 4223 1059 4273 Aa.
1084 4237 1138 4286 cap.
1164 4223 1189 4271 3.
1228 4225 1385 4285 Incipiemus

273 4300 465 4361 Pauperernque
481 4301 549 4349 dieas
566 4301 612 4348 Ma
621 4302 694 4361 petit.
720 4300 785 4350 Con·
830 4302 947 4365 aedificia
964 4302 1017 4351 ulia
1039 4317 1142 4364 pariere,
1169 4303 1222 4350 alia
1244 4304 1387 4351 matertere
