2916 5220
579 330 753 392 LIBER
799 331 862 391 Ill.

338 521 429 584 Dura
450 526 527 604 post
548 518 661 603 paullo
683 517 790 603 fugies
815 517 958 583 inaudax

425 621 554 686 Proelia
576 626 702 706 raptor,

337 725 446 804 Quum
469 746 527 809 per
549 723 717 789 obstantes
741 723 898 788 iuvenum
921 728 1066 789 catervas

336 827 404 892 Ibit
427 826 592 912 insignem
615 831 764 911 repetens
788 826 993 909 Nearchum,

339 929 471 996 Grande
494 934 678 1011 certamen,
703 928 766 994 tibi
789 929 911 1014 praeda
933 929 1028 994 cedat

425 1033 531 1099 Maior
559 1055 602 1098 an
626 1032 685 1097 illi.

337 1136 490 1220 Interim,
516 1137 596 1201 dum
619 1141 657 1200 tu
680 1135 798 1200 celeres
823 1135 963 1220 sagittas

340 1239 484 1322 Promis,
509 1240 588 1304 haec
612 1240 726 1304 dentes
750 1238 839 1304 acuit
861 1239 1042 1320 timendos,

335 1342 469 1408 Arbiter
491 1365 622 1428 pugnae
644 1341 794 1427 posuisse
817 1342 906 1406 nudo

424 1445 491 1511 Sub
514 1445 595 1530 pede
618 1445 764 1531 palmam

156 1643 260 1693 mollem
284 1646 383 1707 signum
408 1647 616 1708 interrogationis.
658 1645 705 1693 Pe·
746 1643 911 1692 Ruhnksnius
928 1645 959 1692 ed
975 1643 1066 1693 Vellei.
1084 1644 1182 1693 Patere.
1199 1644 1236 1692 11.
1253 1645 1293 1693 86.

156 1723 264 1772 ticulum
281 1725 364 1772 statim
381 1739 431 1773 non
442 1725 554 1786 videbat,
566 1725 608 1772 sed
620 1723 706 1786 paullo
747 1723 851 1772 Praeda
867 1738 940 1786 porro
956 1731 994 1774 est
1010 1724 1153 1781 Nearchus,
1175 1725 1217 1786 qui
1239 1723 1292 1772 fue·

157 1809 213 1864 post
229 1803 332 1854 videret.
746 1807 785 1849 rat
810 1809 943 1852 certamen.
984 1803 1056 1865 Virg.
1082 1802 1146 1851 VII.
1172 1802 1227 1851 Ecl.
1256 1804 1293 1851 16.

192 1885 320 1932 Inaudas.
355 1883 429 1932 Nova
449 1897 505 1931 vox.
541 1883 569 1933 Si
586 1883 706 1932 Horatius
749 1883 787 1928 Et
802 1887 928 1931 certamen
945 1888 1001 1932 erat
1015 1883 1198 1944 Corydonem
1212 1883 1294 1943 Thyr-

158 1963 244 2023 finxit,
260 1962 337 2010 miror
353 1962 476 2010 neminem
493 1961 642 2023 scriptorum
658 1961 706 2009 La·
746 1962 801 2009 side
816 1977 942 2024 aramum.
977 1961 1041 2012 Stat.
1062 1961 1113 2011 VI.
1134 1962 1214 2010 Theb.
1236 1962 1294 2010 436.

159 2041 283 2100 tinorum,
304 2055 365 2104 quos
386 2041 487 2103 quidem
507 2041 633 2099 novimus,
656 2054 707 2088 csse
748 2041 909 2090 Postremum
930 2043 1064 2091 discrimen
1084 2047 1159 2090 munt
1178 2041 1296 2090 Chromis

159 2119 294 2168 imitatum.
320 2119 369 2168 Sed
386 2119 509 2182 quomodo
525 2119 545 2166 is
562 2117 707 2181 fngitproe·
747 2133 822 2179 asper
846 2125 871 2168 et
895 2135 971 2182 asper
994 2121 1181 2181 Hippodamus.
1223 2119 1295 2167 Idem

160 2278 255 2326 tamine
272 2277 375 2339 sagittas
390 2279 517 2339 promere?
748 2278 852 2334 ctoriae,
868 2278 914 2325 sub
930 2278 991 2340 pede
1008 2278 1095 2339 posita,
1111 2277 1138 2324 in
1154 2278 1236 2325 medio
1250 2292 1294 2339 po·

198 2359 284 2416 Quum
307 2372 353 2420 per
370 2359 504 2405 obstantes.
538 2353 615 2403 MSS.
632 2352 707 2402 Voss.
747 2359 805 2404 sita.
839 2356 940 2405 Terent.
956 2357 983 2404 in
1000 2355 1103 2403 Phorm.
1120 2355 1235 2417 prolege,
1256 2357 1293 2407 17.

160 2451 233 2500 puae.
266 2436 297 2483 In
314 2435 427 2496 margine
443 2432 589 2495 corrigitur:
607 2447 670 2482 curn.
750 2437 785 2483 In
806 2436 884 2483 audio
905 2436 1017 2484 omnibus
1031 2435 1144 2496 palmam
1162 2448 1213 2481 esse
1227 2436 1293 2494 posi·

194 2516 323 2576 Insipnem
339 2519 451 2575 repetens
469 2513 621 2560 Nearchum.
647 2509 708 2570 Quis
750 2520 810 2562 tam.
843 2512 978 2560 Herodian.
995 2511 1045 2560 HI.
1063 2512 1086 2558 6.
1104 2511 1152 2570 τὴν
1169 2509 1252 2576 ἀρχὴν
1267 2513 1295 2560 ἐν

161 2593 270 2642 affirma
285 2590 405 2641 Latinum
430 2604 482 2641 esse
507 2591 638 2654 insipnem,
663 2604 708 2653 pro
748 2591 815 2657 μέσῳ
829 2589 977 2656 ὲρῤιμμένην
993 2592 1033 2639 rai
1046 2589 1203 2655 ἀμφήριστον
1215 2591 1295 2639 οὖσαν

156 2672 313 2736 formo-sumi
346 2669 426 2718 Aliud
448 2676 496 2718 cst:
518 2671 648 2732 Insipnem
671 2676 705 2719 te·
748 2672 774 2727 ἐξ
791 2670 904 2736 ἰσοτίμου
922 2670 1067 2735 φιλοτιμίας
1086 2668 1120 2726 εἰς
1138 2669 1217 2718 αὐτὸν
1228 2668 1293 2718 ἀνθ-

160 2752 208 2800 nni
217 2750 309 2813 fronte
325 2751 458 2811 Lycorida.
747 2752 835 2800 εἷλκεν.
870 2750 907 2799 Ut
922 2748 1081 2810 proeda‚ita
1097 2749 1210 2811 pretium
1223 2749 1291 2811 apud

101 2842 103 2846 “
198 2831 256 2877 Tibi
269 2829 369 2891 praeda
389 2830 461 2878 cedat
486 2828 575 2876 Maior
599 2843 633 2875 an
659 2830 706 2876 ilii.
750 2829 835 2879 Senec.
861 2829 951 2878 Medea
967 2829 1022 2880 517.
1060 2829 1190 2877 Certemus
1195 2845 1204 2887 ,¹
1233 2828 1294 2876 sine.

161 2907 219 2957 MS.
236 2907 344 2956 Franek.
363 2908 434 2956 celat.
468 2905 619 2954 Emendavit
630 2906 708 2955 altera
750 2911 793 2958 Sit
807 2911 919 2972 pretium
936 2910 1022 2958 Iason.

161 2999 258 3032 manus.
294 2984 343 3034 Sed
373 2984 495 3047 quomodo
519 2984 560 3031 hic
585 2983 707 3046 proelium
782 2991 888 3038 Arbiter
911 3002 1012 3051 pupnne
1030 2988 1141 3050 posuisse
1158 2987 1223 3035 nudo
1243 2987 1296 3034 Sub

160 3063 258 3111 institui
273 3068 369 3126 poterat
385 3064 416 3111 de
440 3062 533 3110 maiore
558 3077 589 3110 an
614 3063 709 3114 minore
746 3069 810 3130 pede
836 3070 951 3130 puineam
985 3068 1087 3115 Fertur.
1132 3065 1191 3114 Non
1216 3063 1296 3113 facilis

161 3150 232 3207 parte
241 3141 361 3206 praedae?
381 3141 709 3199 Praeda‚Nearchus,male
749 3146 784 3194 rei
801 3146 877 3209 ipsius
893 3146 988 3207 imago,
1005 3158 1085 3207 neque
1096 3142 1214 3205 temporis
1225 3143 1295 3191 ratio.

160 3222 317 3270 divideretur.
355 3220 515 3282 Legendum:
541 3222 587 3268 tibi
613 3225 708 3283 praedo
750 3225 838 3274 Mores
854 3225 949 3273 catulos
965 3224 1073 3271 leaenae.
1107 3222 1207 3270 Leaena
1227 3236 1295 3283 repe·

160 3302 246 3357 cedat,
272 3301 362 3349 Maior
385 3316 419 3348 on
443 3301 497 3348 ilia.
541 3299 635 3349 Utrum
664 3301 708 3350 tibi
750 3309 793 3352 tet.
825 3305 930 3352 Orietur
941 3315 1015 3364 mare
1026 3299 1155 3363 proelium.
1184 3301 1296 3355 Interea,

160 3381 254 3443 praeda
280 3381 362 3438 cedat,
387 3395 420 3429 an
444 3380 490 3428 illa
520 3380 545 3428 in
575 3382 708 3431 certamine
750 3383 810 3430 dum
830 3387 858 3428 tu
880 3381 983 3443 sagittus
1007 3380 1115 3441 morou,
1140 3378 1186 3426 illa
1210 3378 1296 3426 dentes

160 3460 241 3507 maior
259 3458 291 3508 sit
315 3459 412 3520 futura,
438 3460 485 3508 hoc
511 3466 560 3520 est,
584 3461 708 3524 superior,
750 3463 831 3519 acuit,
852 3461 948 3509 dicitur
972 3458 1102 3507 Nearchus
1122 3457 1233 3521 palmam
1249 3458 1296 3505 sub

161 3539 259 3587 victrix.
292 3541 382 3589 Maior
399 3547 424 3589 et
445 3542 526 3589 minor
551 3546 609 3587 sunt
634 3555 706 3588 voca·
749 3540 811 3602 pede
834 3538 951 3602 posuisse.
993 3541 1090 3588 Furor
1114 3541 1227 3599 posuisse
1251 3551 1296 3600 pro

161 3617 224 3665 bula
239 3618 266 3666 in
290 3620 423 3668 certamine
448 3626 513 3667 nota.
548 3619 604 3681 Ipse
628 3619 708 3666 Hora·
747 3621 834 3681 posuit
858 3618 982 3681 accipiunt
1008 3616 1163 3680 interpretes.
1199 3617 1296 3666 Verum

160 3696 315 3748 tiusrminor
326 3701 355 3748 in
365 3701 501 3749 certamine
509 3701 586 3762 lonpo.
604 3700 709 3748 Praeda
751 3704 800 3760 cst,
816 3699 880 3755 dici,
897 3699 991 3755 uocari,
1009 3698 1092 3761 ferri,
1113 3697 1140 3745 in
1156 3695 1243 3744 multis
1260 3695 1296 3743 lo·

161 3784 246 3826 autem
263 3785 300 3827 est
316 3779 454 3827 Nearchus.
488 3778 573 3826 Plaut.
591 3777 674 3827 Casin.
686 3779 708 3827 1.
751 3778 785 3825 cis
806 3776 909 3826 eandem
928 3777 1108 3839 propemodum
1125 3775 1177 3823 vim
1193 3774 1296 3831 habere,

164 3859 186 3905 l.
210 3859 251 3907 25.
293 3858 358 3906 Tun'
383 3860 456 3906 illam
472 3859 563 3907 ducas?
605 3859 708 3916 Hercle,
750 3871 827 3919 quam
844 3855 949 3903 verbum
965 3869 1029 3912 esse,
1047 3853 1105 3917 quia
1122 3852 1214 3901 scilicet
1231 3853 1296 3915 quod

161 3953 200 3986 me
216 3940 363 4000 sssspendio,
387 3938 471 3995 Quam
496 3943 525 3986 iu
549 3939 603 3986 eius
626 3943 710 3999 potior
750 3947 847 3991 surram,
876 3932 923 3979 hoc
947 3946 998 3980 esse
1022 3932 1143 3990 dicimur,
1168 3945 1297 3993 nunquam

154 4017 223 4080 flas,
239 4018 323 4065 satius
339 4021 377 4064 est
399 4021 532 4065 nsmtuurn.
567 4015 710 4078 Respondet
752 4019 834 4059 tamen
865 4010 1009 4073 simpliciter
1032 4010 1125 4072 fertur
1142 4011 1229 4073 fuisse
1252 4023 1298 4071 pro

161 4095 238 4144 alter:
257 4097 318 4143 Meu
332 4095 430 4157 praeda
446 4099 485 4142 est
500 4090 554 4142 ilic.
584 4095 665 4142 Proin
682 4099 710 4142 tu
745 4090 806 4153 fuit
821 4089 929 4152 ponitur.
962 4088 1062 4137 Nimius
1083 4089 1124 4136 hic
1144 4088 1191 4136 fnit
1211 4088 1297 4136 Mork-

161 4180 187 4223 te
202 4175 232 4222 in
249 4176 364 4236 inquann
380 4173 480 4221 induas.
516 4172 557 4221 Ita
573 4171 658 4220 Pollio
676 4171 710 4219 di·
753 4169 842 4218 landus
864 4169 895 4216 ad
913 4168 986 4218 Statii
1003 4168 1038 4218 V.
1056 4167 1116 4218 Silv.
1138 4169 1159 4217 1.
1185 4167 1226 4216 33.
1253 4166 1297 4230 qui

163 4252 237 4301 cebet
253 4251 384 4314 Augusto:
407 4251 557 4300 Discrimini
575 4259 659 4302 uestro
674 4267 712 4300 ore
752 4249 778 4296 in
796 4262 825 4296 eo
841 4261 938 4310 qnoque
959 4247 1062 4304 enavit,
1087 4247 1153 4309 qnod
1178 4261 1201 4295 v.
1226 4259 1249 4294 c.
1273 4246 1299 4293 in

160 4333 325 4393 subtraham,
344 4336 419 4379 ciero
425 4331 522 4392 praeda
530 4333 641 4380 uictoris
650 4329 711 4379 Vid.
733 4380 735 4389 ¹
755 4327 828 4378 Ovid.
846 4327 894 4377 VI.
912 4325 1014 4376 Heroid.
1038 4326 1092 4374 113.
1129 4328 1160 4375 Si
1184 4332 1209 4374 te
1233 4327 1299 4375 nobi·

1096 4403 1167 4470 16ἦε
