2916 5220
461 703 511 791 Q.
542 703 781 778 HORATll
811 705 1010 781 FLACCI

380 948 1091 1054 CARMINUM

541 1211 679 1277 LIBER
708 1213 926 1293 QUARTUS.

653 1466 825 1485 ψ

575 1660 824 1726 OARMEN
872 1664 896 1727 l.

299 1816 521 1916 Intermissa,
547 1835 676 1917 Venus,
702 1836 775 1919 din,

344 1935 469 2002 Rursus
493 1937 581 2003 bella
603 1961 724 2005 moves.
763 1940 882 2022 Parce,
907 1962 1038 2025 precor,
1063 1945 1191 2026 precor!

299 2039 374 2103 Non
399 2061 474 2104 sum
497 2041 605 2125 qualis
629 2064 717 2107 eram
740 2043 846 2108 bonae

345 2142 412 2207 Sub
436 2164 537 2228 regno
562 2143 709 2210 Cinarae.
761 2146 902 2228 Desine,
927 2147 1072 2212 dulcium

335 2332 488 2383 CARMEN
515 2335 535 2382 Ι,
755 2310 852 2372 giaeae,
876 2324 926 2358 uon
948 2308 996 2357 dici
1012 2316 1093 2372 potest
1109 2313 1224 2360 aaronem
1240 2315 1303 2362 barra

754 2389 846 2438 fecisse.
880 2389 936 2436 Hoc
957 2389 1036 2451 magis
1061 2390 1240 2453 propemodum
1257 2406 1300 2439 va·

195 2427 371 2512 Internnssa.
404 2463 637 2512 Belleintermissa.
656 2463 711 2512 Sta-
753 2467 815 2516 leret
844 2468 875 2515 ad
907 2468 994 2518 laudes
1023 2468 1091 2517 illius
1117 2471 1301 2528 extenuandas,

162 2539 213 2588 tius
230 2541 280 2591 III.
303 2541 364 2591 silv.
389 2544 409 2590 l.
435 2543 590 2590 Intermissa
611 2543 658 2590 tibi
674 2558 711 2590 re·
753 2562 828 2609 quarn
854 2548 988 2610 sugendas.
1022 2547 1147 2610 Virgilius
1172 2562 1302 2611 nunquam

161 2627 251 2679 navat,
271 2623 419 2684 Tirynthia,
435 2635 524 2678 sama,
542 2623 650 2669 Pollius.
753 2627 866 2675 dixisset:
886 2629 970 2677 Pollio
986 2633 1011 2677 et
1023 2629 1155 2691 ipsefaas‘t
1171 2631 1235 2678 bona
1247 2645 1302 2679 aar·

194 2699 549 2762 Banaesubreqnoc'tnaraa.
567 2699 710 2750 Broukhus.
752 2709 834 2764 mina,
850 2720 895 2769 pro
912 2722 982 2756 noua.
1008 2706 1051 2754 Ita
1071 2706 1178 2770 Spanius
1195 2709 1221 2756 in
1237 2708 1302 2757 libro

160 2782 250 2828 bonnm
271 2780 447 2840 interpretatur
468 2794 518 2827 nan
534 2793 663 2840 rapacem,
681 2784 711 2826 ut
752 2784 783 2832 de
794 2785 914 2847 Antiquis
923 2783 1129 2847 Inscriptionibus
1140 2792 1201 2836 eset.
1210 2803 1234 2850 p.
1243 2787 1301 2836 235.

159 2858 186 2906 in
204 2858 308 2907 Tibullo
328 2857 364 2907 11.
389 2859 413 2906 2.
440 2859 463 2906 4.
485 2858 547 2906 mide
570 2858 709 2906 Burmann·
751 2863 906 2926 epithaphios
923 2864 1011 2912 titulos
1028 2863 1141 2922 vidit‚in
1158 2865 1247 2928 quibus
1264 2867 1300 2915 le·

159 2937 192 2984 ad
209 2936 296 2986 Valer.
313 2937 397 2986 Flacci
413 2936 461 2985 VI.
485 2938 523 2986 12.
540 2936 708 2986 Ruhnkenius
751 2942 819 3005 gitur
836 2948 986 2991 ΧΡΗΣΤΟΣ
1006 2950 1032 2991 et
1053 2948 1193 2994 ΧΡΗΣΤΗ.
1222 2945 1302 3008 Apud

159 3016 192 3063 ad
209 3014 311 3064 Terent.
332 3030 390 3078 pag.
412 3018 469 3065 239.
491 3017 522 3064 de
532 3017 637 3079 foratae
652 3019 709 3079 pul·
751 3020 864 3069 Arcades
879 3027 904 3069 et
915 3021 1124 3069 Lacedaemonios
1135 3026 1218 3071 ποιεῖν
1237 3041 1301 3088 χρη-

159 3095 305 3144 caritudine
329 3096 423 3158 accipit.
449 3097 505 3158 Ego
530 3095 708 3154 animadverti,
751 3100 828 3156 στοὺς
844 3099 1000 3161 significabat
1012 3100 1079 3148 idem
1092 3105 1166 3163 atque
1181 3100 1301 3151 ἀποκτιν-

158 3173 233 3220 sicuti
256 3180 368 3223 mortuos
389 3175 544 3238 appellamus
565 3175 709 3239 μακαρίτας
750 3174 908 3238 mivcu,quod
917 3189 949 3224 ex
956 3176 1094 3226 Aristotele
1104 3178 1187 3225 docuit
1199 3177 1301 3227 Plutar-

158 3258 183 3300 et
193 3252 297 3314 felices,
318 3253 349 3301 de
373 3268 423 3316 qua
444 3268 471 3302 ro
492 3254 660 3302 Ruhnkeuius
677 3255 708 3302 ad
751 3254 811 3301 chus
826 3253 928 3314 Quaest.
941 3253 1014 3303 Rom.
1028 3255 1068 3304 52.
1077 3262 1102 3304 et
1111 3255 1208 3305 Graeca
1216 3257 1240 3305 s.
1252 3257 1301 3305 Ea·

158 3330 291 3380 Timaeum
311 3333 438 3395 exposuit,
463 3334 499 3381 ita
519 3332 617 3380 eosdem
637 3346 709 3396 saepe
750 3333 807 3381 dem
816 3339 877 3395 puto
885 3332 988 3389 ratione,
1001 3346 1051 3394 qua
1067 3333 1113 3381 sub
1125 3333 1234 3382 scelestis
1251 3334 1300 3384 Ro·

158 3407 281 3470 appellari
292 3411 370 3458 banos.
388 3410 489 3458 Lucret.
500 3411 550 3460 111.
564 3411 634 3460 1838.
654 3414 706 3460 Lu·
749 3426 880 3460 manorum
888 3410 1084 3474 Imperatoribus
1093 3410 1220 3461 interdum
1229 3428 1300 3462 usur·

159 3489 229 3536 urina
252 3490 306 3537 suis
331 3491 409 3538 oculis
429 3491 506 3538 ettam
527 3493 604 3540 banus
627 3492 708 3540 Ancu'
749 3489 1300 3556 pabaturdiuumaliqroemfaceraettempo·

158 3569 270 3630 reliquit.
296 3568 397 3618 Patron.
416 3569 498 3634 Satyr.
516 3573 555 3621 42.
584 3573 709 3620 Necsane
749 3568 818 3617 ribus
829 3568 884 3618 aevi
893 3569 968 3617 medii
978 3575 1093 3618 sanatum
1097 3568 1187 3633 faeere
1195 3578 1219 3619 et
1228 3587 1301 3621 anno·

157 3648 246 3696 lauare
260 3650 343 3708 potui.
376 3650 427 3697 Fui
449 3651 515 3698 enim
535 3652 607 3698 hodie
623 3651 651 3696 in
660 3650 709 3712 fu·
749 3650 843 3699 nizare.
859 3648 1067 3712 Wyttenbachius
1085 3648 1117 3696 ad
1133 3648 1300 3698 Plutarchum

158 3741 214 3774 nus.
249 3727 333 3774 Homo
350 3727 441 3785 bellus,
459 3734 512 3775 tam
530 3729 608 3776 bonus
626 3728 708 3791 Chry·
748 3729 873 3777 notionem
881 3728 996 3791 repetita
1008 3728 1093 3793 χράω,
1109 3725 1211 3790 xpeto,
1223 3730 1300 3791 χρία,

158 3805 267 3852 sanatas
282 3805 394 3853 antarum
405 3807 512 3855 ebulliit.
529 3806 580 3856 Ubi
593 3807 707 3858 mallem:
748 3806 775 3852 in
792 3805 882 3869 quihus
897 3811 934 3854 est
946 3805 983 3852 vis
998 3805 1136 3868 punymrdi,
1153 3807 1299 3866 strinqmdi.

161 3883 243 3931 Homo
260 3887 314 3931 tam
330 3885 419 3940 tellus,
431 3886 508 3933 bonus
522 3886 708 3948 Chrysanthus.
727 3916 730 3983 ,
748 3884 820 3933 Illud
837 3890 922 3932 autem
937 3885 1109 3939 narrentani,
1127 3896 1176 3944 quo
1188 3889 1299 3932 mortuos

157 3961 274 4010 Fortasse
282 3962 435 4010 reddendum
444 3963 534 4014 Ouidio
551 3964 601 4013 III.
619 3965 707 4016 Amor.
728 3988 730 4027 ,
749 3962 915 4025 appellabant,
933 3962 1033 4010 videtur
1049 3974 1102 4009 esse
1118 3960 1256 4022 profectum
1266 3977 1299 4010 ex

158 4041 181 4090 9.
198 4042 239 4090 39.
259 4043 424 4090 Carminibus
435 4041 529 4104 confide
544 4044 627 4092 bana:
644 4046 709 4094 tacet
728 4030 730 4035 ¹
748 4040 824 4088 insita
839 4040 948 4103 quadam
964 4040 1074 4088 bonitate
1091 4044 1116 4088 et
1136 4053 1210 4088 sensu
1227 4041 1299 4089 mise·

157 4134 212 4169 erce
235 4121 364 4178 Titedius,
389 4120 583 4183 legendumque:
610 4121 708 4172 Carmt-
749 4119 881 4176 ricardus,
907 4120 974 4168 undo
1003 4126 1028 4169 et
1052 4120 1140 4168 tritum
1164 4119 1241 4168 illud:
1270 4124 1300 4170 de

156 4199 232 4246 nibus
248 4198 355 4260 confide:
373 4201 450 4248 bonus
465 4201 531 4248 iacet
546 4215 600 4249 ecce
619 4201 707 4250 Tibul·
749 4200 854 4249 mortua's
870 4201 909 4248 m'l
925 4201 976 4249 nist
993 4202 1058 4249 bene.
1083 4198 1203 4247 Horatius
1215 4203 1299 4248 autem

157 4279 203 4324 lua.
238 4277 368 4334 Tibullus,
393 4277 436 4326 ille
458 4277 525 4327 fama
545 4278 633 4327 Musae
651 4279 708 4329 ule·
749 4284 873 4327 mortuam
894 4277 1014 4328 Cinaram
1035 4292 1064 4326 eo
1088 4277 1206 4326 libentius
1227 4287 1299 4327 vocat

1101 4357 1166 4423 18*
