2916 5220
581 312 899 378 CARMINUM

353 503 453 566 lienus
478 500 645 564 Marcell:
670 503 764 563 micat
787 502 869 562 inter
892 518 995 562 amices

351 605 468 669 Icilium
492 603 600 684 siclus,
625 602 710 667 celat
733 606 816 666 inter
842 604 928 686 ianea

439 708 534 770 Luna
557 694 702 771 minores.

349 809 466 876 Gentis
490 810 653 874 humanae
678 811 772 891 pater
794 813 892 891 atque
916 811 1043 889 custos,

351 913 430 979 Orte
455 914 611 994 Saturno,
638 911 699 976 tibi
723 932 801 975 cura
824 911 938 997 magni

171 1083 191 1130 si
208 1083 340 1145 loquamur
360 1082 386 1128 in
407 1081 481 1129 laude
504 1081 631 1128 hominum
649 1093 717 1141 prae·

171 1162 289 1218 sentium,
300 1168 345 1208 aut
356 1173 439 1208 recens
447 1168 610 1216 mortuorum,
619 1158 719 1222 quando

171 1254 194 1286 v.
216 1253 236 1287 c.
259 1238 346 1288 Cicero
366 1253 411 1301 pro
431 1238 543 1287 Marcell.
566 1253 618 1301 cap.
637 1240 659 1286 4.
677 1252 718 1285 ox·

170 1318 273 1366 clamat:
301 1322 373 1368 Haec
399 1325 444 1366 tua
464 1319 566 1366 iustitia
587 1323 612 1366 et
628 1318 719 1365 ienitm

171 1398 251 1443 aniani
260 1397 380 1459 florescet
396 1397 507 1459 quotidie
525 1397 613 1457 asapia,
630 1396 668 1443 ita
681 1399 719 1450 ut,

171 1481 295 1535 quantum
310 1476 424 1538 operibus
441 1474 493 1521 tais
505 1474 666 1520 diuturnitas
680 1475 718 1520 de-

172 1556 265 1613 trahet,
287 1559 387 1602 tantum
409 1553 504 1614 afferat
525 1552 650 1599 laudibus.
685 1552 718 1598 Et

170 1648 276 1696 qumans
294 1631 431 1691 Mariana,
452 1633 548 1693 incenia
564 1636 635 1688 sata,
652 1631 718 1692 apud

171 1712 278 1759 eundem
295 1711 316 1759 I.
335 1711 365 1758 dc
382 1710 467 1772 Legib.
498 1711 517 1756 l.
536 1715 648 1758 canescet
663 1724 716 1758 sae·

170 1791 217 1838 ciis
236 1791 465 1837 innumerabilibus.
504 1788 573 1835 Haec
592 1787 669 1849 igitur
689 1789 719 1836 de

171 1867 294 1915 Marcello
310 1869 387 1915 veteri
398 1881 447 1915 non
459 1867 535 1929 accipi
547 1874 656 1930 possunt.
674 1867 719 1915 Vi-

171 1946 272 1995 deamus
301 1946 332 1994 de
360 1944 483 1994 Marcello
512 1944 629 1994 Octaviae
658 1944 719 2001 filio,

171 2023 326 2072 adolescente
352 2023 436 2071 multis
458 2022 592 2070 virtutibus
613 2023 718 2070 ornatis·

172 2103 248 2163 simo,
266 2117 340 2166 quem
357 2103 491 2163 Augustus
503 2101 547 2148 sibi
558 2101 722 2149 destinaverat

172 2195 342 2230 successorem.
380 2180 464 2228 Huius
489 2179 556 2227 fama
576 2181 602 2228 in
624 2180 675 2229 dies
697 2188 721 2229 et

171 2260 244 2308 horas
265 2259 400 2315 crescebat,
422 2259 491 2307 velut
512 2259 585 2307 arbor
607 2273 666 2307 aevo
686 2267 720 2307 ta-

167 2339 222 2386 cito.
251 2339 390 2400 Quominus
408 2345 490 2386 tamen
508 2339 543 2386 ita
560 2353 720 2401 exponamus,

167 2419 259 2476 obstat,
286 2418 352 2480 quod
380 2419 452 2466 huius
474 2418 553 2474 fama,
574 2419 594 2466 si
618 2417 720 2467 laudare

167 2498 239 2555 velis,
268 2498 349 2559 potius
379 2498 483 2546 dicenda
512 2505 564 2545 orat
594 2500 720 2547 celerrime

167 2591 287 2632 crescere,
313 2592 389 2639 quam
410 2580 515 2634 occidte,
541 2579 618 2632 clara,
646 2577 719 2624 sicuti

167 2668 240 2701 nemo
263 2654 377 2703 arborem
396 2654 504 2717 quotidie
522 2668 629 2702 crescere
646 2655 718 2703 sidet.

168 2731 257 2782 Obstat
275 2733 363 2789 etiam,
383 2733 450 2795 quod
466 2733 512 2781 iste
529 2731 665 2781 Marcellus
682 2735 717 2782 vi-

168 2810 249 2858 vebat.
283 2811 317 2858 Et
342 2811 414 2872 poeta
439 2811 520 2859 adhuc
550 2825 634 2859 omnes
668 2812 720 2858 vita

168 2888 218 2935 iarn
241 2886 337 2935 functos
358 2889 496 2946 recensuit,
522 2896 547 2937 ct
568 2891 651 2939 statim
673 2891 717 2938 Iu·

168 2966 230 3014 lium
243 2966 527 3016 caesaremnominavit.
553 2967 650 3015 Neuter
658 2968 719 3016 adeo

169 3042 305 3091 Marcellus
331 3044 372 3092 hic
398 3045 463 3093 iusto
485 3044 538 3094 loco
559 3048 653 3109 positus
674 3055 719 3096 est.

169 3123 267 3170 Auctor
283 3123 372 3171 melius
394 3124 538 3187 scripsisset:
563 3125 662 3175 Crescit
681 3142 718 3175 ac-

168 3202 235 3248 culto
252 3204 320 3250 velut
338 3205 413 3252 arbor
430 3219 488 3252 cece
508 3205 589 3251 Fama
606 3201 717 3253 Marcel-

169 3280 207 3327 lis.
242 3279 314 3340 Quod
336 3281 463 3344 eleganter
486 3282 580 3329 dictum
598 3280 658 3330 foret
675 3297 720 3344 pro

168 3354 364 3416 Marcellorum,
388 3365 413 3407 et
436 3359 471 3406 ita
492 3360 565 3409 tacite
587 3361 720 3423 significari

168 3440 249 3496 posset
261 3437 334 3484 etiam
348 3435 486 3484 Marcellus
499 3438 651 3487 adolescens.
671 3439 720 3488 Sed

169 3525 200 3559 ne
217 3513 250 3558 sic
272 3514 372 3575 quidem
394 3528 479 3563 omnes
496 3516 655 3565 difficultates
672 3519 720 3566 esi·

168 3597 252 3638 tasset.
285 3592 393 3640 Videtur
411 3602 495 3643 autem
513 3594 553 3643 bic
571 3611 658 3645 versus
669 3612 721 3646 esse

169 3667 289 3716 formatus
306 3671 397 3732 partim
414 3687 446 3720 ex
457 3671 574 3733 Horatio,
587 3677 677 3737 partim
689 3691 721 3724 ex

169 3747 285 3810 Virgilio.
307 3749 396 3798 Horat.
419 3751 454 3800 II.
478 3751 561 3801 Carm.
587 3752 610 3800 2.
650 3756 721 3803 Vivet

168 3833 268 3878 entenic
294 3831 443 3879 Proculeius
467 3846 539 3891 aeuo,
564 3831 588 3880 h.
614 3846 634 3881 e.
660 3833 720 3881 dum

169 3921 260 3955 aevum
281 3915 306 3956 et
327 3913 424 3970 tempus
442 3909 595 3957 extenditur:
614 3915 642 3958 ut
659 3911 683 3958 h.
702 3912 719 3960 l.

169 3987 229 4034 dum
255 4001 356 4046 aevum,
384 3994 494 4052 tempus,
523 3990 588 4051 quod
620 3990 719 4047 crescit,

169 4064 297 4115 occulitur.
342 4067 466 4130 Virgilius
499 4069 532 4116 X.
561 4069 649 4132 Eclog.
677 4071 717 4121 73.

173 4144 346 4203 Gallaecia
363 4160 433 4194 antor
450 4151 550 4196 tanturn
572 4150 634 4197 nsiii
654 4164 717 4198 cres-

170 4222 205 4268 cit
225 4223 253 4268 in
278 4222 361 4281 horas,
386 4225 519 4281 Quantum
535 4243 590 4277 rere
606 4243 667 4278 navo
683 4231 717 4276 ui-

169 4301 235 4349 ridis
259 4317 285 4349 se
309 4304 411 4353 ssebiicit
436 4306 517 4354 alneis.
568 4307 620 4356 Ubi
646 4307 717 4356 Serv.

759 1079 899 1139 “latenter‚
933 1080 1000 1128 sicut
1033 1081 1134 1129 artarer
1167 1080 1311 1128 crescunt.'’

758 1156 893 1205 Notissima
910 1155 1074 1219 comparatio,
1086 1170 1161 1219 quarn
1172 1171 1186 1204 e
1198 1155 1311 1204 Pindaro

758 1237 859 1284 ducmm
876 1249 940 1292 esse,
952 1249 997 1282 cur
1008 1237 1163 1281 statuamus?
1176 1233 1235 1292 Vid.
1250 1233 1310 1281 Pin-

759 1315 812 1362 dar.
827 1313 905 1362 VIII.
931 1314 1004 1362 Nem.
1022 1313 1060 1361 40.
1073 1312 1145 1360 cuius
1156 1312 1228 1359 arbor
1239 1311 1312 1376 ᾄσσει

758 1395 868 1458 χλωραῖς
890 1392 985 1457 ἐέρσαις
1010 1391 1084 1439 viridi
1112 1406 1167 1440 rore
1191 1391 1311 1453 irrigata,

758 1472 821 1522 laete
839 1487 867 1520 ac
884 1471 995 1519 celeriter
1011 1472 1037 1519 in
1057 1469 1137 1518 altum
1154 1471 1243 1532 surgit.
1279 1472 1311 1519 In

759 1565 831 1598 versu
848 1556 931 1599 nostro
942 1550 1016 1612 plane
1027 1550 1179 1597 contrarium
1190 1555 1234 1597 est.
1254 1549 1312 1597 Non

758 1629 866 1676 multum
887 1628 1001 1676 dissimili
1018 1628 1112 1675 ratione
1129 1628 1225 1690 scripsit
1243 1628 1312 1676 Plin.

759 1706 853 1770 Paneg.
870 1707 910 1756 51.
937 1708 1053 1756 Delubra
1067 1707 1167 1756 occultu
1184 1708 1313 1756 celeritate

758 1791 939 1847 properantur.

795 1863 879 1914 Micat
903 1866 971 1913 inter
995 1879 1078 1913 omnes
1104 1865 1203 1912 Iulium
1226 1865 1313 1920 maus,

760 1946 828 1992 uelut
843 1946 912 1992 inter
931 1945 1001 2006 iynes
1022 1945 1099 1991 Luna
1120 1944 1235 1991 minores.
1270 1943 1313 1991 Ex

760 2022 852 2084 Virgil.
870 2021 920 2070 IX.
937 2022 1024 2084 Eclog.
1042 2023 1082 2072 47.
1117 2024 1184 2072 Ecce
1201 2023 1314 2070 Dionaei

759 2102 879 2162 processit
899 2102 1017 2151 Caesaris
1035 2106 1142 2150 astrum.
1171 2100 1221 2150 Ubi
1240 2100 1312 2150 Serv.

761 2179 835 2227 “cum
854 2181 984 2243 dannatus
1005 2181 1101 2230 Caesar
1112 2182 1183 2230 iudas
1187 2180 1313 2244 funebres

760 2259 832 2319 patri
856 2261 999 2316 celebraret,
1023 2261 1064 2309 die
1080 2262 1159 2308 medic
1175 2261 1250 2308 stella
1267 2276 1311 2323 ap-

759 2338 857 2397 paruit.
900 2340 952 2387 Ille
979 2354 1034 2387 earn
1062 2336 1087 2398 (f.
1114 2337 1233 2399 animam]
1261 2353 1314 2388 esse

760 2416 919 2478 confirmauit
943 2419 1059 2480 parentis
1083 2417 1148 2464 sui.”
1187 2416 1313 2479 Virgilius

761 2507 818 2542 vere
840 2501 865 2543 ct
885 2495 1007 2543 historice.
1032 2496 1124 2543 Noster
1144 2497 1218 2557 poeta
1230 2501 1312 2543 trans·

760 2571 818 2621 late.
851 2574 917 2622 Vult
933 2575 1000 2623 enim
1019 2574 1152 2624 Caesarem
1169 2575 1233 2623 inter
1245 2575 1314 2624 Deos

760 2659 859 2715 propter
876 2655 980 2702 virtutes
1002 2660 1141 2716 receptum,
1163 2655 1252 2702 Lunae
1273 2655 1312 2702 in-

760 2738 820 2792 star,
838 2731 933 2795 fulgere
950 2734 1014 2782 inter
1023 2732 1108 2782 stellas
1120 2733 1235 2781 minores.
1262 2733 1314 2782 Ita·

760 2826 808 2874 que
825 2813 892 2861 inter
909 2827 992 2861 earnes
1009 2828 1097 2877 nempe
1114 2813 1244 2871 mortales,
1262 2814 1313 2862 Ro·

760 2903 847 2938 manos
864 2890 935 2948 istos,
952 2906 1013 2953 quos
1030 2907 1046 2939 a
1063 2892 1171 2941 Romulo
1183 2892 1241 2941 inde
1253 2906 1313 2940 enn-

760 2970 872 3017 meravit.
918 2970 991 3018 Dura
1020 2971 1163 3029 translatio,
1188 2978 1212 3019 ct
1246 2971 1313 3019 illud

759 3049 827 3096 inter
848 3064 930 3097 ornnes
952 3056 1004 3096 tarn
1025 3050 1132 3106 humile,
1153 3055 1183 3097 ut
1199 3049 1247 3099 soli
1264 3065 1315 3098 me-

761 3132 798 3174 tro
816 3127 903 3175 datum
920 3143 973 3177 esse
991 3131 1111 3178 videatur.
1146 3129 1215 3178 Male
1237 3130 1314 3177 etiam

760 3221 825 3263 rem,
851 3221 914 3269 quae
940 3222 997 3256 vere
1019 3209 1120 3266 accidit,
1138 3208 1314 3270 Metapboram

760 3284 823 3333 fecit.
858 3285 912 3334 Alii
929 3287 1019 3334 volunt
1034 3289 1133 3349 pobtam
1149 3287 1249 3350 proprie
1260 3301 1315 3337 esse

760 3364 880 3413 locutum.
916 3365 965 3414 Sed
985 3367 1059 3415 stella
1075 3366 1189 3416 Caesaris
1206 3366 1254 3414 fuit
1271 3381 1312 3415 co·

761 3449 839 3502 meta,
857 3444 938 3493 medio
955 3445 993 3494 die
1010 3446 1091 3503 visus,
1113 3460 1188 3508 quem
1205 3446 1314 3494 Romani

761 3538 890 3586 nunquam
900 3525 992 3573 iterum
1003 3526 1093 3574 videre.
1120 3525 1251 3586 Quomodo
1266 3525 1313 3573 boc

761 3601 857 3650 Iulium
875 3603 942 3650 sidus
959 3603 1050 3652 micare
1067 3610 1164 3667 poterat
1179 3604 1244 3651 inter
1261 3618 1312 3651 om·

761 3693 805 3728 nes
816 3679 912 3740 stellas,
924 3695 989 3743 quae
1000 3688 1071 3730 nocte
1081 3682 1108 3728 in
1120 3680 1188 3729 coelo
1199 3679 1313 3743 fulgent?

762 3757 811 3807 Sed
832 3773 882 3808 non
904 3773 993 3822 operae
1017 3761 1123 3822 pretium
1145 3766 1184 3807 est
1205 3759 1313 3821 amplius

760 3838 785 3885 in
807 3838 844 3885 bis
867 3839 970 3895 morari,
992 3845 1037 3886 aut
1052 3840 1132 3886 vanas
1148 3839 1313 3900 interpretum

760 3917 884 3979 opiniones
901 3917 1019 3976 refutare,
1037 3933 1135 3975 eorum,
1151 3917 1195 3980 qni
1214 3917 1314 3965 lulium

759 3999 831 4046 udus
847 4002 977 4059 exponunt
991 4003 1087 4059 pentem
1114 3998 1218 4045 Iuliane.
1244 3995 1312 4043 Ver·

760 4089 816 4132 sus,
834 4073 1007 4131 meoiudicio,
1025 4075 1144 4123 conflatus
1162 4081 1198 4122 est
1209 4089 1242 4123 ex
1253 4074 1312 4122 Vir·

759 4153 802 4213 gil.
820 4153 836 4200 l.
858 4154 877 4200 1.
896 4158 920 4200 et
937 4152 1024 4200 Horat.
1037 4153 1098 4202 XV.
1116 4153 1195 4216 Epod.
1209 4153 1230 4200 l.
1254 4154 1314 4201 Non

760 4236 829 4287 erat,
846 4237 871 4278 et
888 4231 951 4279 coelo
970 4230 1090 4293 sulcebat
1125 4233 1201 4279 Luna
1227 4247 1314 4281 sereno

759 4311 835 4358 Inter
853 4311 950 4358 neinora
962 4309 1052 4358 sidera.
1087 4309 1127 4358 De
1138 4315 1236 4358 cometa
1248 4309 1313 4370 quod
