2916 5220
468 311 697 374 EPODON
746 310 928 373 LIBER.
1226 309 1289 370 333

336 498 422 577 Quid
446 520 523 580 nos,
548 497 667 582 quibus
691 499 816 563 levita
840 499 868 564 si
892 497 1067 582 superstite

381 600 546 682 Iucunda,
572 599 600 665 si
625 605 757 683 contra,
782 601 913 688 gravis?

337 703 502 768 Utrumne
526 703 606 768 iussi
629 724 861 788 persequemur
885 703 1006 784 otium,

379 806 455 870 Non
479 806 591 887 dulce,
616 805 651 869 ni
675 810 784 871 tecum
808 804 927 888 simul,

336 909 390 972 An
413 909 500 974 hunc
523 909 668 974 laborem
692 913 802 973 mente
826 908 943 989 laturi,
970 908 1063 971 dccet

380 1011 452 1090 Qua
474 1011 556 1078 ferre
580 1033 646 1076 n0n
669 1011 786 1076 molles
809 1010 917 1076 viros?

336 1114 509 1197 Feremus,
534 1119 567 1178 et
591 1119 623 1179 tc
645 1113 698 1179 vel
721 1135 778 1198 per
801 1113 942 1198 Alpium
966 1111 1044 1196 iuga

380 1216 620 1301 Inhospitalem
643 1223 677 1282 et
702 1216 903 1294 Caucasum,

336 1318 398 1384 Vel
423 1319 610 1385 Occidentis
633 1342 737 1404 usque
760 1320 801 1384 ad
824 1319 981 1384 ultimum
1006 1319 1115 1384 sinum

380 1422 472 1487 Forti
495 1444 667 1508 sequemur
690 1427 827 1507 pectore.

337 1526 463 1610 Reges,
488 1530 583 1590 tuum
605 1525 716 1589 labore
740 1525 820 1610 quid
844 1523 1067 1603 iuvemmeo,

381 1628 530 1693 Imbellis
555 1650 592 1693 ac
617 1628 732 1692 firmus
755 1629 894 1712 parum?

339 1730 455 1796 Comes
479 1730 605 1796 minore
628 1753 702 1796 sum
726 1730 858 1795 futurus
882 1731 917 1794 in
940 1736 1050 1811 metu,

158 1931 222 1980 nihil
235 1937 289 1980 erat
300 1932 366 1994 quod
380 1931 473 1982 Cacsar
485 1938 581 1995 ageret,
599 1939 624 1981 ct
639 1933 706 1981 domi
748 1940 845 1991 contra,
862 1933 952 1996 gravis.
985 1933 1040 1982 Alii
1060 1933 1149 1996 legunt
1165 1935 1253 1996 quibus
1270 1939 1294 1982 te

159 2026 260 2059 manere
270 2017 374 2073 poterat.
395 2011 483 2073 Neque
495 2010 587 2059 Latina
597 2009 706 2059 formula
748 2017 803 2062 sita
827 2015 861 2062 sit
877 2015 1024 2076 superstite:
1049 2013 1116 2076 quod
1134 2019 1158 2060 et
1174 2011 1294 2076 praefere-

158 2090 219 2138 mibi
236 2091 329 2152 placet,
345 2091 430 2138 subire
444 2091 586 2151 periculum
598 2092 706 2139 alicuius
749 2092 792 2140 bat
807 2092 926 2141 Heinsius
943 2099 968 2141 et
986 2092 1067 2140 multo
1084 2091 1181 2140 facilius
1198 2099 1241 2141 est.
1263 2092 1294 2140 In

158 2185 201 2218 sac
232 2171 354 2231 periculo.
400 2167 558 2230 Quamquam
586 2168 705 2218 Heinsius
748 2172 805 2222 MS.
831 2172 904 2222 Voss.
925 2173 1025 2221 additur
1045 2173 1140 2235 glossa:
1165 2175 1187 2221 si
1212 2179 1294 2222 uacat.

159 2249 218 2296 satis
235 2248 367 2310 probabat,
389 2248 449 2296 adeo
466 2249 541 2296 etiam
558 2253 587 2294 nt
604 2248 661 2295 hinc
680 2249 705 2296 in
748 2250 878 2313 Cogitasse
895 2251 994 2300 videtur
1011 2252 1155 2299 baecverba
1166 2252 1295 2300 Ausonius

160 2327 292 2389 Propertio
309 2326 344 2375 II.
361 2327 384 2374 8.
411 2327 434 2374 4.
459 2326 604 2388 corrigeret:
633 2328 705 2375 Mar·
748 2329 828 2392 Epist.
849 2331 873 2381 7.
904 2332 1043 2392 Serapium
1068 2331 1143 2378 boras
1168 2345 1244 2392 saper
1270 2336 1295 2377 et

160 2411 210 2454 tem
221 2421 321 2468 eaerum
326 2405 431 2468 sapiam
441 2410 521 2453 marte
531 2407 615 2454 subire
626 2411 705 2455 tuam.
748 2409 796 2455 duo
813 2409 896 2456 millia
912 2412 1012 2456 ceratum
1040 2408 1144 2456 Testae
1160 2411 1296 2468 consumti,

160 2484 252 2533 Melius
269 2490 317 2532 est:
336 2487 454 2532 Paratus
465 2499 534 2533 1111111
548 2483 652 2532 Caesari
662 2501 704 2546 pe·
748 2500 795 2548 qua
810 2488 864 2534 siue
880 2493 905 2536 et
921 2489 984 2535 bara
1001 2489 1093 2550 prauis.

159 2563 706 2622 11111111118111111,Μ11111111,11111111-
781 2566 821 2612 Ni
838 2572 917 2614 tecum
933 2568 1016 2615 simul.
1047 2566 1105 2615 MS.
1124 2567 1152 2613 111Ι
1167 2568 1208 2614 sit.

160 2658 222 2690 num
244 2648 281 2691 cst
306 2644 391 2691 subire
415 2644 557 2704 periculum
587 2642 705 2703 Caesari,
781 2646 825 2691 Aa
841 2645 907 2693 burra
925 2647 1033 2694 laborem
1048 2645 1226 2693 meutetaturi.
1244 2645 1294 2693 Nc-

159 2721 275 2770 Caesaris
291 2734 389 2780 caussa,
406 2735 451 2782 pro
461 2720 575 2771 Caesare.
593 2720 706 2784 Propert.
749 2722 852 2770 tandam
877 2730 937 2784 puto
955 2723 1053 2787 ellipsin
1070 2739 1162 2772 sumus.
1198 2722 1293 2772 Statius

160 2800 210 2849 IV.
228 2800 251 2848 6.
262 2801 303 2848 24.
323 2801 448 2862 samque
464 2801 516 2847 iam
530 2801 634 2861 patriae
651 2803 705 2849 uire-
749 2800 857 2850 Praefat.
874 2801 911 2852 II.
930 2802 991 2852 silv.
1010 2805 1053 2851 Act
1074 2804 1168 2851 Ursum
1180 2808 1294 2850 nostrum

159 2894 214 2927 sere
230 2882 302 2928 ducta
318 2894 386 2928 suae.
419 2878 469 2928 Ubi
490 2877 545 2926 ride
562 2879 706 2928 Markland.
748 2883 872 2944 scriptam
891 2881 1091 2931 Camalatiauem
1108 2883 1292 2930 1111ῑὶ11111-

160 2955 469 3021 1101111110111111.ΙΙ.
494 2972 550 3019 pag.
568 2957 625 3006 260.
646 2958 705 3006 Ele·
748 2963 831 3018 serui,
849 2963 909 3024 quia
927 2962 1040 3010 bonorem
1058 2962 1112 3009 eius
1129 2963 1176 3009 tibi
1193 2963 1295 3009 taturus

160 3045 250 3100 gauter
267 3039 344 3086 etiam
361 3036 530 3085 tucCarsari.
547 3036 705 3099 PropertII.
750 3046 886 3101 acceptum.
929 3039 980 3087 Ubi
1010 3039 1104 3088 Markl.
1134 3040 1228 3086 addidit
1249 3047 1293 3089 est.

164 3117 186 3165 l.
202 3117 243 3164 25.
265 3115 296 3162 ad
314 3115 418 3164 eundern
436 3115 618 3163 Maecenatem:
644 3117 706 3164 Bet·
752 3117 854 3166 Hieron.
872 3116 981 3165 Praefat.
999 3117 1114 3178 scriptor.
1132 3117 1227 3166 Eccles.
1240 3119 1295 3178 Eae

161 3198 236 3258 laque
251 3210 337 3257 resque
353 3196 393 3242 tut
409 3209 571 3242 memorarem
581 3194 706 3243 Caesarts.
749 3198 810 3258 quid
828 3199 953 3244 acturus?
990 3195 1172 3257 Quinctiliauus
1189 3195 1293 3244 XVIII.

162 3273 257 3323 Statius
274 3274 296 3323 1.
323 3273 385 3323 silv.
407 3274 487 3322 151.
513 3274 646 3336 stipitesque
664 3289 708 3322 suc
752 3274 864 3324 Declam.
886 3276 922 3323 12.
950 3277 1030 3337 Rapo,
1047 3277 1109 3336 quial
1118 3275 1255 3337 facturus,
1272 3277 1294 3322 si

160 3370 208 3417 pro
227 3354 336 3402 Caesare
352 3369 436 3402 curae.
469 3352 562 3400 Postea
585 3352 636 3399 vidi
656 3353 705 3401 Bo·
747 3355 941 3416 pernegaverit?
965 3353 996 3401 In
1014 3353 1088 3402 Voss.
1105 3367 1150 3415 pro
1166 3368 1217 3415 qua
1221 3352 1295 3416 ferre

161 3433 256 3490 tbium,
274 3431 317 3494 qui
333 3431 465 3480 editionem
479 3430 643 3478 Horatianam
660 3430 707 3481 Ca·
749 3439 786 3482 est
802 3448 873 3495 quem
883 3432 965 3495 serre.

162 3512 211 3559 roli
227 3511 293 3560 Feae
310 3525 331 3557 a.
353 3508 539 3559 MDCCCXX.
560 3508 610 3556 suis
632 3524 707 3557 auno·
786 3514 831 3560 Vel
859 3513 1002 3561 Occidentis
1027 3525 1102 3574 ratque
1119 3513 1153 3559 ad
1177 3513 1295 3560 ultimum

161 3590 296 3638 tationibus
313 3595 413 3636 auctam
430 3587 538 3649 repetiit,
559 3588 584 3634 in
605 3589 707 3636 eandem
749 3592 839 3638 sicum.
876 3589 942 3650 Quid
974 3591 1096 3654 significat
1124 3591 1218 3654 duplex
1243 3593 1295 3640 ael?

162 3669 360 3717 emendationem
384 3666 504 3715 incidisse.
538 3666 608 3714 Idem
625 3673 706 3714 osten·
749 3669 802 3716 Vix
818 3675 898 3731 potest
923 3671 1061 3734 significare
1085 3686 1134 3718 seu.
1169 3670 1296 3720 Sententia

162 3748 200 3795 dit
225 3746 409 3796 Wakefieldum
437 3745 556 3794 voluisse:
593 3745 710 3794 Caesaris
750 3748 797 3796 loci
808 3746 896 3796 fortius
908 3750 999 3811 aliquid
1011 3750 1199 3811 poscit‚nempe
1211 3751 1296 3808 etiam,

163 3828 210 3875 tui.
236 3827 337 3875 Rectius
353 3832 414 3888 puto
430 3825 589 3874 Bothianum.
751 3826 791 3872 sai
809 3825 859 3877 ἐπὶ.
895 3826 936 3876 Sic
953 3832 1036 3874 autem
1052 3827 1122 3889 prius
1140 3830 1177 3875 ret
1194 3826 1295 3885 sufficit,

199 3907 296 3964 Quibus
312 3908 406 3955 terite
422 3907 445 3952 si
460 3905 597 3965 superstite
613 3905 708 3951 Iucuu·
751 3903 797 3950 nisi
813 3904 839 3951 iu
856 3906 989 3966 posteriore
1005 3909 1043 3953 ret
1062 3907 1141 3953 maius
1158 3905 1295 3968 periculum

162 3987 205 4033 da.
232 3984 273 4033 Sic
290 3984 384 4046 legitur
394 3983 421 4030 in
431 3983 546 4046 plurimis
558 3981 636 4030 MSS.
653 3982 710 4030 Du·
751 3980 881 4031 indicetur.
916 3982 988 4044 Quod
1005 3998 1055 4031 non
1071 3985 1296 4033 uideoessemaius

162 4063 241 4121 ricre,
267 4068 296 4110 ut
317 4062 378 4110 mihi
394 4062 500 4118 videtur,
520 4060 709 4108 constructione.
751 4059 776 4106 in
801 4063 891 4109 ultima
915 4063 973 4109 sinu
1000 4061 1143 4108 Occidentis
1170 4076 1245 4124 quam
1270 4062 1296 4108 in

161 4141 292 4192 Bentleius
314 4147 398 4189 tamen
422 4141 463 4188 hic
487 4139 638 4202 singularem
663 4138 710 4187 ele·
750 4139 817 4201 iupis
835 4141 941 4201 Alpium
958 4144 982 4186 ct
999 4139 1145 4200 icmspttati
1174 4148 1294 4189 Caucaso.

162 4221 275 4283 gantiam
292 4219 360 4269 videt
376 4227 400 4268 et
416 4220 535 4283 explicat:
552 4218 650 4280 Quibus
658 4218 711 4266 vita
751 4214 841 4265 Omnia
857 4223 916 4264 sunt
932 4230 1007 4278 aeque
1024 4216 1168 4278 periculosa.
1194 4218 1295 4267 Malim:

162 4301 283 4357 iucunda,
309 4300 329 4348 si
354 4306 379 4347 te
404 4300 535 4362 superstite
560 4299 663 4354 cicitur,
690 4297 710 4344 si
752 4296 791 4343 Et
803 4297 1027 4356 Occidentisasquc
1035 4297 1069 4341 ad
1080 4296 1196 4344 ultimum
1205 4297 1296 4346 11111111.
