2916 5220
536 338 707 400 LIBER
759 340 801 399 li.

333 526 462 587 llirisus
483 522 613 595 oblato,
638 528 778 587 remittas
896 593 902 603 ,

376 627 550 706 Quaerere,
576 647 630 689 uec
653 627 793 710 trepides
817 632 848 689 iu
874 650 959 689 rustum

102 860 177 907 brnm
187 870 213 908 et
224 860 407 923 Scythen,nen
419 859 546 907 commode
556 859 650 905 dictum
691 861 798 907 iniuria.
832 859 900 908 Haec
918 859 1037 909 Olrrmues
1055 860 1111 908 dicit
1130 861 1237 915 Sinmni,

100 946 145 987 est.
183 940 250 987 Nam
278 939 385 1001 Hispani
406 937 525 986 Romanis
548 937 650 1000 oppositi
690 940 770 1002 ipsum
796 940 904 1001 quetidie
929 939 1024 988 iniuriis
1045 942 1163 989 ιιιιιιιιιιιὶ,
1199 940 1235 989 lbi

99 1025 161 1064 sunt
180 1018 207 1064 in
227 1016 373 1077 Oecidente,
390 1032 458 1065 mare
475 1016 649 1064 Hadriaticum
691 1019 832 1077 Terentius,
858 1019 939 1066 minus
956 1020 1057 1071 Laetitia.
1078 1035 1153 1082 quam
1172 1035 1237 1067 ιιιιιιι·

99 1104 137 1143 est
153 1097 180 1144 in
196 1095 305 1146 Oriente.
330 1096 404 1157 Quod
422 1095 453 1143 ad
470 1093 588 1157 Scythas,
605 1094 649 1142 hos
689 1097 798 1161 scripsit,
814 1098 962 1162 scripsisset:
980 1100 1075 1147 eritius.
1095 1098 1154 1148 Puri
1165 1101 1238 1148 ιιιοιΙο

100 1182 167 1249 totae
175 1177 439 1240 reginnas,lllyrienm
448 1184 473 1224 et
481 1173 622 1230 Pannonia,
635 1189 651 1221 a
691 1176 826 1226 Sallustius
842 1178 871 1226 B.
887 1180 943 1241 lug.
957 1179 997 1226 52.
1026 1181 1112 1242 Neque
1128 1182 1236 1239 retranit,

99 1256 165 1302 mari
180 1254 323 1304 Hadriatiee
340 1255 494 1319 separabant.
520 1253 581 1314 Quis
600 1252 647 1300 ier·
689 1257 751 1318 quid
770 1259 861 1319 atialus
881 1258 959 1306 tertia
979 1262 1075 1320 neerei,
1099 1261 1237 1320 explorare.

99 1341 150 1390 ret,
171 1342 201 1382 ut
221 1334 268 1382 hoe
284 1343 355 1394 utar,
375 1334 474 1396 poetam
491 1330 649 1379 Amsteloda·
690 1335 729 1382 Ibi
759 1339 841 1384 mittit
869 1350 918 1384 non
950 1344 1011 1385 esset
1041 1335 1167 1385 Latinum.
1211 1339 1238 1387 si

99 1414 178 1461 mensi
195 1414 274 1462 amico
290 1412 448 1461 scribentem:
466 1410 541 1474 “qnid
557 1409 649 1472 cogitet
690 1414 767 1476 igitur
792 1414 910 1462 Horatius
933 1414 995 1463 tales
1020 1414 1146 1462 hominum
1166 1430 1238 1464 curas

99 1492 237 1551 Russus,tn
245 1493 316 1540 mitte
325 1505 450 1554 quaerere,
459 1489 503 1554 qni
514 1489 649 1537 divisussis
690 1494 725 1540 ita
742 1493 919 1556 reprehendere
936 1494 1009 1547 solet,
1032 1503 1058 1541 ut
1077 1494 1142 1547 diem
1159 1497 1239 1555 uruitte,

98 1571 195 1620 obiecto
202 1571 243 1620 Ya
254 1578 280 1620 et
292 1571 355 1619 mari
368 1571 466 1618 interno
479 1568 649 1617 meridionali?
689 1587 769 1635 neque
780 1572 895 1621 credibile
905 1582 941 1621 est
950 1572 1082 1635 Hirpinum
1093 1572 1237 1633 Quinctium

132 1652 261 1698 Remittat
273 1651 408 1708 Quaerere.
425 1648 477 1696 Pro
488 1649 582 1695 nrittus.
600 1647 649 1694 Ne·
690 1649 739 1697 iam
765 1650 808 1699 diu
833 1659 858 1699 et
878 1650 988 1713 quotidie
1004 1651 1161 1713 quaesivisse,
1180 1651 1237 1714 quid

98 1729 213 1777 cessitate
228 1728 309 1777 metri.
343 1728 401 1776 Non
422 1727 495 1776 credo
512 1741 565 1776 esse
582 1727 649 1774 Lati·
690 1729 816 1780 Cantaber
832 1739 856 1778 et
874 1730 979 1794 Scythes
993 1731 1237 1794 contemnentium·

98 1820 239 1863 aermnae
260 1807 312 1854 vidi
327 1806 479 1868 exemplum.
513 1805 580 1861 Alii,
599 1806 649 1852 iam
690 1809 740 1864 vis,
757 1808 850 1857 divisus
866 1809 961 1857 obiecto
977 1809 1085 1868 Hadria,
1105 1811 1238 1874 quaerendi

99 1886 231 1942 admoniti,
243 1892 370 1947 quaerant.
402 1885 452 1932 Vir
464 1883 551 1931 doetus
564 1890 588 1932 et
603 1884 648 1932 hu·
689 1902 788 1935 caussas
805 1903 854 1936 non
872 1889 974 1937 haberet
991 1895 1016 1938 et
1032 1904 1084 1938 esse
1101 1898 1182 1953 posset
1199 1906 1238 1939 se·

99 1965 284 2024 manns,10an.
298 1963 647 2014 GuilsteinemsinComm.
689 1981 775 2021 eurus,
802 1966 942 2016 verosimile
967 1967 1076 2030 videtur,
1101 1975 1239 2025 auctorem,

99 2046 188 2094 Horat.
206 2046 311 2108 specim.
329 2045 449 2103 secundo,
472 2043 609 2094 Crucenaci
626 2059 647 2092 a.
689 2053 769 2095 metro
785 2053 910 2103 eoactum,
927 2045 1051 2110 scripsisse
1067 2048 1183 2095 rentittus
1193 2064 1238 2111 pro

101 2126 177 2182 1847,
199 2124 260 2172 mihi
276 2124 383 2173 ostendit
400 2123 499 2172 Terent.
517 2123 600 2171 Andr.
613 2123 648 2172 V.
690 2127 786 2173 mittas.
816 2125 950 2175 Praeterea
967 2126 1102 2173 notandum
1120 2130 1238 2177 renattm

100 2206 122 2254 l.
146 2206 169 2255 7·
195 2204 238 2252 ubi
262 2203 454 2258 Ruhnkenium‚
479 2201 648 2250 doctissimum
688 2218 734 2268 pro
751 2207 857 2253 remitte.
886 2205 917 2252 In
935 2203 1052 2252 Terentio
1068 2206 1186 2253 ranutius
1197 2207 1237 2256 vel

99 2283 242 2332 latinitatis
262 2282 452 2337 aestimatorem,
465 2280 604 2328 laudavisse
624 2286 649 2328 et
689 2292 789 2346 propter
802 2283 947 2331 antecedens
959 2285 1048 2344 sopites
1057 2284 1237 2344 postulabatur.

99 2368 212 2409 nostrum
229 2362 311 2409 locum
329 2368 354 2409 et
371 2359 485 2410 Sallustii
501 2359 647 2420 elegat.
689 2364 786 2410 Auctor
811 2370 834 2411 et
860 2363 900 2411 hie
925 2363 1014 2411 melius
1039 2363 1173 2424 scripsisset
1198 2380 1236 2414 re-

99 2442 159 2490 Non
176 2456 228 2500 me,
246 2448 318 2504 puto,
336 2440 435 2502 fugerat
451 2440 499 2487 ista
515 2439 648 2494 annotati0‚
689 2442 771 2498 mitte,
789 2455 838 2489 non
855 2442 935 2504 potuit
952 2448 1051 2503 propter
1068 2456 1171 2504 sequens
1189 2448 1237 2491 tre·

98 2527 227 2584 praeterea
251 2534 317 2568 nune
341 2520 441 2584 quidem
462 2518 502 2566 vel
523 2532 536 2566 e
556 2519 648 2567 Iexieo
686 2523 759 2581 pidet
775 2522 802 2568 in
819 2536 899 2569 usaria.

98 2599 232 2648 Foreellini
257 2600 318 2647 talia
343 2605 401 2647 sunt
425 2597 530 2660 cognita.
562 2597 649 2660 Neque
724 2602 777 2648 Nec
806 2600 914 2663 trepides
943 2601 970 2646 iu
999 2613 1072 2646 rusum
1106 2601 1239 2648 Pereuntia

98 2679 212 2726 dixeram
223 2681 340 2727 remittas
352 2691 397 2741 pro
407 2678 521 2734 otnittes,
538 2676 580 2725 sed
592 2680 648 2726 mit·
690 2681 745 2727 ueni
760 2692 851 2739 puueu.
889 2678 1027 2740 Trepidure
1046 2680 1112 2735 (usui,
1133 2678 1237 2727 insolen-

98 2765 147 2806 tus.
181 2758 237 2806 Hoe
248 2757 370 2806 volebam.
393 2757 522 2804 Remittus
534 2771 579 2818 pro
592 2758 649 2805 mit·
691 2758 738 2805 tior
759 2756 930 2814 Graecismus,
955 2770 1035 2820 nequo
1057 2759 1239 2821 comparandus

98 2844 140 2884 tas
156 2851 207 2884 non
223 2843 261 2885 est
280 2842 381 2884 exactae
397 2835 553 2894 Latinitatis,
569 2850 649 2898 neque
690 2850 747 2883 eum
767 2836 813 2883 illo
834 2838 917 2884 desine
937 2838 1095 2898 querelarum
1112 2842 1137 2885 et
1153 2836 1237 2884 sirnili-

97 2916 261 2980 compositum
277 2921 302 2964 et
318 2915 426 2978 simplex
442 2915 515 2977 plane
532 2915 598 2964 idem
615 2916 647 2963 si·
690 2915 744 2963 bus.
782 2915 921 2977 Trepidure
944 2916 971 2962 in
997 2930 1070 2964 usum
1090 2917 1156 2971 ueoi,
1177 2915 1239 2964 ratio

97 2997 225 3056 gnifieant.
260 2996 357 3042 Mittas
377 3010 509 3056 quaerere,
530 3000 567 3043 est
583 2995 648 3044 idem
689 2994 812 3042 scribendi
823 3007 873 3041 non
884 3000 922 3042 est
933 2993 1019 3041 aetatis
1031 2993 1170 3057 Augustae.
1190 2995 1238 3045 Sed

96 3075 164 3136 quod
190 3091 221 3123 ue
244 3089 346 3136 quaere,
372 3088 403 3121 ue
420 3074 571 3137 quaesieris,
597 3077 649 3122 uolt
690 3074 760 3130 vide,
788 3087 863 3136 quam
888 3087 937 3121 non
963 3073 1093 3122 conveniat
1117 3075 1240 3124 sternentia

95 3170 224 3215 qrmerere.
241 3153 328 3202 Horat.
341 3153 362 3201 1.
372 3152 456 3202 Garun.
466 3152 540 3209 38,3.
568 3152 647 3202 Mitte
689 3166 746 3199 eum
764 3150 930 3214 sequentibus.
952 3150 1034 3198 llomo
1051 3151 1147 3198 sobrius
1160 3169 1239 3215 putten

94 3235 205 3290 secturi,
230 3247 262 3280 ne
286 3240 387 3281 sectare.
421 3231 498 3280 XIII.
516 3232 595 3294 Eposl.
623 3235 646 3284 7.
689 3230 776 3291 poscit,
804 3229 964 3292 philosophus
984 3229 1103 3277 nimirum
1124 3231 1154 3279 ‹le
1175 3247 1238 3293 parm

97 3312 209 3360 Caetera
225 3313 296 3359 nuitte
307 3312 388 3374 aqui,
406 3324 437 3359 ne
448 3310 556 3373 loquere.
577 3310 647 3359 Idem
688 3316 714 3358 et
734 3324 800 3371 aqua
821 3310 903 3358 vivere
920 3315 1049 3357 eontentus
1065 3316 1153 3371 petest.
1188 3312 1237 3360 sut

95 3391 157 3439 alibi
181 3391 302 3453 expressit
325 3405 370 3453 per
383 3390 450 3452 supe
468 3405 600 3450 quaerere,
618 3406 648 3439 ne
689 3387 774 3435 vinum
792 3388 941 3447 Falernum,
960 3388 1026 3451 Syra
1043 3388 1144 3448 nardus,
1160 3404 1237 3449 resae,

95 3471 241 3532 qauuemeris.
264 3470 398 3517 Mittimus
410 3467 513 3530 aliquid,
525 3469 590 3531 quod
603 3469 646 3528 sic,

95 3548 171 3606 olim,
187 3562 267 3605 nune,
284 3547 364 3596 faeere
378 3546 522 3609 incepimus.
548 3548 646 3595 Remit-

95 3632 188 3688 ttmus,
208 3628 275 3689 quod
292 3641 377 3689 saepe,
397 3627 486 3674 iterata
502 3639 573 3682 eura,
591 3624 646 3673 feei·

95 3721 172 3765 mus,
196 3714 222 3755 et
248 3706 359 3754 facimus.
399 3704 531 3753 Messenes
555 3705 646 3762 semel,

94 3787 186 3848 plane,
210 3784 290 3834 faeere
314 3798 455 3832 cessamus:
480 3784 646 3837 remittimus,

95 3865 220 3923 studium,
245 3865 276 3912 de
300 3864 384 3911 studio
409 3862 513 3911 faciendi
540 3862 644 3910 remitti-

95 3957 171 4002 mus,
189 3943 301 3990 studium
322 3957 371 3990 non
389 3956 489 4004 prorsus
508 3942 645 4003 abiieimus,
665 3934 669 4055 ¹

95 4023 139 4070 sed
156 4022 300 4070 minuimus.
330 4021 408 4070 Utin
426 4020 554 4070 Terentio:
576 4025 645 4080 Vide,

94 4115 173 4163 prium
186 4101 290 4162 inienuus
305 4101 340 4148 ris
355 4114 419 4161 prae
433 4101 530 4158 nudie,
546 4102 606 4149 dum
619 4103 648 4150 id

93 4179 206 4240 efficias,
230 4181 297 4241 quod
320 4181 400 4239 cupis.
435 4179 522 4240 Neque
546 4182 646 4229 nudum

93 4258 271 4319 pertenentis,
287 4272 366 4319 neque
381 4257 443 4318 quid
458 4271 525 4314 ores,
543 4260 645 4320 aeuitur.

96 4337 168 4384 Nam
188 4338 212 4383 ai
230 4336 468 4398 aequamentum
484 4352 523 4385 nte
541 4351 647 4386 onnure

689 3468 760 3531 Lyde
784 3483 842 3516 cum
868 3468 975 3523 eithara,
999 3482 1049 3516 non
1070 3476 1129 3516 sunt
1151 3483 1236 3532 ιιιιιιιειι.

688 3549 763 3596 Nune
779 3549 855 3611 igitur
872 3547 918 3595 hoe
935 3546 995 3595 ‹lieit
1011 3547 1095 3610 potita:
1117 3547 1236 3597 “l'aucis·

688 3627 756 3675 simis
773 3627 799 3675 in
816 3626 884 3675 brevi
902 3626 954 3674 vita
970 3641 1031 3690 opius
1044 3633 1088 3676 est.
1115 3628 1184 3686 Ergo
1202 3628 1236 3676 in·

688 3706 835 3769 dulgeamus
851 3706 933 3768 genio,
955 3713 980 3754 et
996 3720 1086 3768 carpus
1103 3705 1178 3770 probe
1195 3721 1236 3754 eu-

688 3799 783 3843 remus,
810 3784 906 3832 Musiee
928 3784 1065 3832 vivamus.”
1099 3784 1174 3847 Sequi
1196 3785 1236 3831 ‹le-

689 3863 793 3912 buissct:
811 3867 887 3926 “ergo
899 3863 976 3910 vitam
989 3876 1093 3925 agamus
1105 3862 1236 3923 frugalem,

687 3949 725 4000 et,
742 3949 769 3988 ut
787 3941 912 3999 Socrates,
930 3941 1051 3988 ‹lieamntz
1064 3954 1138 4003 ‹puatn
1157 3940 1237 3989 multa

688 4035 736 4068 non
763 4021 900 4069 desidero!”
946 4021 1085 4081 Treputure
1112 4021 1139 4067 in
1164 4036 1237 4069 uuum

687 4101 741 4148 ueni
749 4098 891 4146 Meinekius
900 4097 1008 4160 explicat
1019 4113 1050 4145 ex
1060 4098 1156 4146 Graues
1170 4098 1236 4148 uteriui

687 4177 821 4244 φοβεῖσθαι
837 4183 975 4233 structura,
996 4191 1046 4239 quta
1062 4191 1121 4224 ιιιιιιιι
1138 4185 1176 4225 eat
1193 4178 1236 4227 Su-

687 4256 786 4321 phoeles
807 4255 894 4319 Oelip.
915 4256 945 4306 lt
963 4256 1019 4305 980,
1041 4255 1076 4314 εἰς
1094 4259 1125 4305 τὰ
1142 4259 1237 4322 μητρὸς

686 4339 721 4400 μὴ
738 4334 820 4399 φοβοῦ
838 4335 1011 4399 νυμφιύμιιτιι.

1030 4414 1102 4479 10*
