2916 5220
651 317 980 380 CillllllNUM.

428 504 582 588 Princeps
606 503 759 567 Aeolium
782 524 912 568 carmen
936 503 977 566 all
1002 502 1105 567 Italos

429 606 612 672 Deoluxisse
635 606 760 671 modos
808 606 908 672 Sume
931 606 1118 691 superbiam

429 710 620 790 Quaesitum
643 710 792 792 metilia,
816 715 850 774 et
872 709 954 773 mihi
980 707 1142 794 Delphica

426 814 533 879 Lauro
555 814 652 898 cinge
674 814 810 890 volens,
835 813 1061 898 Melpomene,
1085 832 1224 877 comam.

247 980 310 1027 quo,
327 965 363 1012 ito
378 964 476 1013 dietam.
511 964 617 1014 Caetera
633 972 735 1012 suntex
745 964 796 1012 He
836 963 967 1012 verborum
996 964 1062 1012 in'o
1086 976 1137 1011 non
1159 969 1253 1011 temere
1274 964 1385 1026 corripie

247 1045 377 1107 ratio,qui
391 1047 512 1107 Apuliam
524 1044 621 1091 vocavit
633 1045 796 1092 siticulosum.
836 1042 909 1104 bont,
934 1042 1057 1106 Virgilius
1081 1048 1106 1091 et
1131 1042 1252 1090 Horatius
1278 1042 1304 1089 in
1329 1041 1385 1091 Odis

247 1124 293 1170 Ex
311 1125 400 1171 humili
414 1129 503 1185 potens
514 1129 551 1170 est
562 1123 729 1171 Horatianum
740 1136 798 1169 oon·
837 1136 974 1185 nunquam.
999 1123 1107 1186 Deque
1123 1137 1151 1171 re
1167 1135 1227 1170 vere
1241 1128 1269 1169 ot
1286 1121 1386 1185 diligen·

247 1204 303 1263 puis
322 1218 464 1264 pauperum
484 1207 620 1265 parentum
639 1208 663 1248 et
680 1202 798 1249 libertino
837 1208 875 1248 ter
891 1201 1007 1249 disseruit
1024 1200 1166 1262 Lennepius
1188 1200 1221 1246 ed
1238 1198 1325 1248 Ovidii
1339 1201 1386 1249 He

246 1287 322 1343 patre
338 1287 422 1330 natus.
836 1280 898 1328 roid.
920 1280 984 1329 XV.
999 1281 1041 1329 32.
1075 1279 1201 1328 Martialis
1221 1280 1324 1342 quidem
1340 1280 1386 1328 ΠΙ.

281 1361 358 1409 Sume
378 1360 522 1422 superbiam
550 1359 699 1417 Quaesitum
721 1357 797 1405 meri·
837 1359 923 1421 Epigr.
940 1359 981 1407 60.
1017 1361 1085 1408 Sunt
1105 1359 1152 1407 titi
1171 1359 1253 1406 boleti.
1290 1361 1387 1423 Funqos

248 1439 290 1497 tis,
307 1441 411 1487 etmihi
428 1439 562 1501 Delplst'oo.
593 1435 797 1485 Hemsterhusius
837 1454 879 1500 epo
895 1454 967 1487 tomo
983 1440 1075 1487 suillos.
1110 1437 1160 1486 Sed
1176 1435 1221 1484 illo
1237 1438 1264 1485 in
1282 1438 1330 1485 hoo
1346 1454 1385 1501 ge-

247 1517 358 1579 legebot:
381 1519 458 1566 Suom
477 1519 620 1580 superbiam
648 1516 797 1574 Quaesitum
837 1532 896 1566 nere
911 1525 948 1566 est
964 1518 1142 1581 negligentior,
1158 1523 1183 1565 ot
1204 1516 1247 1564 diu
1264 1524 1322 1578 post
1340 1519 1386 1567 Ho-

248 1596 352 1646 meritie.
381 1598 421 1644 Tu
437 1597 500 1643 mihi
515 1596 646 1657 Delphice.
671 1592 798 1641 Laudas-it
837 1598 928 1644 ratium
946 1597 1017 1645 vixit.
1051 1596 1186 1644 Praetereo
1207 1596 1291 1658 magis
1316 1599 1387 1659 poeti·

248 1677 414 1724 coniecturam
431 1675 555 1724 Valcken.
573 1674 604 1722 ao
621 1674 723 1736 Frogm.
740 1673 797 1722 Ele·
838 1691 896 1723 eum
912 1684 950 1725 est
965 1692 1041 1725 eunte.
1075 1675 1196 1723 Horatius
1218 1674 1322 1724 Musam
1341 1678 1388 1741 Ly·

249 1755 320 1816 giaco
337 1753 485 1804 Callimachi
502 1769 559 1816 pag.
574 1755 596 1802 4.
615 1753 681 1802 etin
700 1751 798 1802 Scholis
837 1756 913 1803 rioam
931 1770 944 1804 e
961 1755 1068 1805 Greooie
1082 1757 1109 1803 in
1125 1754 1228 1803 Italiam
1243 1753 1388 1804 deduxerat.

248 1834 280 1881 orl
297 1834 329 1882 N.
348 1834 378 1882 T.
395 1833 455 1881 Vol.
473 1834 493 1882 Ι.
511 1848 567 1894 pag.
578 1833 635 1882 328.
653 1833 689 1880 ito
705 1832 797 1880 attulit.
837 1835 899 1883 Erat
916 1836 976 1884 haee
993 1849 1040 1882 sua
1056 1834 1141 1882 Musa.
1174 1835 1281 1893 “Sume,
1299 1836 1388 1898 inquit,

250 1911 299 1960 Sed
316 1913 406 1968 obstat,
422 1913 489 1974 quou
500 1912 559 1960 boni
570 1913 707 1975 scriptores,
718 1918 798 1959 aetate
837 1913 976 1975 superbiam
994 1914 1130 1975 quaesitam
1150 1912 1245 1962 meritis
1261 1917 1300 1963 tui
1318 1915 1389 1965 votis,

248 2004 345 2052 quoque
370 1991 504 2050 Augusto,
533 1991 646 2039 ultimam
674 1991 797 2054 syllabam
838 1999 862 2042 et
879 1992 940 2040 mihi
957 1994 1029 2054 cinge
1047 2005 1142 2039 comum
1159 1992 1258 2041 lauro.''
