2916 5220
645 318 962 381 (trilllleUltl

412 502 571 579 Venator,
596 507 725 565 tenerae
748 501 897 585 coniugis
922 501 1113 581 immemor,

413 605 476 669 Seu
500 604 571 669 visa
593 610 644 669 est
667 603 784 669 catulis
808 626 902 669 cerva
924 603 1095 685 fidelibus,

414 709 479 774 Seu
502 709 592 793 rupit
616 714 732 775 teretes
757 709 886 773 Marsus
910 730 987 793 aper
1010 707 1134 792 plagas.

413 812 467 876 Me
491 811 660 876 doctarum
685 812 821 877 hederae
843 811 989 896 praemia
1012 809 1171 874 frontium

412 915 478 978 Da
501 919 629 979 misceat
652 919 786 999 superis.
835 916 889 978 Me
908 914 1045 1001 palidum
1068 935 1192 994 uenus,

415 1018 706 1103 Nympharumque
729 1018 817 1084 leves
841 1040 916 1083 eum
942 1016 1066 1101 Satyris
1090 1016 1180 1081 chori

417 1120 596 1185 Secernunt
619 1122 756 1207 popule:
783 1121 810 1186 si
835 1142 940 1205 neque
965 1119 1063 1185 tibias

417 1223 559 1308 Euterpe
583 1224 730 1306 cohibet,
755 1246 814 1290 nec
839 1224 1059 1308 Polyhymnia

414 1325 576 1390 Lesboum
600 1327 723 1412 refugit
748 1328 878 1393 tendere
902 1327 1062 1392 barbiton.

237 1476 279 1524 bat
290 1475 384 1538 aliquid
395 1476 426 1524 de
435 1483 513 1526 nocte.
531 1477 598 1527 Plin.
607 1478 657 1526 111.
673 1478 753 1541 Epist.
763 1480 784 1526 l.
822 1478 903 1541 ipsum
925 1477 1075 1541 intelligitur
1096 1492 1109 1526 e
1126 1477 1207 1526 choris
1224 1477 1376 1541 Satyrorum

237 1556 323 1603 Sumit
340 1557 438 1616 atrputc
454 1558 484 1606 de
499 1563 577 1607 nocte.
603 1557 672 1605 Idem
686 1558 735 1606 IX.
744 1559 785 1606 40.
822 1557 1042 1620 etNympharum.
1069 1556 1188 1606 Sumtum
1200 1562 1280 1604 estex
1292 1556 1377 1618 Epist.

238 1637 353 1683 Multum
377 1637 408 1683 de
430 1640 512 1693 nocte,
535 1635 573 1682 vel
594 1640 654 1683 cute
673 1636 712 1682 vel
730 1640 786 1697 post
822 1635 858 1685 Π.
879 1637 903 1685 2.
926 1637 966 1689 77.
1001 1636 1161 1698 Scriptorum
1181 1636 1272 1683 chorus
1297 1637 1378 1683 orariis

237 1716 315 1772 «turn,
332 1716 452 1761 arrrrritur.
478 1711 572 1761 Seneca
582 1713 630 1774 Ep.
643 1711 697 1761 122.
726 1713 784 1762 Cir·
822 1720 894 1765 emat
910 1730 1008 1775 nemus,
1024 1721 1049 1764 et
1059 1715 1134 1777 fupr't
1154 1715 1232 1762 urbes.
1266 1711 1375 1776 Compa-

237 1794 421 1840 cumscrr'butur
442 1807 502 1850 noa,
526 1796 552 1839 et
572 1793 672 1854 aliquid
691 1808 723 1841 eu
739 1794 786 1841 itta
823 1795 915 1843 raudus
932 1801 1016 1843 autem
1033 1792 1162 1842 Ausonius
1173 1790 1254 1854 Epist.
1264 1792 1307 1839 24.
1331 1794 1378 1840 Me

237 1873 266 1918 tu
288 1872 353 1920 diem
379 1870 561 1932 transferatur.
594 1869 736 1920 Columella
756 1872 786 1920 de
824 1875 884 1936 iupa
909 1875 1079 1936 Burdipulue,
1107 1875 1176 1921 trino
1206 1886 1245 1919 me
1261 1871 1378 1932 flumina

238 1950 269 1998 R.
293 1950 367 1998 Rust.
392 1949 446 2006 XI,
471 1949 496 1997 2.
530 1951 597 1998 Noui
617 1956 702 2000 autem
723 1953 788 1999 ceris
824 1959 893 2002 coetu
929 1955 1068 2002 Secerrruut
1086 1953 1168 2000 turbis
1184 1951 1359 2012 popularibus.

237 2030 393 2090 principium
415 2045 464 2077 uou
480 2030 516 2077 rte
532 2031 660 2078 obseruare
676 2032 788 2078 rusticus
859 2031 997 2080 decernunt
1012 2031 1108 2091 populo.
1134 2028 1242 2077 Diversa
1258 2033 1320 2075 sunt
1331 2027 1375 2075 ho·

239 2109 317 2164 debet,
333 2113 363 2154 ut
379 2113 503 2169 exspectet
519 2112 615 2156 certum
631 2109 696 2156 diem
706 2109 787 2168 illum,
825 2107 921 2155 minum
939 2107 1029 2155 studia.
1065 2107 1093 2156 Si
1110 2109 1195 2168 potitae
1212 2106 1258 2155 illa
1272 2119 1376 2154 enume-

238 2189 284 2248 pui
304 2189 369 2234 ceris
389 2189 493 2235 initium
503 2187 595 2248 secere
610 2188 720 2234 dicitur:
746 2188 789 2234 sed
815 2183 956 2246 ratmunt,
973 2186 1063 2234 addere
1080 2185 1170 2244 solent,
1188 2185 1253 2248 quod
1264 2183 1378 2232 studium

239 2266 338 2328 utipur'd
358 2267 436 2313 etiam
454 2271 539 2314 sumet
555 2267 586 2314 de
600 2269 677 2328 purte
693 2266 788 2313 diarria
825 2265 872 2328 ipsi
889 2272 1037 2328 sequantur,
1058 2264 1098 2312 vel
1114 2264 1184 2327 sequi
1201 2269 1299 2319 ament,
1316 2263 1377 2326 quid

272 2347 318 2394 Me
334 2348 465 2395 docturum
477 2348 581 2395 hederae
589 2345 705 2407 praemio
710 2343 786 2404 frou·
825 2344 873 2406 ipsi
898 2344 960 2403 sint,
985 2344 1025 2392 rel
1051 2357 1103 2392 esse
1128 2349 1221 2405 optent.
1257 2341 1378 2390 Horatius

240 2428 314 2474 tiunr.
346 2425 460 2474 Broukh.
485 2424 526 2472 hic
546 2424 680 2487 legendum
704 2428 787 2486 putat:
825 2437 878 2472 esse
900 2423 1000 2486 optabat
1017 2423 1089 2485 po'eta
1105 2421 1226 2486 Lyricus,
1248 2421 1270 2468 si
1288 2421 1379 2469 Musae

242 2506 289 2563 Te,
306 2511 331 2553 et
347 2518 407 2552 mox
426 2506 461 2553 Te
477 2505 585 2566 pelidem
598 2517 691 2552 ueritus.
720 2503 788 2551 Lau·
825 2500 945 2550 faverent.
986 2502 1035 2552 Sed
1060 2502 1081 2550 si
1106 2502 1221 2559 hederae,
1247 2501 1378 2549 doctarum

240 2583 294 2630 dari
305 2583 372 2632 enirn
381 2582 533 2632 Maecenatis
545 2595 653 2629 amorem
665 2595 725 2643 erga
736 2587 788 2628 stu·
825 2580 944 2629 frontium
961 2580 1083 2643 praemia,
1100 2580 1152 2630 iarn
1168 2595 1225 2629 eum
1236 2581 1328 2643 populo
1339 2595 1377 2631 se·

241 2661 310 2709 dium
332 2661 463 2722 poeticum.
496 2661 562 2708 Nam
585 2659 606 2706 si
627 2659 688 2708 haec
708 2659 791 2707 omnia
827 2665 965 2718 cernerent,
983 2666 1036 2708 erat
1052 2661 1135 2722 poeta,
1152 2658 1291 2720 excellens,
1302 2660 1377 2723 Lyri-

242 2739 273 2785 ad
290 2738 372 2799 ipsum
389 2738 523 2787 Horatium
539 2737 688 2796 referantur,
710 2737 792 2800 inepte
827 2752 883 2797 cus,
896 2738 992 2787 hederis
1005 2744 1113 2787 ornatus.
1135 2740 1202 2787 Nam
1214 2743 1316 2802 propter
1327 2755 1378 2789 ser-

241 2816 329 2865 subiici
346 2820 427 2880 “quod
442 2819 465 2865 st
481 2832 520 2864 rue
537 2818 623 2879 tprtcr's
640 2819 739 2866 vatibus
749 2819 791 2866 in·
827 2830 925 2876 mones,
943 2817 964 2865 si
981 2831 1118 2877 sermones,
1135 2826 1163 2866 ut
1175 2817 1230 2866 vult
1242 2819 1379 2878 Bentleius,

241 2897 329 2945 acrbl'
365 2898 401 2944 Tc
417 2897 548 2944 doctarum
565 2909 662 2959 quoque
678 2896 722 2945 alii
736 2912 790 2945 ma·
828 2895 927 2944 bierunt
950 2895 1061 2958 primum
1081 2896 1149 2945 illius
1170 2912 1244 2961 opus,
1270 2901 1380 2960 praemia

242 2973 357 3034 luerunt,
378 2974 403 3022 in
426 2973 515 3037 quibus
532 2974 648 3024 Wolfius.
680 2977 753 3025 Fusc.
771 2977 792 3026 I.
828 2976 956 3024 doctarum
981 2975 1099 3024 frontium
1121 2976 1237 3025 sibinen
1258 2985 1380 3037 sumeret,

243 3056 361 3105 Aualect.
379 3055 485 3104 Literar.
509 3054 559 3104 Sed
575 3054 630 3102 laus
642 3055 793 3105 Maecenatis
828 3067 907 3117 neque
923 3055 1036 3117 Epodos,
1053 3061 1120 3103 certe
1136 3062 1194 3104 ante
1211 3056 1258 3105 hoe
1269 3072 1380 3116 carmen,

244 3147 293 3181 non
310 3135 370 3182 adeo
386 3133 532 3182 cernebatur
548 3132 602 3195 ipsa
613 3135 711 3194 poeseos
721 3149 791 3182 exer-
829 3133 935 3182 scribere
950 3133 1038 3196 potuit.
1064 3135 1111 3182 Est
1127 3135 1189 3184 adeo
1205 3136 1231 3184 in
1247 3145 1381 3187 reccmuut

244 3212 371 3271 citatione,
388 3227 463 3275 quarn
474 3211 564 3260 favore.
586 3212 699 3260 Hederae
710 3219 793 3261 autem
829 3212 947 3261 iaetantia
957 3214 1078 3276 quaedam
1090 3221 1115 3262 et
1125 3215 1252 3277 superbia,
1268 3216 1380 3264 nondum

244 3298 315 3341 erant
331 3291 552 3354 praemissarum,
567 3304 616 3338 non
628 3296 794 3351 patronorum.
830 3293 924 3341 meritis
939 3294 1062 3357 quaesita,
1079 3293 1122 3342 sed
1138 3294 1219 3342 adhuc
1230 3296 1381 3358 quaerenda.

245 3372 377 3421 Praeterea
393 3371 467 3433 longe
483 3368 552 3418 aliud
568 3369 678 3417 studium
695 3370 793 3419 Maece·
830 3373 946 3420 Fortasse
957 3372 1067 3435 scripsit:
1084 3379 1215 3421 recenant
1224 3375 1323 3436 populo.
1339 3373 1382 3423 Ita

245 3457 329 3499 natam
346 3451 383 3498 dis
400 3448 496 3512 superis
512 3447 638 3497 miscebat.
830 3452 904 3514 Virg.
921 3452 958 3500 ΙΙ.
983 3451 1074 3514 Georg.
1096 3451 1154 3502 475.
1189 3454 1235 3501 Me
1250 3469 1309 3502 uere
1321 3457 1380 3516 prr*-

280 3531 331 3576 Dir
355 3531 458 3578 misceat
477 3531 583 3590 ruperis.
622 3529 667 3575 Mc
686 3528 795 3588 pelidem
831 3547 900 3579 mum
919 3533 1004 3579 dulces
1025 3540 1086 3581 ante
1105 3533 1189 3579 omnia
1207 3533 1299 3580 Matreu
1313 3534 1380 3580 ucci-

246 3623 341 3657 ueruua.
374 3608 487 3656 Hederae
503 3622 543 3656 me
560 3608 607 3655 Dis
624 3605 740 3666 miscent,
757 3606 792 3655 fa·
828 3611 915 3671 piant.
949 3608 1063 3672 Propert.
1090 3609 1139 3657 III.
1169 3608 1192 3656 I.
1228 3610 1383 3660 Calliruuclri

247 3685 316 3733 ciunt
338 3699 378 3733 me
399 3685 490 3732 Deum.
524 3685 593 3747 Ergo
617 3684 668 3732 iam
693 3683 795 3733 hederas
831 3704 915 3738 martes
931 3695 957 3738 et
977 3690 1022 3739 Cot
1038 3705 1111 3739 sucro
1128 3690 1312 3748 Philetae,1rr
1328 3704 1380 3737 ues-

247 3775 301 3813 erat
324 3769 478 3812 consecutus.
517 3764 551 3812 Et
575 3763 659 3811 statim
685 3763 795 3824 dubitat,
832 3773 902 3816 trum
918 3784 1006 3830 quaeso
1023 3784 1062 3817 me
1076 3771 1153 3817 riu-tte
1169 3770 1314 3816 treueraus.
1334 3767 1380 3817 Τί-

237 3858 280 3898 ιη
304 3845 415 3905 Euterpe
439 3849 463 3891 et
491 3841 662 3905 Polyhymnia
686 3843 733 3890 sibi
757 3844 793 3892 fa·
832 3845 892 3894 bull.
910 3847 936 3905 I,
957 3848 978 3894 l.
1013 3849 1129 3896 Diuitias
1153 3848 1221 3895 atius
1235 3844 1312 3907 fulco
1332 3847 1383 3894 sibi

248 3928 330 3970 scant.
364 3919 473 3970 Mtrceor
497 3921 538 3969 dtr
553 3925 652 3984 superis
676 3922 795 3984 majorem
831 3933 947 3987 conparat
969 3941 1032 3974 auro
1048 3952 1078 3959 —
1103 3927 1148 3972 Me
1168 3939 1223 3971 meu
1243 3930 1384 3984 paupertas

247 4001 390 4051 felicitatem
412 4000 552 4063 significat,
586 4016 662 4064 quarn
694 4004 796 4051 subituri
831 4005 899 4053 uitae
916 4007 1036 4054 traducat
1052 4006 1140 4052 inerti.
1174 4002 1287 4050 Modeste
1303 4016 1381 4050 secer-

241 4082 313 4142 ferio
328 4083 411 4129 sideru
428 4082 528 4128 uertice.
552 4079 688 4140 Sententia,
699 4088 728 4129 ut
739 4096 793 4130 ver·
831 4090 904 4131 naut.
938 4083 1031 4132 Vivam
1053 4082 1117 4141 ruri,
1143 4081 1169 4128 in
1191 4081 1254 4138 otio,
1280 4079 1342 4127 mihi
1359 4089 1384 4128 et

248 4175 290 4207 sus
313 4174 379 4208 nunc
399 4159 530 4221 leguntur,
547 4159 583 4207 ita
599 4159 719 4222 procedit:
742 4160 793 4209 He·
832 4162 924 4221 Musis,
939 4163 981 4210 ubi
996 4177 1090 4226 sperem
1104 4161 1215 4219 hederae,
1226 4167 1250 4207 et
1266 4175 1383 4222 spernam

248 4236 320 4282 derue
344 4250 384 4283 me
408 4236 502 4285 faciunt
527 4239 618 4287 Deum.
653 4238 681 4288 Si
706 4239 795 4288 Musae
831 4240 931 4302 vulgus.
967 4241 994 4290 si
1016 4243 1105 4291 Musae
1128 4239 1239 4297 faveant,
1266 4239 1321 4304 quis
1342 4255 1384 4288 rne

249 4313 360 4373 faueant,
379 4329 418 4363 ero
435 4315 597 4386 felicissimus.
636 4318 729 4365 Neurus
745 4317 794 4366 iarn
832 4318 934 4367 felicior!
