2916 5220
594 319 619 380 L
634 319 650 379 I
665 319 689 379 ll
702 317 728 381 lt
742 319 770 381 lt
816 317 873 380 lV.
1232 322 1297 383 373

297 507 476 587 Barbarus,
501 503 583 572 heui
607 503 731 567 cineres
755 502 889 567 insistet
912 502 1033 585 victor,
1058 509 1093 568 et
1117 504 1240 569 Urbem

339 609 449 694 Eques
475 610 612 672 sonante
635 605 822 670 verberabit
847 606 988 690 ungula,

294 711 447 796 Quaeque
471 716 582 775 carent
605 709 713 774 ventis
738 715 771 774 et
795 709 939 792 solibus,
964 731 1038 775 ossa
1061 710 1208 792 Quirini,

339 813 439 879 Nefas
463 813 588 896 videre,
613 812 792 897 dissipabit
819 812 983 876 insolens!

295 919 408 999 Forte,
425 917 505 1002 quid
521 915 694 1001 expediet,
712 915 931 980 communiter
954 920 1012 980 aut
1030 914 1147 980 melior
1162 937 1237 1000 pars

341 1020 438 1085 Malis
463 1041 569 1085 carere
592 1018 752 1104 quaeritis
776 1019 969 1084 laboribus?

194 1235 343 1291 Barbarus,
361 1235 422 1282 beu!
439 1234 534 1283 eineres
550 1234 653 1281 insistet
670 1233 704 1280 ei·
748 1232 827 1280 ratius
855 1234 932 1282 nescit
957 1235 1060 1298 ideoque
1080 1239 1164 1295 rogat,
1185 1246 1216 1278 en
1235 1230 1296 1279 forte

158 1317 221 1360 etar.
239 1309 389 1360 Credohaec
407 1311 441 1358 ita
457 1325 509 1359 esse
521 1311 706 1374 transponenda
748 1311 826 1359 velint
843 1311 937 1376 aliquid
954 1319 979 1362 et
995 1319 1126 1376 quaerant,
1149 1318 1178 1358 ut
1194 1325 1210 1357 a
1223 1309 1296 1357 melis

157 1396 184 1437 et
208 1389 296 1438 leviter
316 1390 446 1439 mutanda:
479 1391 598 1453 Quaeque
619 1395 706 1438 carent
747 1389 891 1439 liberentur.
934 1389 962 1440 si
986 1391 1093 1440 Romani
1118 1389 1295 1446 deliberarent,

157 1469 281 1518 sentiret
297 1471 387 1518 solibus
403 1484 457 1518 ossa
474 1471 580 1528 Quirini
613 1469 706 1531 (Nefas
748 1470 834 1517 siriam
852 1468 961 1518 facerent
973 1469 1080 1532 aliquid,
1091 1469 1161 1518 locus
1178 1475 1232 1518 erat
1248 1467 1295 1516 for·

158 1549 267 1610 uideret)
286 1551 420 1611 dissipabit
431 1551 538 1598 Insolens
555 1550 705 1607 Barbarus,
749 1548 841 1597 mulae.
880 1547 930 1597 Ubi
956 1548 992 1597 nil
1014 1554 1094 1611 agunt
1119 1555 1143 1596 et
1168 1548 1296 1596 dubitatur

159 1631 222 1678 beu!
239 1630 333 1677 eineres
349 1629 474 1676 insistens.
503 1629 589 1676 Victor
609 1633 635 1675 et
657 1629 706 1676 Ur·
748 1628 823 1677 etiem
840 1629 870 1676 de
887 1628 1028 1687 voluntate,
1050 1627 1129 1676 facere
1151 1627 1230 1677 velint
1250 1642 1296 1676 nec

157 1710 212 1756 bem
229 1708 315 1769 Eques
329 1712 432 1756 sanante
448 1707 588 1755 verberabit
604 1708 705 1767 unquis.
747 1723 791 1764 ne,
808 1708 878 1755 locus
899 1722 949 1755 non
970 1713 1014 1756 est.
1048 1707 1136 1770 Neque
1156 1706 1296 1760 istiusmodi

157 1785 250 1834 Melior
273 1784 300 1832 in
317 1785 355 1832 his
380 1784 502 1834 sententia
522 1791 548 1832 et
572 1784 705 1832 verborum
748 1786 869 1835 formulae
881 1792 972 1834 temere
984 1785 1155 1833 mutabantur.
1173 1783 1296 1833 Novimus

157 1863 219 1912 ordo
236 1869 363 1926 apparent¹
398 1862 510 1912 Insolens
521 1862 641 1910 barbarus
659 1863 706 1910 dis·
747 1868 812 1929 quod
829 1868 886 1914 bene
902 1870 999 1922 uniat,
1015 1867 1081 1928 quod
1089 1864 1296 1927 seiiafaustum·

157 1942 248 2005 sipabit
264 1957 320 1990 ossa
335 1942 450 1999 Romuli,
468 1942 527 1989 dum
544 1945 622 1991 victor
638 1942 704 1990 cine·
747 1960 794 2008 que
811 1946 858 2002 sit,
875 1946 942 2007 quad
956 1946 1014 1993 bene
1025 1946 1136 2000 eueniat,
1155 1943 1218 2002 alie,
1234 1959 1294 1992 nus-

158 2037 198 2070 res
222 2021 291 2068 illius
319 2019 416 2069 insistit.
467 2022 586 2084 Quaeque
618 2027 706 2070 carent
747 2037 822 2084 quam
850 2023 956 2086 legimus
985 2024 1051 2085 quod
1078 2024 1203 2084 expediat.
1240 2023 1297 2086 Ego

158 2101 248 2150 melius
265 2101 377 2164 sequitur
387 2099 504 2164 serisque
515 2116 607 2150 rursus
620 2116 656 2164 sq.
674 2102 704 2149 In
748 2103 904 2152 scribendum
922 2115 1021 2151 censeo:
1045 2102 1122 2150 Forte
1142 2104 1204 2164 quid
1224 2118 1295 2164 expe-

158 2179 271 2243 vulgatis
289 2181 426 2228 Barbarus
451 2181 499 2227 beu
519 2179 587 2227 deest
608 2179 704 2242 copula.
747 2170 1296 2243 diamCornmuniter,autmeiierpamMa-

157 2258 208 2307 Hie
224 2259 286 2306 mihi
301 2259 328 2306 in
348 2265 458 2306 mentem
480 2258 548 2306 venit
569 2258 706 2307 Erechielis
747 2258 778 2306 lis
792 2273 878 2308 carere
894 2259 1018 2321 quaeritis
1036 2258 1183 2306 laboribus?
1203 2259 1296 2309 “Forte

157 2336 299 2400 Prophetae
316 2335 418 2385 XXVI.
438 2337 476 2384 10.
494 2338 585 2385 Sonitu
595 2340 706 2400 equitum
747 2337 847 2400 aliquod
868 2337 999 2384 consilinm
1024 2336 1050 2384 in
1072 2336 1149 2384 tantis
1166 2336 1295 2385 calamita-

156 2422 183 2466 et
199 2422 314 2464 rotarum
336 2422 362 2464 et
377 2430 499 2464 curruum
516 2419 613 2464 naenia
623 2422 707 2465 vestra
748 2417 811 2465 tibus
828 2416 966 2480 expediam.
991 2414 1109 2464 Vultisne
1125 2415 1167 2475 iis,
1185 2415 1295 2464 universi

158 2496 332 2557 trepidabunt.
365 2496 471 2556 (lupulis
496 2509 614 2556 equorum
635 2497 706 2558 quid·
747 2511 780 2543 an
797 2495 886 2544 melior
907 2509 976 2557 pers,
998 2493 1113 2542 liberari?
1150 2493 1295 2557 Relinquite

156 2575 221 2637 quid
236 2575 264 2622 in
281 2575 328 2622 riis
345 2573 415 2620 urbis
430 2573 480 2620 erit
495 2579 616 2634 proteret.
748 2576 856 2624 Italiam.
878 2575 964 2622 Hocne
975 2573 1107 2622 constitum
1128 2573 1224 2635 placet?
1250 2575 1295 2621 An

192 2652 278 2715 Nesus
294 2655 384 2701 videre.
411 2649 469 2700 MS.
485 2650 560 2699 Voss.
577 2654 664 2702 uideri.
748 2655 838 2702 melius
855 2653 930 2700 hebet
952 2652 1055 2715 aliquis?
1091 2652 1118 2701 si
1143 2666 1206 2708 non,
1234 2651 1294 2713 quid

192 2733 286 2789 Forte,
310 2732 373 2794 quid
388 2733 521 2794 expediat,
541 2736 706 2782 eanzuruniter
748 2731 1220 2780 moramuriamnavesconscendere?”
1238 2729 1295 2779 Ele-

157 2819 205 2861 aut
221 2813 309 2860 metiar
322 2825 394 2873 pars.
428 2810 510 2858 Locus
534 2810 665 2860 intricatus
682 2820 707 2861 et
748 2817 836 2874 gunter
852 2812 949 2873 aliquid
964 2811 1095 2872 expediam
1112 2810 1138 2858 in
1160 2809 1235 2858 rebus
1251 2810 1295 2857 dif-

158 2892 234 2939 variis
254 2891 418 2953 interpretum
440 2889 567 2937 sententiis
588 2896 705 2942 tentatus.
747 2891 905 2939 ficillimisae
917 2889 1060 2954 desperetis,
1078 2889 1293 2940 CiceroII.0ffic.

158 2969 278 3033 Plerique
294 2969 422 3017 ordinant:
440 2971 574 3030 quaerit-is,
591 2972 705 3031 quider-
747 2971 770 3020 9.
799 2970 865 3019 Cum
881 2985 921 3018 res
947 2975 1040 3032 aqatur
1066 2969 1093 3016 in
1115 2970 1297 3034 discrimenque

156 3051 246 3111 pediat
273 3063 360 3098 carere
384 3049 519 3097 laboribus.
562 3047 611 3097 Sed
639 3056 705 3098 recte
747 3054 848 3098 sentum
864 3049 1037 3109 eit,expedire
1053 3062 1106 3095 rem
1123 3053 1148 3096 et
1164 3050 1295 3097 seruitium

157 3129 241 3179 Bentl.
263 3128 369 3177 ostendit
389 3127 436 3174 hoe
457 3127 607 3189 significare:
629 3145 704 3191 quae·
747 3143 777 3176 en
795 3133 903 3190 tempore
919 3140 1009 3189 capere
1027 3141 1106 3188 posse.
1139 3126 1223 3189 Nepos
1244 3128 1295 3176 Eu-

158 3209 234 3263 ritis,
250 3208 311 3270 quid
328 3205 425 3267 referat
448 3219 546 3262 carere,
562 3207 625 3267 quid
640 3209 704 3255 atti·
748 3220 819 3254 mene
844 3206 867 3254 9.
902 3206 956 3254 Hic
983 3207 1096 3253 ornrribus
1126 3206 1296 3254 titubantibus

158 3291 231 3344 neat,
247 3288 310 3349 quid
325 3287 400 3333 iuvet.
434 3283 492 3346 Ipse
507 3284 620 3346 corrigit:
641 3288 707 3346 qued
750 3292 775 3335 et
793 3288 905 3334 derebus
915 3286 1020 3332 summis
1031 3284 1228 3344 desperantibus,
1241 3283 1296 3330 Eu·

158 3368 290 3430 expediat,
312 3364 358 3412 hoe
379 3368 428 3411 est:
450 3363 516 3424 quod
532 3364 592 3411 bene
608 3370 705 3421 vertat,
752 3380 832 3414 menes
848 3366 898 3422 ait,
919 3367 941 3409 si
961 3362 1114 3411 celeritatem
1130 3363 1209 3409 uelint
1224 3363 1296 3408 adbi-

158 3447 225 3509 quod
241 3447 331 3493 bonurn
347 3448 372 3490 et
385 3443 456 3502 selis
476 3443 518 3489 sit.
552 3441 610 3489 Non
633 3443 706 3492 credo
750 3448 806 3494 bere
821 3451 846 3492 et
862 3446 988 3504 imperata
999 3440 1099 3503 facere,
1117 3456 1143 3489 se
1160 3456 1212 3489 rem
1225 3456 1296 3503 expe·

158 3524 287 3573 Romanos
304 3523 330 3569 in
347 3520 392 3569 tali
408 3534 435 3568 re
455 3519 504 3568 hee
524 3519 633 3568 formula
654 3536 706 3570 esse
748 3527 870 3572 diturum.
888 3521 944 3570 Liv.
954 3519 1045 3568 XXII.
1056 3519 1096 3567 bb.
1112 3520 1197 3577 Quum
1205 3519 1232 3566 in
1244 3535 1295 3565 nicr-

160 3617 232 3662 usos,
249 3615 329 3664 neque
345 3600 448 3648 dixisse:
476 3599 550 3647 Forte
571 3603 706 3662 quaeritis,
748 3606 780 3652 lie
805 3606 871 3653 aaut
899 3601 1055 3663 inqentibus,
1077 3601 1116 3646 ita
1133 3599 1236 3661 iqrrotis,
1266 3613 1297 3646 ne

159 3685 252 3740 uultis,
269 3682 401 3744 quadbene
417 3684 513 3736 certat,
532 3681 570 3728 bis
587 3681 661 3727 neniis
678 3682 707 3727 a·-
748 3684 879 3730 consitium
912 3681 1011 3742 quidem
1043 3680 1109 3726 sutis
1140 3678 1295 3739 expedirent.

160 3761 265 3812 berrat?
290 3758 417 3808 Bentleius
435 3758 532 3805 scribit:
555 3758 707 3806 deliberatio·
748 3761 787 3810 Id.
804 3759 949 3809 XXXVII.
966 3759 990 3810 7.
1026 3759 1080 3807 Nec
1101 3757 1233 3806 consitium
1253 3772 1295 3804 ea·

160 3855 204 3890 nes
224 3847 249 3888 et
270 3838 462 3887 consultationes
483 3836 534 3886 fere
559 3851 655 3900 semper
676 3837 707 3884 si·
746 3842 903 3902 petiebatur.
930 3839 1030 3895 Livius,
1052 3845 1079 3884 ut
1101 3837 1127 3884 in
1149 3837 1297 3900 proprietate

160 3920 217 3968 mili
250 3917 389 3982 precatione
415 3917 535 3979 auspicari
565 3930 618 3963 mos
646 3921 705 3964 eret.
749 3919 867 3966 sermonis
885 3933 950 3965 unns
973 3917 1085 3964 omnium
1108 3923 1145 3964 est
1162 3914 1295 3964 accuratis·

161 3998 259 4048 Verum
276 4005 322 4045 est:
342 3995 450 4046 Romani
467 3994 541 4055 nihil,
565 4009 645 4058 neque
662 4010 707 4058 pu·
750 3996 839 4052 simus,
857 3997 930 4044 etiam
948 3995 1020 4043 huius
1032 3993 1164 4043 locutionis
1175 3992 1297 4055 originem

161 4077 226 4125 blice
250 4091 330 4140 neque
356 4075 483 4139 privatim,
516 4075 583 4137 quod
608 4075 707 4138 quidem
749 4074 855 4122 ostendit
876 4073 964 4122 XXV.
985 4075 1023 4121 ll.
1050 4074 1151 4131 Multa,
1172 4088 1236 4134 quae
1252 4074 1297 4119 im-

162 4157 266 4205 alicuius
289 4164 351 4203 esset
376 4153 506 4211 momenti,
531 4154 709 4217 suscipiebant,
747 4154 836 4214 pedite
851 4157 949 4199 natura
965 4152 1297 4212 eiinrmomtttoexpeatun-

160 4235 222 4298 quin
244 4235 290 4282 teli
314 4234 421 4297 quedam
439 4233 548 4281 formula
573 4239 708 4283 uterentur.
751 4238 802 4279 tur.
837 4230 927 4294 Itaque
942 4230 1060 4278 nonnulli
1076 4229 1238 4278 minuerecte
1248 4244 1298 4278 me·

162 4316 193 4362 In
208 4314 315 4363 ¹Horatio
333 4313 405 4361 nulla
422 4327 460 4361 res
483 4315 629 4376 suscipitur.
659 4312 709 4360 He·
751 4311 881 4374 taphoram
899 4326 913 4358 a
931 4326 959 4359 re
973 4311 1121 4374 perveniaris
1137 4309 1256 4372 impedita
1274 4318 1299 4358 et
