2916 5220
158 337 220 398 142
571 324 889 390 chiterinum

155 534 263 568 eruorem
280 517 429 565 trabuntur.
459 515 540 563 Amor
557 526 704 576 pernoram
746 512 869 564 volueres,
892 509 1044 570 pecudesque
1070 509 1203 571 Explicat.
1238 508 1299 555 Pro-

156 596 263 643 afflatur.
302 593 431 656 Arisniph.
458 592 613 655 Lysistratn:
637 589 705 638 Ἀλλ’
747 593 811 648 pert.
830 587 864 635 ll.
880 589 916 634 19.
948 588 977 636 st
993 588 1064 636 niodo
1079 588 1216 636 elementis
1232 602 1299 635 reeo-

155 674 235 737 ἥνπερ
257 673 270 720 ὁ
292 672 450 737 γλυκύθυμος
463 669 556 735 Ῥοως,
578 667 601 731 χ’
618 668 633 727 ἡ
652 672 705 715 Κυ-
747 667 844 714 coperit
855 681 921 714 orire
929 668 1042 728 puellae,
1061 665 1210 715 Concessum
1226 667 1300 713 esnello

157 751 279 817 προγένει’
295 751 426 817 Ἀφροδίτη
439 748 541 814 Ἵμερον
557 748 629 813 ἡμῶν
640 748 706 796 κατὰ
746 745 797 806 lepe
820 747 913 793 redibit
937 747 995 794 iter.
1028 744 1077 793 Vel
1103 760 1165 793 nura
1188 744 1301 807 puellae,

157 837 209 880 τῶν
238 832 342 880 κὸλπων
370 829 411 877 καὶ
440 832 493 877 τῶν
516 831 603 892 μηρῶν
627 844 705 875 κατα·
747 823 855 871 amicum
871 825 972 873 nomine
988 825 1111 883 vocantis,
1128 825 1151 873 ei
1167 825 1247 873 vitam
1263 839 1300 872 re-

157 908 262 972 nveriop.
297 908 421 957 Theocrit.
447 907 523 970 Idyll.
549 905 641 955 XVII.
667 908 706 955 51.
748 903 844 953 stituet.
872 905 938 955 Sunt
951 906 1019 968 apud
1030 905 1188 968 Propertium
1199 904 1301 952 eaedem

157 989 188 1036 de
203 986 334 1036 Berenice:
357 988 443 1034 Πᾶσιν
460 984 480 1033 δ’
497 986 575 1044 ἤπιος
591 985 706 1049 ἥόεβρο-
747 983 799 1032 iere
815 985 979 1047 interpretum
992 985 1160 1033 contentiones
1177 983 1207 1032 de
1223 983 1300 1045 signi·

158 1071 211 1124 τοῖς
227 1062 358 1130 μαλακοὺς
374 1066 420 1129 μὲν
438 1063 532 1127 ἔρωτας
550 1065 707 1128 Προσπνείει.
747 1063 861 1113 ficatione
878 1079 969 1120 rrrrrne,
990 1079 1054 1127 quoe
1075 1064 1117 1111 hic
1136 1064 1202 1127 apud
1218 1063 1300 1111 Hora-

158 1145 277 1207 Apollon.
295 1145 376 1193 Rhod.
389 1144 439 1192 ΙΠ.
451 1144 548 1206 Argon.
562 1143 619 1193 972.
639 1141 707 1190 Μὲλ-
747 1142 818 1191 tium.
853 1143 963 1191 Pulchre
980 1143 1105 1206 Virgilius
1122 1144 1143 1192 I.
1161 1142 1227 1191 Aen.
1242 1143 1299 1194 687.

158 1226 205 1272 λον
235 1225 292 1281 ἅλις
321 1222 477 1288 φθέγξασθαι
506 1221 557 1270 ὑπὸ
588 1223 708 1287 πνοιῇσιν
750 1222 836 1279 Quum
864 1223 935 1270 debit
957 1225 1087 1283 errrrplexus
1111 1229 1186 1285 etque
1214 1224 1300 1272 osculo

155 1303 274 1367 Ἔρωτος.
308 1302 396 1350 Valer.
414 1301 497 1349 Flece.
514 1301 577 1349 VII.
595 1301 645 1348 488
662 1300 707 1364 fo·
747 1302 833 1349 dulcio
843 1301 920 1363 fipet,
940 1302 1074 1350 Occultum
1090 1304 1200 1363 inspires
1210 1303 1299 1362 ipsene.

158 1384 215 1430 cilis
230 1398 290 1430 sireni
307 1382 423 1430 cantibus
438 1381 512 1428 illuni
538 1382 666 1439 Fleeernt,
684 1387 709 1430 et
748 1378 822 1439 Quod
844 1380 919 1427 miror
940 1378 1038 1441 Heynio
1059 1379 1145 1427 durius
1162 1379 1240 1428 videri
1257 1393 1301 1441 po-

158 1452 707 1524 niniilr'ierrridndumnffloratuitiasset.
749 1458 833 1508 tuisse.
867 1459 933 1507 Nem
955 1459 1020 1521 ignis
1044 1458 1078 1506 ibi
1101 1460 1236 1522 inspiratur
1258 1473 1301 1521 per

160 1539 194 1587 X.
212 1539 291 1588 Theb.
305 1540 357 1589 135.
380 1540 459 1587 Illius
471 1554 537 1587 nero
549 1537 647 1601 (somni)
658 1541 709 1588 solo
751 1552 838 1586 aurern
856 1546 879 1586 et
898 1539 1014 1586 animam.

645 1692 810 1722 -οοω-

555 1807 797 1872 OARMEN
844 1810 903 1873 IX.

340 1949 380 2029 N
383 1985 426 2027 on
450 1983 578 2048 semper
600 1962 721 2028 imbres
745 1963 888 2029 nubibus
912 1964 1058 2050 hispidos

342 2065 480 2130 Manent
503 2065 538 2129 in
562 2087 674 2150 agros,
699 2072 868 2132 animare
894 2067 1051 2153 Caspium

385 2169 518 2233 Vexent
536 2168 722 2254 inaequales
745 2170 905 2255 procellae

431 2273 559 2360 Usque,
584 2296 644 2339 nec
667 2274 835 2340 Armeniis
859 2275 894 2340 in
918 2277 1002 2359 oris,

339 2376 456 2443 Amice
478 2377 595 2462 Valgi,
620 2383 688 2443 siat
709 2378 832 2463 glacies
856 2379 942 2444 iners

340 2481 471 2546 Menses
494 2503 552 2566 per
575 2503 707 2563 omnes,
733 2487 791 2547 aut
813 2483 1034 2568 Aquilonibus

388 2582 546 2662 Quereeta
570 2583 717 2667 Gargani
740 2582 891 2649 laborant

429 2687 476 2751 Et
498 2686 587 2750 foliis
612 2686 789 2752 viduantur
813 2687 892 2752 orni.

328 2843 481 2892 CARMEN
498 2842 546 2891 IX·
752 2816 846 2876 centis,
863 2818 922 2865 oriri
940 2833 956 2865 e
973 2820 1072 2875 vehere,
1089 2818 1115 2867 in
1132 2833 1181 2881 quo
1198 2819 1248 2866 inm
1266 2828 1303 2868 est

752 2895 789 2941 vis
815 2894 889 2944 alieni
914 2897 1014 2945 arbitrii.
1049 2899 1083 2945 Et
1107 2899 1151 2960 qui
1174 2897 1252 2946 fertur
1278 2908 1303 2948 ct

196 2940 342 3034 Hapsus
363 2973 478 3021 Manent
492 2974 610 3035 inepros.
634 2972 709 3022 Scho-
753 2980 879 3036 reptatur,
903 2982 978 3038 atque
1002 2976 1052 3024 huc
1078 2983 1151 3039 atque
1175 2976 1237 3024 illuc
1254 2978 1303 3026 dis-

164 3055 250 3102 lisstae
270 3057 295 3100 et
315 3052 460 3115 interpretes
480 3052 625 3100 recentiores
642 3052 711 3100 dubi·
753 3053 1209 3117 trahitur,isceroripropriedicitur.
1227 3055 1303 3104 Adde

164 3138 217 3179 tant
242 3146 292 3194 quo
312 3133 385 3179 mode
407 3133 518 3194 hispidos
539 3131 649 3194 accipere
670 3132 711 3180 de·
753 3131 845 3180 Ascon.
863 3133 965 3181 Pedian.
983 3151 1006 3197 p.
1023 3134 1062 3182 46.
1088 3134 1120 3182 In
1135 3134 1250 3196 Propert.
1266 3136 1302 3184 Π.

164 3210 244 3258 beant.
278 3209 364 3270 Quum
385 3209 505 3259 Horatius
522 3209 643 3273 procellas
659 3224 710 3257 ma·
753 3212 794 3260 21.
811 3219 916 3261 necatos
930 3228 978 3274 per
994 3214 1077 3261 malta
1091 3215 1208 3276 pericula
1223 3215 1304 3271 citae,

163 3291 195 3337 ris
214 3291 314 3352 Caspii,
339 3291 439 3354 hyemes
459 3292 607 3348 Arrrsens'oe,
624 3295 711 3338 ventos
752 3290 1304 3340 maleBurmannusemendatoersotee.Nec

167 3372 283 3432 Gcrpnrsi
299 3370 485 3431 memoraverit,
506 3370 599 3418 mirum
620 3369 666 3416 nisi
687 3375 711 3418 et
753 3369 843 3416 melius
864 3370 915 3432 egit
936 3370 961 3417 in
983 3370 1124 3419 Claudiano
1146 3371 1168 3419 1.
1185 3371 1243 3419 Ruf.
1262 3372 1302 3420 65.

163 3448 283 3498 imbribus
300 3463 371 3496 suam
383 3450 508 3512 regionem
519 3447 642 3497 tribuerit.
659 3448 710 3496 Ex·
754 3451 815 3496 Ioni
831 3451 904 3512 cupio
920 3474 952 3485 -
970 3452 1059 3499 texere
1073 3451 1200 3513 prosumto
1218 3453 1305 3500 Frena

164 3535 311 3589 spectassem
327 3529 396 3576 eliud
412 3544 436 3576 v.
454 3543 474 3578 c.
494 3530 587 3578 [saeos
597 3529 712 3575 Manent
753 3530 833 3584 meri,
854 3530 939 3591 ruptis
954 3529 1052 3590 fluvios
1071 3531 1206 3579 irrrmittere
1227 3532 1304 3594 ripis,

163 3607 190 3654 in
202 3622 282 3669 apros.
311 3606 378 3668 Agri
394 3608 472 3656 Issici
485 3606 546 3654 bene
561 3605 712 3654 conveniunt
754 3608 793 3654 Et
808 3622 895 3655 reram
910 3623 1002 3657 vexere
1014 3608 1100 3670 fidem.
1122 3609 1229 3671 Reponit
1249 3616 1304 3658 tar-

164 3699 222 3733 cum
238 3683 303 3732 mari
319 3683 409 3746 Caspio
426 3690 451 3732 et
467 3684 517 3732 oris
527 3683 662 3732 Armeniis.
677 3684 712 3732 Et
753 3688 824 3743 bore,
835 3692 924 3749 optans
937 3694 966 3734 ut
974 3687 1119 3750 interpretes
1127 3687 1305 3750 explicuissent

164 3770 237 3812 notus
255 3769 292 3812 est
308 3763 377 3809 sinus
395 3765 507 3820 Issicus,
524 3763 556 3810 ab
572 3763 635 3812 urbe
646 3763 711 3820 Isso,
753 3766 812 3828 quid
829 3772 892 3814 esset
908 3782 1005 3815 nexare.
1043 3767 1216 3816 Venereidem
1228 3767 1304 3830 signi-

165 3841 307 3892 incilicia.
753 3844 811 3892 ficet
835 3845 901 3907 quod
927 3847 1043 3903 turbore,
1068 3846 1111 3893 sed
1136 3846 1242 3894 verbum
1267 3853 1305 3894 est

202 3925 301 3971 Vexent
327 3921 471 3982 inaequales
494 3922 626 3983 procellae.
660 3921 712 3970 Pro
753 3924 931 3972 vehementius.
974 3927 1072 3972 Vesore
1097 3931 1182 3973 autem
1211 3932 1304 3989 tempe-

164 4006 258 4048 resont
279 3999 321 4047 alii
343 4013 376 4046 ex
392 3998 469 4048 MSS.
487 3998 585 4048 edidere
602 4007 711 4049 versent.
753 4003 856 4050 statibus
873 4002 1001 4064 proprium
1018 4008 1062 4051 est.
1097 4003 1156 4051 vid.
1178 4005 1304 4052 Burman-

165 4079 199 4126 Et
219 4077 263 4126 vix
284 4092 348 4126 unus
369 4084 405 4126 est
426 4079 555 4141 poetarum
575 4077 644 4126 loeus
661 4079 713 4127 sine
753 4097 800 4131 nus
818 4082 849 4130 sd
866 4081 1051 4143 Quintilianum
1063 4082 1176 4130 Declam.
1188 4082 1304 4132 xmns.

164 4156 208 4204 illa
232 4158 359 4206 varietate.
397 4157 521 4206 Iudicium
547 4164 662 4207 nostrum
686 4159 712 4206 in
787 4161 916 4209 Armeniis
924 4162 953 4208 in
963 4162 1022 4208 oris.
1040 4159 1091 4220 Qui
1099 4161 1207 4208 correxit
1217 4162 1304 4211 Aorno·

165 4252 226 4286 vers
241 4238 346 4287 lectione
368 4239 541 4287 constituenda
557 4239 653 4288 iuvabit
670 4239 711 4287 ob·
753 4243 804 4290 niis
820 4243 846 4288 in
864 4242 927 4299 oris,
944 4240 1015 4301 quusi
1031 4239 1058 4287 in
1075 4240 1199 4289 Armenia
1216 4241 1305 4304 hyems

165 4317 271 4363 servatio
292 4318 325 4365 A.
350 4317 426 4366 Gellii
446 4318 479 4366 N.
501 4319 556 4366 Att.
579 4319 613 4366 II.
637 4320 660 4366 6.
678 4319 712 4366 di·
754 4325 779 4367 et
795 4319 887 4380 glacies
904 4334 953 4367 non
971 4327 1064 4376 essent,
1080 4320 1131 4367 iam
1148 4320 1180 4368 eb
1197 4321 1305 4377 aliisex
