2916 5220
248 295 312 356 140
654 290 973 357 CARMINUM

244 483 404 526 annotatum:
416 479 536 536 “Edonu‚
549 477 606 526 libri
617 478 714 542 prisci.”
732 477 790 526 For·
835 477 930 525 minine
946 481 997 523 tam
1014 482 1052 524 est
1069 473 1168 532 Ἠὃωνὴ
1182 488 1259 537 quam
1270 471 1387 530 Ἠδωνίς.

243 564 307 605 tasse
323 555 371 604 fuit
388 557 486 606 Edenn.
519 556 586 605 Num
603 557 743 606 terminatio
759 556 792 606 fc·
835 556 896 606 Vid.
914 553 999 617 Steph.
1016 553 1122 617 Byzant.

735 691 899 717 -οον-

624 829 873 896 OARMEN
917 829 1011 894 VIII.

425 968 515 1048 Ulla
537 983 566 1048 si
591 982 670 1048 iuris
694 981 756 1047 tibi
779 979 915 1067 peierati

423 1086 550 1169 Poena,
576 1086 713 1168 Batine,
737 1085 904 1150 nocuisset
927 1105 1103 1170 umquam,

423 1190 531 1255 Dente
553 1189 582 1254 si
605 1189 699 1274 nigro
722 1188 816 1254 fieres
847 1188 900 1255 vel
923 1209 990 1254 uno

511 1293 648 1379 Turpior
670 1291 791 1377 ungui,

424 1396 603 1462 Crederem.
654 1395 718 1461 Sed
741 1401 795 1477 tu,
820 1393 921 1459 simul
943 1393 1100 1480 obligasti

424 1499 591 1565 Perfidum
614 1498 699 1565 votis
724 1502 842 1583 caput,
867 1497 1020 1563 cultescis

394 1701 547 1753 CARMEN
564 1702 641 1751 vm·
833 1681 889 1738 pte,
905 1674 940 1722 ita
951 1657 1128 1737 explicandum
1137 1679 1210 1735 puto:
1228 1672 1293 1722 “Dei
1304 1672 1386 1722 rident

833 1754 945 1818 periuria
967 1760 1103 1802 amentum.
1137 1753 1195 1802 Non
1220 1753 1294 1801 credo
1317 1753 1385 1802 Deos

276 1798 400 1881 Borine.
426 1832 525 1880 Nomen
542 1831 643 1882 Graecis
660 1837 685 1880 et
700 1831 791 1880 Roma·
833 1833 878 1882 illa
894 1847 989 1882 curere.
1024 1833 1051 1884 Si
1068 1833 1109 1882 rel
1126 1832 1229 1880 minime
1246 1831 1291 1880 tibi
1305 1846 1386 1894 poene

243 1911 282 1959 nis
298 1909 445 1959 inauditum.
470 1911 551 1958 Faber
568 1911 667 1974 legebat
686 1912 791 1959 Earine.
833 1918 933 1976 propter
961 1912 1071 1976 periuria
1096 1912 1233 1969 accidisset,
1259 1911 1385 1960 crederem

244 1990 373 2039 Bentleius
392 1991 499 2049 Larine,
522 1992 624 2040 Nerine.
657 1988 792 2040 Withofius
833 1991 901 2040 Deos
925 1990 1035 2054 periuria
1059 2004 1109 2038 non
1133 1991 1267 2053 negligere.
1308 1989 1386 2038 Nunc

243 2070 352 2117 Iberine.
389 2067 499 2117 Meinek.
523 2068 626 2117 Carene.
660 2069 716 2130 Ego
741 2081 793 2116 esse
832 2070 960 2132 pulchrior
976 2070 1020 2131 fis,
1036 2076 1061 2119 et
1077 2070 1177 2133 prodest
1188 2069 1298 2118 falleret·
1315 2069 1386 2118 Beue

242 2147 315 2194 credo
336 2161 427 2196 nomen
447 2147 600 2206 Barbarum,
620 2147 663 2196 sed
684 2147 719 2195 ite
735 2146 792 2194 scri-
834 2147 985 2198 Scholiasta:
1008 2148 1140 2198 Crederem
1170 2151 1239 2197 Deos
1259 2162 1312 2196 esee
1332 2147 1385 2195 vin·

243 2224 364 2274 bendum:
386 2225 503 2276 Barcina.
540 2227 582 2275 Ita
602 2225 793 2290 appellabantur
833 2229 899 2276 dices
913 2228 1029 2289 periurii.
1064 2226 1092 2277 si
1113 2226 1197 2275 locum
1214 2225 1385 2288 interpreteris

242 2303 337 2352 nobiles
362 2305 428 2368 apud
453 2305 543 2354 Persas
573 2305 699 2364 mulieres,
729 2304 794 2353 inter
833 2307 958 2354 crederem
974 2307 1035 2361 tter,
1056 2304 1119 2352 nihil
1135 2304 1226 2353 scenici
1241 2310 1267 2354 et
1284 2303 1385 2366 abrupti

242 2382 305 2433 elias
325 2384 407 2432 amice
427 2383 568 2432 Alexandri
584 2385 620 2433 M.
637 2384 726 2432 lustin.
744 2384 792 2432 XI.
832 2385 912 2432 estin
929 2383 1043 2444 exordio,
1060 2384 1125 2447 quod
1145 2390 1242 2432 veteres
1260 2383 1385 2433 Scholias-

242 2461 266 2510 2.
303 2464 368 2511 Tum
390 2464 535 2512 Alexander
556 2465 693 2513 Bureinem
713 2465 793 2524 copti·
833 2467 873 2511 tae
889 2462 926 2510 ita
941 2461 1123 2511 indicaverunt:
1142 2463 1274 2511 Seenr'eum
1287 2463 1384 2523 prinei-

242 2557 300 2591 vnm
321 2543 423 2604 dilipere
441 2549 548 2605 propter
562 2543 666 2605 formae
680 2543 792 2604 palchri—
831 2543 916 2604 ptum:
928 2543 1117 2604 inteltipendum
1127 2556 1214 2603 nempe
1227 2541 1324 2602 ulmeos
1334 2555 1385 2589 ser·

244 2622 357 2670 tndr'rrem
374 2622 461 2681 eoepit.
495 2620 546 2669 Pro
570 2621 713 2669 coniectura
737 2634 793 2669 mea
834 2634 916 2669 mones
929 2620 1095 2682 prooemiare
1111 2633 1161 2683 seq.
1196 2617 1224 2668 Si
1241 2618 1383 2681 interprete·

244 2704 303 2746 sunt
325 2697 403 2748 MSS.
421 2712 470 2746 ren
487 2699 531 2746 der
546 2699 641 2760 Bourg.
657 2698 684 2745 in
701 2698 792 2762 quibus
833 2698 867 2746 ris
890 2701 1014 2748 crederem
1040 2700 1108 2747 Deos
1132 2712 1194 2755 esse,
1219 2696 1319 2744 obstant
1344 2711 1382 2746 se-

243 2775 336 2838 legitur
353 2777 475 2826 Borrine.
509 2777 588 2840 Apud
605 2776 745 2839 Virgilium
756 2785 793 2826 est
834 2777 936 2840 quentin
953 2779 1030 2826 Ridet
1048 2779 1092 2826 boc
1112 2779 1203 2826 Venus.
1229 2777 1293 2825 Erat
1308 2776 1385 2834 enim,

245 2856 331 2904 Barce
346 2853 441 2902 nutrix.
463 2855 536 2904 Uxor
553 2855 647 2918 Pyrrhi
663 2857 794 2906 Bircenna
834 2872 899 2920 quae
924 2856 1022 2904 rideret.
1060 2854 1123 2905 Alie
1146 2861 1184 2904 est
1208 2855 1272 2903 ratio
1296 2869 1385 2904 versus

244 2932 310 2995 apud
327 2931 456 2982 Plutarch.
465 2933 558 2997 Pyrrh.
567 2935 591 2982 9.
616 2935 697 2983 Erant
709 2942 792 2985 nutem
834 2933 950 2984 Ovidieni
966 2935 1015 2983 ΠΙ.
1033 2935 1122 2984 Amor.
1140 2937 1163 2983 3.
1189 2937 1256 2984 Esse
1273 2937 1385 2993 Deoe,i,

243 3011 339 3060 Romae
360 3011 454 3061 multae
475 3012 590 3061 mulieres
610 3013 793 3075 pulcherrimae
833 3015 917 3071 crede,
931 3014 1010 3076 fidem
1033 3015 1121 3062 iurata
1135 3013 1245 3077 fefellit.
1279 3014 1319 3062 Et
1333 3013 1383 3076 fa·

243 3104 278 3139 ex
299 3089 413 3149 Oriente,
434 3106 518 3140 servae
539 3098 564 3140 et
589 3091 699 3141 libertae.
733 3094 793 3142 vid.
833 3093 883 3140 cies
899 3093 952 3148 illi,
969 3107 1033 3154 qnae
1041 3091 1103 3154 snit
1118 3097 1190 3152 ante,
1206 3095 1298 3140 manet.
1332 3090 1384 3139 Ho

243 3169 331 3218 Horat.
349 3171 370 3218 I.
388 3169 472 3220 Carm.
489 3171 530 3219 29.
562 3171 635 3228 Quae
652 3172 700 3220 tibi
716 3173 792 3234 cirpi-
833 3171 912 3219 ratius
937 3176 1013 3232 negat
1037 3170 1104 3218 Deos
1125 3170 1235 3233 periuris
1254 3170 1280 3217 in
1300 3183 1385 3218 emere

244 3267 305 3299 num
321 3265 411 3315 sponso
428 3255 515 3300 necato
526 3251 636 3316 barbara
646 3247 747 3299 serviet.
756 3251 792 3300 11.
834 3264 933 3309 curare,
950 3250 1009 3312 quia
1024 3250 1117 3298 Barino
1133 3263 1183 3297 non
1194 3249 1289 3310 turpior
1300 3247 1385 3305 fiebat,

243 3328 329 3379 Germ.
346 3330 371 3377 4.
405 3331 446 3376 Ne
470 3329 506 3376 sit
531 3329 638 3378 ancillae
659 3331 706 3378 tibi
723 3345 794 3379 amor
834 3327 937 3378 Ovidius
957 3329 1043 3377 eedem
1064 3329 1096 3377 de
1116 3342 1205 3375 caussa
1225 3333 1300 3390 negat
1316 3327 1385 3375 Deos

241 3410 342 3471 pudori.
385 3407 456 3455 Telis
481 3421 533 3455 esse
556 3405 638 3469 potuit
667 3408 793 3469 Dareine,
833 3422 892 3456 esse.
929 3408 1071 3470 Utrumque
1091 3405 1174 3455 iunxit
1194 3406 1251 3455 Liv.
1274 3406 1384 3456 111.56.

244 3493 269 3534 et
284 3501 375 3536 nomen
392 3489 490 3544 Iuliae,
512 3487 577 3549 quod
597 3486 623 3533 in
639 3485 716 3536 MSS.
734 3487 793 3535 adii·
838 3489 906 3535 Darn
923 3502 972 3550 pro
996 3502 1023 3535 se
1046 3487 1162 3549 quisque,
1190 3487 1259 3534 Deos
1283 3487 1385 3534 tandem

244 3564 324 3627 citur,
341 3582 357 3614 a
373 3566 473 3614 domine
489 3571 635 3613 assumtum.
832 3582 884 3615 esse
895 3571 919 3614 et
929 3581 978 3614 non
989 3565 1110 3627 neqlipere
1121 3566 1247 3626 humana,
1254 3563 1385 3626 fremunt.

279 3646 364 3693 Dente
380 3647 404 3694 si
419 3647 491 3706 nipro
502 3645 585 3706 fieres
604 3646 642 3692 nel
656 3660 706 3693 uno
727 3647 792 3694 Tur·
833 3643 988 3694 Claudianus
1005 3656 1103 3706 quoque
1119 3643 1146 3690 in
1156 3642 1284 3706 praeclaro
1298 3642 1386 3691 Rufini

242 3724 302 3785 pior
319 3726 403 3786 annui.
437 3722 506 3770 Illud
523 3723 561 3770 vel
579 3737 628 3770 uno
645 3720 682 3769 bis
694 3733 792 3771 sumen-
833 3723 935 3773 exordio
951 3723 1012 3771 haec
1028 3721 1104 3785 probe
1120 3721 1243 3770 distinxit
1277 3722 1313 3770 Et
1325 3719 1384 3770 Ovi·

244 3801 319 3864 dum,
348 3802 519 3850 revocandum
543 3815 641 3864 quoque
666 3801 697 3848 ed
721 3804 794 3852 dente
833 3801 888 3848 dius
905 3799 1006 3863 quidem
1023 3800 1115 3862 tragice
1130 3801 1156 3848 in
1178 3814 1205 3848 re
1225 3798 1283 3849 levi.
1316 3800 1385 3848 Nam

245 3881 322 3943 nipro.
356 3881 397 3929 Ita
425 3880 475 3928 iem
505 3885 601 3928 veteres
627 3878 792 3939 Scholiastae,
833 3879 979 3941 gravissime
998 3885 1051 3928 erat
1067 3879 1112 3927 illa
1128 3885 1239 3928 veterum
1256 3878 1384 3928 exclama·

246 3959 398 4009 Prudentius
419 3959 514 4022 Apoth.
544 3959 614 4007 1068.
636 3960 674 4007 vel
694 3958 793 4022 repetit:
834 3958 880 4008 tio:
908 3961 976 4008 Sunt
993 3961 1057 4017 Dei,
1078 3958 1138 4008 estis
1158 3961 1223 4021 Dei,
1245 3965 1270 4008 et
1287 3965 1385 4018 eontra;

245 4053 289 4088 nec
306 4054 344 4087 me
360 4040 398 4087 vel
409 4040 481 4087 dente
491 4039 531 4087 vel
541 4054 622 4101 unque
626 4037 793 4100 fraudatum.
833 4053 910 4102 quem
927 4037 1061 4086 formulam
1079 4037 1221 4087 Brissonius
1242 4044 1267 4088 et
1288 4038 1331 4087 alii
1348 4038 1384 4086 di-

280 4116 419 4165 Crederem.
458 4115 569 4176 Scilicet,
597 4116 647 4165 tule
672 4116 793 4164 iusiuren-
834 4116 939 4179 ligenter
956 4115 1152 4165 illustraverunt.
1178 4116 1273 4167 Statius
1285 4117 1307 4165 Ι.
1320 4117 1384 4168 Silv.

246 4196 305 4242 dum
323 4201 395 4242 tuum
412 4193 469 4242 Diis
486 4209 538 4242 osse
558 4194 634 4243 cordi.
668 4193 792 4243 Carminis
834 4196 857 4244 4.
884 4196 969 4256 Betis,
987 4196 1023 4253 io,
1040 4197 1133 4258 superi.
1159 4197 1213 4244 Nee
1231 4197 1386 4245 inexorabile

245 4273 374 4321 exordium
392 4273 529 4333 scenicum,
546 4274 612 4336 quod
629 4274 791 4322 estcxabru-
811 4286 813 4345 ᾗ
835 4275 924 4324 Clotho
953 4276 1036 4324 Volcit
1059 4290 1129 4338 opus,
1151 4276 1219 4324 videt
1244 4277 1313 4324 alma
1327 4277 1386 4340 pios
