2916 5220
559 313 874 378 CARMINUM

377 502 439 564 (ea
449 500 587 584 flamma
605 522 669 584 per
692 499 802 564 taedas
837 498 884 563 rel
904 499 1016 563 Earas

418 603 486 665 Per
509 601 635 666 Siculas
658 605 805 686 equitarit
827 600 944 665 ιιοιίασ.

328 707 409 770 Post
432 705 487 770 leae
509 705 655 770 secandis
677 727 772 790 usqae
795 703 951 769 laboribus

328 809 473 872 Itornana
489 806 591 892 prebes
614 811 726 880 orarit,
752 816 781 870 et
805 809 901 891 impio

152 1006 211 1054 liam
228 1005 303 1055 uenit.
337 1006 418 1069 Atqui
435 1012 531 1054 constat
547 1005 699 1063 exhistoria,
739 1004 817 1053 VIII.
843 1004 899 1052 ost.
929 1006 1012 1052 Poeno
1037 1019 1087 1053 aon
1107 1006 1199 1066 peruia
1221 1007 1296 1054 Nolo.

152 1086 202 1134 iam
220 1102 242 1134 a.
261 1085 293 1135 U.
311 1100 332 1134 c.
350 1086 406 1134 538.
423 1092 448 1132 et
465 1084 561 1131 duobus
579 1083 699 1145 sequenti·
741 1084 793 1132 Pro
810 1087 877 1132 aloia
894 1083 920 1130 in
937 1097 987 1130 uno
1004 1082 1061 1133 MS.
1078 1082 1167 1132 inveni
1185 1099 1268 1132 arma.

153 1165 198 1212 bus
224 1165 320 1214 Poenos
345 1180 361 1212 a
384 1164 421 1212 M.
447 1162 553 1213 Claudio
579 1161 701 1210 Marcello
777 1163 829 1212 Oea
839 1164 949 1223 flarrrnra
970 1177 1015 1224 per
1032 1163 1128 1210 taedas.
1164 1161 1297 1210 Hannibal

152 1253 264 1307 praetore
284 1244 349 1306 apud
371 1243 463 1290 Nolam
488 1241 564 1289 fuisse
588 1241 701 1303 profliga-
742 1243 865 1304 equitavit
882 1255 926 1303 per
944 1240 1030 1297 urbes,
1043 1247 1072 1286 ut
1083 1239 1221 1288 Horatius:
1239 1244 1298 1290 Nea

154 1331 198 1371 tos.
238 1323 329 1373 Clades
354 1323 420 1386 apud
446 1324 589 1372 Metaurum
614 1321 703 1369 accidit
741 1321 812 1367 sienis
846 1320 934 1368 Medos
966 1320 1080 1382 equitare
1110 1320 1222 1379 inultos,
1257 1328 1295 1368 et:

153 1416 175 1449 a.
192 1401 224 1449 U.
241 1415 262 1450 c.
281 1403 338 1450 546.
372 1401 509 1450 Marcellus
530 1401 610 1464 prima
626 1402 700 1448 victo·
743 1399 829 1461 Eques
845 1404 948 1447 sanante
963 1400 1105 1446 verberabit
1115 1400 1224 1460 rapula.
1246 1398 1296 1448 Sed

154 1481 189 1528 n'a
210 1480 309 1528 Nolana
333 1481 418 1528 docuit
442 1468 610 1528 Hannibalem
636 1480 702 1527 vinci
743 1475 870 1525 Hannibal
878 1476 1050 1540 equitavitper
1059 1475 1186 1534 urbes,ut
1195 1476 1297 1525 flamma

153 1573 237 1621 posse,
250 1574 327 1622 eaque
339 1574 378 1608 res
389 1559 560 1616 Romanis,de
569 1572 596 1606 rc
604 1572 702 1607 summa
742 1558 841 1617 equitat
870 1570 914 1618 per
943 1555 1040 1614 taedas,
1070 1562 1108 1604 est
1137 1555 1296 1620 ἀκυρολογία

154 1637 204 1685 lere
224 1638 274 1685 iam
296 1637 493 1701 desperantibus,
515 1637 626 1685 animum
648 1637 700 1684 red·
742 1634 847 1682 Horatio
871 1634 915 1683 vix
938 1634 1075 1682 tribuenda.
1115 1633 1222 1682 Rectius
1239 1634 1295 1681 dici·

153 1716 221 1764 didit.
256 1716 344 1779 Itaque
366 1717 475 1764 historici
491 1716 555 1763 diem
572 1715 700 1764 Nolanum
742 1719 784 1760 tur
801 1719 889 1762 ventas
905 1715 1029 1776 equitare,
1051 1712 1094 1776 qui
1115 1711 1253 1775 aliquando
1269 1714 1295 1761 in

153 1792 239 1840 multis
265 1794 381 1842 laudibus
410 1793 614 1851 celebraverunt,
643 1794 699 1842 Liv.
742 1806 816 1839 curru
834 1792 944 1854 fingitur.
972 1791 1072 1852 Quanto
1084 1791 1222 1840 modestior
1231 1807 1296 1842 eom-

153 1871 258 1921 XXIII.
287 1873 324 1921 16.
358 1875 453 1935 Inpares
477 1888 504 1920 eo
529 1874 568 1921 die
592 1887 644 1929 res,
670 1887 700 1922 ac
741 1870 836 1932 paruae
852 1876 889 1918 est
905 1869 1035 1932 Apollonii
1051 1870 1134 1919 Rhod.
1152 1871 1175 1920 1.
1195 1873 1294 1940 Argon.

153 1952 234 1998 νοσσία
256 1966 290 1998 an
307 1954 417 1999 rrraeirna
434 1952 479 1999 illo
496 1952 642 2013 belloprato
658 1953 698 1999 sit.
745 1950 814 1998 1026.
849 1951 899 1998 Σὺν
916 1948 937 1998 δ’
958 1949 1054 1999 ἔλασαν
1078 1949 1171 2013 μελίας
1197 1969 1224 1999 τε
1253 1953 1294 2000 rai

154 2030 212 2075 Non
230 2031 296 2078 ainai
312 2033 377 2078 enirn
394 2033 425 2079 ab
444 2032 592 2078 Hannibale
602 2032 698 2081 oincea·
741 2027 852 2086 ἀσπίδας
869 2027 1019 2087 ἀλλήλοισιν
1025 2064 1033 2089 ,
1044 2026 1127 2092 Ὀξεὶῃ
1138 2028 1221 2078 ἴκελοι
1232 2028 1296 2094 ῥιπῇ

153 2107 219 2154 tibus
247 2109 380 2170 difficilius
401 2110 474 2170 suit,
503 2124 579 2170 quara
611 2117 698 2170 postea
741 2108 834 2171 πυρὸς,
851 2108 867 2168 ἥ
886 2106 906 2156 τ’
923 2108 960 2156 ἐνὶ
976 2107 1293 2172 θάμνοιςλύαλὲοισιπε-

152 2187 257 2235 viverere.
292 2187 333 2236 Sic
350 2187 501 2236 Plutarchus
516 2189 543 2236 in
559 2188 622 2236 Vita
632 2189 699 2236 Mar·
741 2189 821 2235 σοῦσο
838 2186 993 2251 κορύσσεται.

153 2264 209 2311 nelli
226 2271 250 2312 et
267 2265 309 2313 alii
326 2265 443 2317 iudicant.
478 2267 520 2317 sic
541 2267 627 2316 Valer.
644 2267 698 2314 Ma·
775 2267 840 2314 Post
860 2269 904 2316 boc
924 2269 1038 2317 secandis
1059 2283 1137 2330 usqae
1157 2268 1292 2318 laboribus.

153 2344 213 2392 xim.
231 2343 251 2392 I.
269 2344 292 2393 6.
327 2346 469 2395 Marcellus
492 2353 627 2407 captarum
653 2348 699 2408 Sp·
741 2344 840 2391 Horatii
865 2346 987 2394 sententia
1012 2352 1060 2394 est:
1085 2346 1203 2401 Victoria
1228 2349 1293 2411 apud

153 2438 304 2472 recasuram
328 2431 352 2473 et
378 2427 536 2474 Hannibalis
560 2431 619 2473 arete
648 2426 699 2472 No·
740 2423 886 2472 Metaurum
903 2424 997 2472 animes
1014 2423 1153 2473 Hannibali
1171 2424 1259 2489 fregit,
1270 2433 1295 2475 et

154 2503 205 2550 laem
221 2519 237 2550 a
254 2517 280 2551 se
293 2505 405 2564 primane
416 2504 509 2568 sapere
526 2511 605 2554 eoacti
620 2505 700 2567 pluria
741 2504 840 2552 tandem
866 2504 942 2552 dixit:
973 2503 1058 2552 “Victi
1083 2519 1099 2550 a
1123 2503 1197 2552 nohis
1223 2506 1295 2554 toties

154 2581 337 2642 inflarrrmotas.
370 2585 457 2646 Atque
474 2585 521 2632 ista
537 2583 698 2631 victoriaNo-
741 2582 848 2630 Romani
865 2597 909 2630 nos
931 2583 1019 2632 vicere.
1053 2583 1149 2631 Actum
1171 2583 1295 2632 danobis

154 2657 213 2706 lana
228 2667 280 2707 tam
297 2663 383 2710 erebro
399 2671 424 2710 et
441 2672 513 2725 grato
529 2663 699 2712 omniumser-
741 2669 778 2709 est
794 2661 953 2710 Hasdrubale
968 2662 1123 2710 interemto.”
1149 2663 1225 2724 Quae
1239 2671 1296 2727 post

154 2752 228 2785 mone
244 2741 422 2802 usurpabatur,
435 2742 650 2805 utpropemodum
662 2756 700 2790 res
741 2740 837 2788 cladem
853 2741 1019 2789 Hasdrubalis
1037 2741 1161 2799 accidere,
1180 2756 1234 2790 nen
1245 2743 1295 2790 hue

154 2815 180 2862 in
205 2819 364 2879 proverbium
389 2821 488 2878 abierit,
514 2821 564 2869 fere
589 2827 617 2867 ut
633 2822 700 2883 apud
741 2820 865 2882 pertinent
893 2827 918 2868 et
943 2820 974 2867 ab
999 2819 1110 2867 oratione
1140 2820 1295 2868 Hannibalis

154 2896 258 2945 maiores
274 2904 370 2944 nostres
385 2899 514 2949 Kalendae
525 2901 637 2963 Apriles,
651 2919 700 2966 quo
742 2898 823 2946 aliena
838 2905 903 2947 sunt·
937 2900 1033 2961 Agitur
1050 2899 1080 2947 (le
1096 2898 1172 2947 laude
1189 2898 1295 2948 Claudii

154 2975 193 3022 die
218 2976 271 3023 dux
296 2975 413 3024 Albanus
439 2993 461 3026 a.
488 2980 558 3029 1572.
584 2983 701 3044 oppidum
741 2977 859 3037 Neronis,
889 2993 940 3026 non
969 2978 1075 3026 aliorum
1099 2979 1296 3041 imperatorum,

155 3054 274 3102 Briellam
291 3055 379 3103 amisit.
414 3056 499 3106 Cicero
515 3058 542 3106 in
557 3059 637 3108 Bruto
647 3076 700 3124 cap.
742 3058 786 3120 qui
806 3064 861 3120 post
881 3058 1006 3106 Neronem
1023 3057 1151 3120 praeclare
1167 3057 1200 3105 de
1216 3057 1298 3120 patria

155 3133 178 3180 3.
217 3135 253 3182 Ut
277 3140 336 3196 post
364 3136 516 3187 Cannensem
538 3140 611 3188 illam
634 3144 701 3190 cala·
742 3136 824 3184 meriti
841 3144 907 3185 sunt.
941 3137 980 3185 Ne
1003 3138 1083 3184 dicam
1104 3151 1182 3199 quam
1200 3135 1297 3185 humile

155 3215 269 3262 unitatem
288 3216 402 3275 prienam
422 3213 541 3264 Marcelli
558 3219 592 3264 ad
609 3219 702 3268 Nolam
742 3216 836 3264 sithoc
853 3217 907 3264 1000
921 3223 980 3279 poti
999 3219 1051 3265 llor-

154 3294 247 3352 proelio
266 3296 376 3356 populea
401 3309 427 3342 se
457 3298 586 3344 Ranranas
610 3301 702 3358 erexit,
777 3297 894 3344 Rornana
908 3297 987 3357 pubes
1011 3297 1097 3345 aruit.
1134 3295 1293 3345 scholiastae

153 3377 287 3435 posteaque
300 3389 436 3435 prosperae
451 3388 492 3422 res
508 3377 621 3439 deinceps
638 3382 701 3426 aaut·
742 3374 939 3437 interpretantur
957 3377 1040 3423 Roma
1056 3376 1142 3424 aeoli·
1175 3375 1213 3422 Et
1231 3375 1295 3424 bene

156 3454 196 3496 tae
212 3455 355 3498 consecutae
372 3457 446 3509 οιιινέ,Ι
464 3453 513 3509 sic,
536 3460 592 3515 post
616 3471 701 3504 reram
742 3454 866 3502 diceretur
884 3457 966 3503 Rosea
991 3469 1105 3503 erescere.
1141 3454 1193 3503 Sed
1219 3458 1297 3517 putes

155 3532 300 3575 riostrararn
317 3534 341 3576 et
359 3532 526 3578 caerimoniam
541 3534 702 3592 pravissimos
744 3533 860 3582 Romana
881 3534 971 3582 Latine
991 3533 1130 3596 significare
1147 3548 1199 3581 non
1216 3540 1296 3597 potest

155 3619 237 3663 erasas,
265 3608 331 3654 nibil
359 3613 419 3657 ante
453 3611 584 3670 epistolam
622 3612 702 3660 Bruti
746 3614 858 3660 Rotnani.
879 3612 926 3659 Est
936 3613 1002 3660 enim
1013 3614 1138 3660 eraclius
1151 3615 1300 3670 Romanus,

155 3685 217 3732 riribi
240 3683 345 3743 accidit,
370 3688 436 3747 qaod
459 3690 558 3746 vetlem,
575 3694 622 3736 aat
638 3693 703 3751 qaod
742 3705 774 3738 ex
791 3689 999 3748 adolescentibus,
1016 3691 1114 3755 ἡλικίᾳ,
1133 3692 1296 3754 compositus,

155 3765 242 3825 rrliqaa
258 3779 288 3811 ea
304 3769 380 3826 parte
390 3765 570 3814 sollicitudines
581 3769 702 3816 allevaret
742 3776 770 3816 ut
787 3769 884 3817 Tibull.
901 3770 922 3817 I.
941 3771 964 3820 7.
987 3772 1010 3818 5.
1037 3785 1110 3819 noros
1133 3773 1214 3833 pubes
1241 3773 1293 3819 llo-

155 3856 229 3889 rneas.
263 3841 378 3888 Fortasse
395 3841 462 3888 hunc
480 3842 562 3890 locum
575 3843 701 3894 Ciceronis
742 3864 818 3896 νιιιιιο
835 3851 977 3910 rrtaaptoe
994 3850 1065 3897 cidit.
1099 3849 1156 3896 Iam
1167 3852 1296 3899 exereitus

155 3919 179 3965 in
191 3920 273 3967 animo
285 3919 391 3967 hahebat
402 3919 571 3984 Hieronymus
583 3923 610 3970 in
621 3925 701 3988 Epist.
741 3929 829 3975 crescit
847 3927 961 3975 secundis
978 3926 1111 3983 laboribus,
1129 3933 1206 3976 esset:
1226 3943 1294 3976 exer·

155 3999 177 4048 7.
213 4001 256 4048 Sic
273 4001 373 4062 pavisse
393 4015 462 4060 sarrs,
486 4007 514 4049 at
538 4004 611 4050 illam
637 4007 701 4054 diem
741 4005 805 4052 citus
831 4020 933 4053 nutriero
959 4011 1072 4067 (cupatur.
1108 4005 1233 4054 Latinum
1258 4014 1295 4056 est

158 4077 618 4142 Borriaaaefelicitotis‚propriaram
627 4085 701 4133 Mar·
741 4100 781 4133 res
805 4088 921 4133 Rooraaa
948 4086 1035 4141 creuit,
1062 4098 1111 4131 non
1136 4087 1215 4146 pubes
1240 4088 1292 4135 Ro-

155 4157 210 4203 eelli
226 4160 295 4218 apud
314 4159 404 4206 Nolani
425 4162 531 4219 proelio,
551 4167 609 4223 post
633 4164 699 4211 Can·
742 4180 825 4212 resona.
860 4163 897 4212 Ut
914 4163 1016 4212 Graece.
1034 4163 1120 4226 Eurip.
1135 4163 1225 4226 Suppl.
1238 4165 1294 4212 323.

156 4249 255 4283 riensern
277 4251 400 4297 paparone,
429 4239 584 4288 Hannibalis
601 4245 701 4304 aparine
741 4243 822 4307 patria
843 4243 870 4291 lv
895 4246 949 4300 τοῖς
976 4242 1094 4291 πόνοισιν
1119 4241 1231 4297 αὒξεται.
1265 4242 1294 4290 Αἱ

156 4314 328 4374 conciderant,
351 4330 392 4374 epo
417 4317 525 4364 uicerim.
573 4318 618 4367 Sil.
644 4321 700 4368 Ital.
742 4321 762 4368 δ’
780 4322 870 4384 ἥσυχοι
888 4323 1005 4370 σκοτεινὰ
1023 4320 1183 4384 πράσσουσαι
1196 4322 1294 4378 πόλεις.
