2916 5220
581 301 755 363 LIBER
801 302 857 364 lV.

334 488 461 552 Nititur
483 486 620 571 pennis,
644 486 748 551 vitreo
772 487 907 551 daturus

424 591 568 655 Nomina
590 596 701 675 ponto.

335 695 448 759 Monte
471 694 643 758 decurrens
666 693 757 758 velut
779 694 903 775 amnis,
928 695 1047 760 imbres

334 798 438 878 Quem
462 817 558 880 super
581 800 675 860 notas
700 796 809 861 aluere
831 796 937 882 ripas,

334 901 452 965 Fervet
475 899 721 984 immensusque
743 899 810 964 ruit
832 899 994 985 profundo

423 1003 585 1068 Pindarus
610 1024 681 1085 ore,

156 1148 221 1191 tasse
229 1142 361 1191 Horatium
370 1142 462 1203 po'e'ticc
470 1141 594 1203 scripsisse
610 1142 703 1189 lutum.
746 1139 886 1188 facundiam
903 1140 1046 1204 Sempronii
1071 1142 1178 1192 Gracchi
1195 1156 1244 1189 non
1262 1141 1292 1188 si-

157 1223 207 1272 Sed
228 1222 314 1284 potitae
334 1221 461 1283 proprium
486 1234 577 1268 nomen
599 1219 704 1268 hominis
746 1218 788 1267 let.
823 1218 850 1268 Si
868 1225 951 1268 tamen
968 1221 1083 1282 Tacitus,
1104 1221 1186 1270 dicens
1203 1223 1293 1271 coenos

156 1301 263 1350 viventis
284 1315 334 1349 non
351 1300 494 1357 mutabant,
515 1299 564 1346 nisi
579 1299 704 1346 interdum
747 1299 832 1354 Iulos,
845 1298 912 1346 hunc
920 1300 1063 1348 Antonium
1074 1301 1200 1362 cogitavit.
1219 1299 1293 1349 Solus

157 1381 227 1430 fieret
244 1380 291 1427 ioci
302 1394 384 1428 causa.
402 1379 543 1435 Iulus,hoc
560 1391 644 1427 omnes
656 1377 705 1425 Ro·
748 1375 881 1424 Suetonius
897 1377 923 1424 in
941 1375 1079 1426 Grammat.
1095 1392 1117 1426 c.
1137 1379 1175 1427 18.
1196 1386 1294 1435 narrat,

157 1459 226 1505 mani
260 1458 381 1515 sciebant,
406 1462 460 1505 erat
485 1455 617 1504 Ascanius.
663 1455 707 1503 Ab
747 1455 814 1502 hunc
830 1455 926 1503 Iulium
943 1456 1084 1505 Antonium
1095 1457 1169 1506 fuisse
1185 1457 1292 1520 discipu-

157 1535 215 1583 Iulo
233 1535 368 1583 demissum
385 1541 421 1582 est
441 1533 532 1582 nomen
549 1536 645 1589 Iulius,
662 1547 708 1581 un·
747 1534 802 1582 lum
818 1534 849 1582 L.
866 1533 992 1592 Crassitii,
1012 1536 1054 1583 sed
1074 1551 1103 1584 eo
1119 1537 1220 1585 consilio
1238 1551 1294 1584 nar-

158 1613 189 1661 dc
206 1626 266 1674 gens
283 1612 363 1670 Iulia,
384 1626 416 1659 ex
438 1617 512 1674 gente
528 1612 608 1672 Iulia,
625 1612 707 1660 Iulius
749 1620 801 1673 rat,
817 1619 846 1661 ut
862 1614 957 1675 probet,
971 1614 1169 1664 Grammaticum
1180 1616 1295 1665 habuisse

158 1691 298 1750 Antonius,
319 1705 392 1753 quem
418 1691 479 1738 adeo
500 1690 594 1754 alloqui
618 1694 707 1740 Iulum
749 1691 880 1754 discipulos
905 1692 982 1741 nobili
1004 1707 1105 1755 genere,
1131 1708 1193 1752 non,
1214 1694 1295 1742 Anto-

159 1771 281 1819 Horatius
301 1785 352 1818 non
377 1770 466 1832 potuit.
506 1773 595 1830 Iulus,
621 1773 709 1820 [tricus
749 1771 820 1818 nium
836 1770 949 1818 doctrina
965 1776 1008 1818 aut
1028 1771 1128 1834 ingenio
1144 1772 1295 1822 excelluisse.

158 1857 217 1898 sunt
234 1851 313 1912 gentis
331 1850 469 1912 Augustae.
499 1849 571 1900 Conf.
592 1849 708 1913 exempla
749 1851 837 1913 Neque
853 1856 890 1899 est
907 1851 1090 1900 consuetudinis
1105 1852 1258 1901 Horatianae
1269 1852 1295 1899 in

158 1945 197 1992 ap.
215 1930 300 1977 Heius.
313 1929 344 1976 ad
356 1929 443 1977 Valer.
454 1929 537 1978 Flacc.
554 1930 574 1978 1.
586 1932 611 1979 9.
632 1931 707 1979 Ocea·
749 1929 902 1978 carminibus
911 1930 1017 1979 eundem
1026 1930 1193 1979 hominembis
1201 1932 1296 1979 diverso

157 2025 208 2057 nus
225 2011 352 2070 Phrypios
368 2010 442 2069 prius
459 2011 606 2071 indignatus
622 2011 707 2069 Iulos,
749 2009 849 2057 nomine
857 2008 959 2072 alloqui.
976 2009 1105 2058 Bentleius
1118 2009 1295 2060 adIII.Carm.

158 2086 182 2135 h.
205 2101 226 2135 e.
250 2086 379 2136 Caesares:
395 2093 420 2136 et
436 2087 574 2136 Burmann.
591 2089 623 2135 ad
644 2088 706 2136 Pro·
749 2088 773 2134 8.
791 2089 814 2135 5.
831 2095 930 2135 mumns
956 2089 1057 2150 linquae
1076 2089 1101 2136 in
1121 2089 1200 2147 Garat,
1222 2104 1296 2151 quern

159 2173 222 2229 pert.
248 2168 295 2217 IV.
327 2170 350 2216 6.
380 2169 416 2219 17.
448 2167 591 2215 Perizonius
624 2173 707 2216 tamen
749 2172 835 2213 auctor
855 2166 971 2213 carminis
991 2167 1127 2231 alloquitur
1149 2168 1296 2228 Maecenas,

158 2245 245 2293 scribit
261 2247 287 2293 in
304 2247 439 2294 Animadv.
452 2246 517 2295 Hist.
528 2263 552 2309 p.
564 2249 618 2295 151.
637 2248 707 2296 “An-
749 2251 866 2307 provocat
883 2246 914 2293 ad
931 2246 988 2305 hoc,
1010 2247 1041 2295 de
1061 2260 1111 2309 quo
1127 2248 1237 2310 agimus,
1254 2262 1296 2296 ex-

159 2324 241 2371 tnnius
259 2324 387 2372 Triumvir
404 2324 484 2372 filium
498 2325 604 2373 alterum
622 2325 706 2389 appel-
749 2325 868 2386 emplum,
887 2327 985 2374 Iule-
997 2332 1022 2373 et
1038 2340 1098 2374 mox
1116 2329 1220 2374 Antoni.
1247 2326 1296 2375 Sed

157 2403 220 2452 lavit
229 2407 326 2464 Iulum,
343 2410 371 2450 ut
385 2404 525 2452 ostenderet
533 2418 559 2452 se
574 2419 619 2467 pcr
630 2419 707 2466 genus
749 2402 869 2451 Horatius
893 2404 1022 2466 coniungit
1046 2418 1135 2452 nomen
1157 2411 1182 2453 et
1206 2419 1296 2468 cogno-

82 2538 85 2544 ,
159 2490 302 2531 maternum
319 2483 465 2531 descendere
483 2483 514 2529 ab
524 2483 641 2531 Ascanio.
659 2484 707 2532 Al·
750 2496 819 2542 men,
836 2488 864 2530 ut
884 2482 975 2545 Crispe
985 2483 1108 2540 Sallusti,
1126 2497 1175 2530 non
1192 2490 1296 2546 separat.

158 2570 240 2610 terum
257 2561 393 2624 appellavit
409 2561 561 2621 Antullum‚
582 2572 611 2609 ut
628 2570 707 2610 osten·
750 2561 820 2609 Idem
838 2560 895 2610 fecit
912 2569 997 2609 auctor
1014 2562 1049 2609 II.
1067 2560 1152 2610 Carm.
1171 2563 1209 2610 ll.
1228 2564 1295 2611 Hir·

159 2643 229 2691 (leret
246 2648 376 2704 paternum
394 2654 472 2703 genus
490 2640 707 2690 Antonerniilium
747 2643 808 2703 pina
827 2644 940 2701 Quincti.
974 2641 1041 2702 Quid
1062 2642 1152 2703 igitur?
1184 2641 1296 2691 Scriben-

160 2721 301 2769 Herculis.”
335 2721 473 2770 Videamus
495 2721 609 2784 reliquias
632 2720 708 2770 Scho·
750 2721 811 2769 dum
835 2722 886 2779 aio,
911 2721 1036 2770 levissima
1059 2721 1208 2771 mutatione:
1222 2724 1296 2771 'Pin-

159 2800 297 2850 liastarum.
321 2801 401 2849 Acro:
424 2802 497 2850 Haeo
513 2803 557 2849 ode
576 2802 610 2848 ad
627 2802 707 2850 Anto·
750 2803 842 2849 darum
859 2803 972 2864 quisquis
987 2803 1072 2850 studet
1088 2803 1219 2858 aemulari,
1247 2807 1298 2854 Ille

159 2883 232 2929 niune
256 2880 365 2935 Iulium,
388 2880 427 2927 M.
451 2881 559 2928 Antonii
580 2879 709 2928 triumviri
750 2882 843 2929 ceratis
859 2895 903 2942 ope
917 2881 1054 2928 Daedalea.
1076 2880 1151 2928 Hanc
1167 2879 1296 2928 lectionem

152 2959 251 3020 fitium,
268 2961 396 3008 scribitur.
418 2958 570 3023 Porphyris:
582 2959 656 3006 Haec
666 2960 709 3006 ode
750 2959 777 3008 iu
794 2974 839 3008 suo
855 2959 970 3022 exemplo
986 2958 1205 3007 habuissevidetur
1221 2958 1296 3008 Corn·

159 3039 195 3086 ad
211 3039 352 3086 Antonium
369 3039 457 3085 Iulum
468 3051 504 3100 sq.
522 3036 709 3086 Commentator
750 3045 826 3088 ment.
838 3038 915 3101 Cruq.
930 3039 972 3101 qui
989 3044 1164 3099 argumentum
1181 3038 1297 3087 carminis

159 3115 233 3164 nihil.
261 3116 351 3178 Neque
367 3117 509 3167 Antonium
526 3116 611 3164 Iulum
627 3131 708 3179 neque
751 3117 797 3165 hoc
814 3118 887 3165 modo
904 3119 1015 3181 exponit:
1040 3119 1159 3167 Continet
1180 3121 1239 3167 haec
1254 3121 1299 3167 ode

159 3194 257 3243 Iulium
273 3196 396 3254 nominat,
417 3197 460 3246 sed
476 3202 575 3245 tantum
592 3194 708 3244 carminis
750 3199 837 3246 laudes
853 3200 967 3246 Pindari
980 3199 1077 3260 poitne,
1091 3199 1179 3258 Lyrici
1195 3200 1296 3246 celeber·

159 3283 338 3337 argumentum
355 3277 476 3338 proponit.
503 3275 587 3336 Quare
598 3275 709 3337 suspicor
750 3278 819 3334 rimi,
836 3292 907 3339 quem
923 3279 947 3326 si
964 3277 1021 3338 quis
1032 3278 1132 3324 inuitari
1142 3278 1214 3334 vetit,
1224 3279 1247 3324 is
1258 3279 1298 3325 ito

160 3367 221 3402 eum
241 3353 268 3400 in
290 3367 335 3401 suo
356 3353 471 3417 exemplo
492 3353 556 3401 illud
579 3357 638 3403 Iule
658 3369 708 3402 non
749 3370 810 3403 suae
819 3358 1002 3406 destinationis
1017 3361 1041 3403 et
1043 3355 1134 3417 sutriae
1145 3359 1298 3417 periculum,

161 3430 278 3479 habuisse
295 3437 319 3479 et
336 3430 449 3488 Scholia,
466 3446 529 3494 quae
546 3431 585 3479 hie
596 3431 709 3479 tribuun·
750 3439 780 3481 at
797 3436 891 3483 Icarus
908 3435 949 3481 rui
965 3439 1080 3492 conatus,
1093 3435 1218 3483 incurrat.
1236 3435 1298 3496 Quis

160 3516 203 3558 tur
219 3509 316 3558 Acroni
330 3515 355 3558 et
371 3509 552 3575 Porphyrioni‚
564 3524 616 3558 esse
626 3524 708 3558 recen-
750 3526 808 3561 vcro
829 3512 861 3561 sit
882 3511 927 3561 ille
947 3512 1086 3572 Antonius,
1107 3527 1181 3561 versu
1197 3514 1231 3562 26
1247 3529 1297 3564 me·

161 3589 234 3638 tiora.
267 3589 335 3637 Nam
355 3589 431 3637 iidem
451 3590 477 3637 in
498 3589 656 3651 sequentibus
677 3590 709 3636 ad
751 3591 1075 3650 moratus,ibividebimus.
1093 3590 1229 3642 Caeterum
1240 3596 1300 3643 Iule

161 3683 199 3718 vs.
214 3669 255 3718 26.
282 3671 388 3717 Antortii
408 3682 498 3716 nomen
518 3669 553 3715 ita
573 3667 708 3730 explicant,
751 3677 776 3719 et
786 3673 830 3720 ille
841 3669 913 3722 facile
923 3678 1105 3735 permutantur.
1123 3673 1224 3723 Sueten.
1237 3673 1297 3723 Cae-

161 3749 235 3812 qnasi
254 3748 326 3796 nulla
347 3748 400 3796 eius
420 3748 512 3797 mentio
532 3748 709 3810 praecessisset.
751 3765 799 3798 sar.
820 3752 860 3798 81.
889 3752 1043 3814 Quandoque
1066 3767 1122 3800 ossa
1142 3752 1238 3814 Capyis
1258 3754 1298 3801 de-

162 3826 280 3884 Accedit,
302 3827 368 3890 quod
389 3827 420 3875 de
444 3826 557 3875 doctrina
573 3831 598 3874 et
614 3827 710 3890 scriptis
753 3835 819 3879 tecta
835 3835 929 3888 essent,
945 3836 975 3878 ut
991 3832 1011 3876 I
1011 3833 1051 3879 ulo
1065 3836 1206 3893 propedius
1221 3846 1299 3881 uranu

162 3907 271 3957 Antonii
298 3921 328 3956 ea
352 3907 467 3963 tradunt,
495 3920 558 3968 quae
587 3905 710 3961 Antonio,
752 3909 988 3971 cmsnnpninrorum
997 3914 1139 3969 necaretur,
1155 3911 1300 3972 nrapnisque

163 3985 288 4035 triumviri
304 3985 366 4047 filio,
382 3999 431 4033 non
447 3984 579 4034 convenire
589 3985 710 4034 videntur.
754 4005 810 4038 nica
822 3989 918 4037 Italiac
933 3988 1046 4036 cladibus
1057 3990 1236 4038 vindicaretur.
1259 3987 1299 4037 Ibi

164 4066 215 4128 Qui
232 4067 252 4114 si
269 4067 306 4114 his
322 4065 440 4113 laudibus
452 4065 608 4124 innotuisset,
618 4079 710 4115 memo·
754 4067 779 4114 in
805 4066 882 4116 MSS.
908 4065 1020 4114 Turnebi
1044 4072 1097 4114 erat
1114 4069 1173 4116 Ilio.
1207 4066 1300 4127 Quidni

164 4152 261 4195 rassent
277 4146 329 4194 sina
341 4145 416 4193 dubio
432 4144 547 4193 Velleius
564 4144 712 4194 Paterculus
753 4147 808 4203 iiio,
825 4145 872 4192 hoc
888 4152 926 4194 ast
944 4144 1049 4206 Capye?
1074 4145 1140 4195 Fore
1156 4152 1184 4193 ut
1200 4145 1298 4208 aliquis,

164 4226 202 4274 II.
226 4226 279 4274 100.
322 4225 372 4273 Dio
406 4224 508 4274 Cassius
538 4225 596 4274 LV.
624 4227 661 4274 10.
688 4232 713 4273 et
754 4240 788 4274 ex
805 4239 894 4287 genere
910 4224 1010 4287 Capyis,
1026 4238 1103 4272 manu
1122 4225 1297 4274 Aeneadarum

164 4302 267 4351 Tacitus
284 4304 306 4352 Ι.
323 4302 419 4352 Annal.
439 4304 475 4352 10.
493 4303 535 4365 qui
553 4303 579 4352 in
596 4304 669 4352 simili
686 4319 713 4353 re
756 4304 943 4366 (Romanorum)
961 4309 1098 4352 necaretur.
