2916 5220
157 319 221 383 254
567 313 885 380 (JnltlilNUM

292 501 453 565 Plenum?
473 500 563 578 Quae
581 522 715 564 nemora
737 504 795 563 aut
813 519 894 583 quos
907 518 986 582 agor
1004 497 1039 562 in
1052 486 1197 582 specuss

253 603 350 669 Velare
371 613 470 668 rante
491 608 596 669 uera?
636 601 754 683 Quibus

289 706 404 771 Aciris
427 710 543 792 eyreqr'r'
570 706 719 771 Caesaris
742 703 861 768 audiar

244 808 415 873 Aeternam
437 809 592 874 meditans
615 809 708 873 &aas

291 911 399 976 Stellis
422 916 559 976 inserere
582 922 611 977 et
634 910 761 977 concilio
784 913 890 977 Iocis?

156 1073 211 1121 Hoc
227 1073 370 1129 exordium,
388 1071 503 1133 antiquae
515 1078 539 1119 ct
549 1071 704 1133 incorruptae
745 1070 835 1133 aliquis
851 1070 949 1133 legens,
966 1072 1031 1131 “tui,
1048 1071 1160 1129 Bacche,
1173 1066 1290 1130 plertum”

155 1151 311 1208 Latinitatis,
335 1152 360 1198 in
386 1150 453 1198 hunc
473 1151 574 1198 modum
595 1166 610 1197 a
628 1149 704 1198 Scho-
745 1152 828 1199 statim
854 1151 1030 1200 recordabatur
1053 1149 1152 1199 Lucani
1176 1149 1210 1197 V.
1239 1148 1292 1196 164.

156 1231 234 1279 liastis
250 1231 407 1279 illustratum
422 1243 475 1278 esse
492 1229 611 1291 suspicor:
633 1226 705 1275 “Hac
723 1258 726 1325 p
744 1247 794 1279 nou
810 1246 921 1291 aequum
936 1232 1035 1294 plenior
1051 1235 1126 1277 aruis
1148 1229 1294 1276 Phoebados

156 1311 202 1359 ode
224 1310 343 1359 Liberum
363 1315 459 1372 patrem
480 1309 591 1362 invocat,
613 1306 704 1369 signifi·
723 1332 725 1337 ·
745 1311 841 1371 irrupit
872 1312 978 1366 Paean,
1006 1313 1161 1370 mentemque
1185 1309 1294 1369 priorem

156 1401 215 1436 cans
233 1403 307 1436 suum
324 1389 439 1451 spiritum
459 1402 509 1436 non
525 1386 637 1434 sufficere
654 1400 704 1432 ma
746 1390 866 1450 Expulit.
900 1389 935 1437 Et
950 1387 1000 1434 IX.
1018 1386 1075 1435 564.
1105 1387 1160 1433 Ille
1175 1383 1231 1433 Dec
1244 1386 1295 1445 ple

157 1480 207 1528 gno
232 1467 351 1524 carmini,
380 1468 428 1515 nisi
451 1468 571 1517 instinctu
596 1465 704 1513 numinis
745 1482 801 1524 aaa,
820 1467 900 1515 tacita
916 1482 988 1528 qrsem
1005 1472 1086 1516 merie
1101 1467 1211 1528 arebat.
1229 1464 1295 1512 Hine

156 1545 263 1594 iuvetur.
297 1548 416 1596 Nemera.
448 1546 480 1594 In
496 1545 587 1608 quibus
604 1551 629 1592 et
642 1544 704 1592 Bae·
723 1528 726 1557 ¹
745 1545 863 1595 credibile
887 1552 924 1593 est
948 1561 1037 1594 noram
1057 1551 1170 1593 mentem
1191 1544 1296 1592 Horatio

156 1624 218 1672 chus
247 1626 360 1673 carmina
383 1625 486 1674 docebat
518 1631 542 1674 et
571 1623 705 1686 Nymphae
723 1560 727 1689 Ι
746 1624 864 1672 additam.
897 1623 978 1672 Aliud
995 1623 1092 1685 glossae
1107 1623 1251 1685 vestigium,
1266 1622 1296 1669 si·

157 1703 293 1761 discebant,
311 1704 384 1752 sicuti
401 1704 460 1752 dicit
477 1703 605 1752 Horatius.
627 1707 704 1763 Ayor.
746 1705 854 1752 cutiam
872 1701 937 1759 dixi,
952 1703 978 1750 in
995 1716 1024 1751 eo
1041 1708 1090 1758 est,
1106 1703 1176 1766 qnod
1193 1701 1296 1751 verbum

158 1780 258 1830 Scilicet
275 1789 367 1839 ruente,
384 1783 467 1831 diuino
484 1782 566 1831 furore
583 1787 704 1843 correpta.
746 1801 807 1849 aqor
823 1785 858 1832 ita
874 1782 1112 1845 interpretabantur:
1130 1782 1237 1831 “Mente
1253 1782 1296 1830 sci-

158 1859 257 1920 specus.
291 1861 383 1909 Antra.
425 1861 536 1910 Nemora
563 1867 587 1910 et
615 1865 703 1915 antra,
746 1865 815 1923 licet,
836 1877 885 1910 non
903 1875 1011 1924 corpore.
1045 1858 1158 1909 Ovidius.
1196 1862 1235 1912 Er
1251 1876 1297 1923 qtae

157 1938 257 2001 propria
280 1942 411 2002 poetarum
437 1941 504 1997 loca,
530 1938 585 1996 ubi,
605 1938 704 1986 coelesti
746 1958 795 1992 non
809 1957 911 2004 porrum
927 1955 1040 2003 empore,
1056 1939 1245 2002 menteferar.”
1270 1939 1297 1988 Si

157 2018 216 2080 igne
230 2019 418 2078 incalescentes,
443 2019 554 2067 carmina
574 2017 703 2066 canebant.
747 2021 860 2083 adiungis
885 2025 982 2076 mente,
1006 2018 1097 2066 minuis
1121 2018 1297 2081 cogitationem

157 2098 192 2145 Et
207 2112 267 2146 mox
284 2097 357 2156 dicit,
378 2111 404 2146 se
424 2097 458 2144 ibi
476 2099 515 2144 nil
532 2097 637 2144 rrrortule
652 2109 705 2143 esse
746 2101 837 2148 furoris
862 2099 946 2148 divini.
979 2099 1034 2147 Nec
1060 2097 1133 2147 facile
1159 2097 1230 2144 dictu
1249 2101 1297 2149 est,

157 2175 307 2224 locuturum.
343 2178 445 2225 Edonis.
471 2176 537 2238 Iuga
547 2176 705 2223 Edonasunt
747 2184 833 2226 utrum
850 2180 920 2226 velox
936 2192 1008 2240 aper,
1026 2190 1058 2224 an
1072 2175 1298 2226 coerrantium

158 2254 285 2304 Thraciae.
298 2254 399 2316 Cogitat
407 2261 489 2304 autem
497 2255 628 2317 praecipue
636 2267 705 2301 mon·
748 2257 922 2306 connectenda.

158 2341 208 2382 tem
225 2335 374 2398 Rhodopen,
393 2335 468 2383 saeris
485 2334 578 2383 Bacchi
594 2339 619 2382 et
635 2339 706 2382 coetu
769 2337 861 2385 Autris
870 2336 961 2398 epreqii
969 2334 1086 2383 Caesaris
1095 2334 1198 2382 audiar.
1206 2332 1298 2392 Unum,

158 2414 311 2463 Maenadum
340 2414 572 2462 celebratissimum.
615 2414 704 2461 Euius.
748 2417 834 2474 eredo,
869 2420 970 2462 antrum
999 2411 1144 2461 sufficiebat.
1187 2412 1224 2460 Et
1252 2425 1298 2460 cur

157 2492 275 2542 Sacerdos
300 2493 393 2542 Bacchi
418 2493 529 2552 furiosa,
558 2507 620 2555 quas
646 2491 705 2539 alibi
747 2496 838 2543 iterum
860 2498 953 2542 antra?
984 2493 1179 2541 Praecesserunt
1204 2505 1299 2552 apeme.

157 2571 275 2635 Thyadas
292 2572 409 2635 appellat.
433 2573 492 2620 Nora
507 2586 576 2620 secus
592 2570 705 2632 intusa.
749 2573 804 2621 Iam
821 2579 886 2621 recte
902 2573 928 2620 in
950 2578 1021 2620 antro
1041 2570 1194 2619 meditamur
1215 2577 1240 2619 et
1258 2584 1297 2618 ca·

157 2650 215 2697 Non
237 2650 309 2698 aliter
330 2650 434 2710 seilicet,
456 2657 531 2713 atque
547 2664 594 2712 ego
610 2656 706 2711 stupeo,
749 2651 845 2710 nimus,
872 2665 922 2698 non
947 2658 1031 2698 tamen
1056 2657 1085 2697 ut
1105 2649 1182 2712 longe
1199 2649 1300 2712 lateque

157 2727 243 2776 videus
271 2742 373 2776 nemora
400 2728 446 2775 illa
473 2735 498 2776 et
524 2742 618 2790 specus.
656 2729 705 2774 Nil
749 2731 892 2777 audiamur.
935 2731 1022 2777 Decus
1054 2729 1144 2790 cerarii
1175 2727 1299 2777 Caesaris

157 2808 271 2854 mortale.
288 2806 332 2853 Nil
341 2821 447 2869 parvum
456 2812 500 2853 aut
509 2806 600 2853 humili
608 2806 705 2853 mod0.''
749 2807 870 2871 surripuit
893 2807 997 2855 Horatio
1017 2806 1039 2854 Ι.
1061 2805 1145 2856 Carm.
1164 2806 1190 2854 e.
1227 2808 1300 2854 Lau·

158 2884 200 2931 Ex
216 2883 261 2931 tali
278 2884 493 2946 interpretatione,
508 2897 592 2931 omnes
609 2899 706 2942 versus,
749 2888 790 2935 des
806 2887 896 2948 epreqii
915 2886 1039 2934 Caesaris.
1074 2884 1123 2933 Sed
1145 2885 1220 2932 decus
1238 2884 1301 2934 Cae·

158 2977 220 3025 quos
240 2977 293 3012 essa
313 2963 386 3011 credo
405 2977 456 3011 non
475 2977 618 3025 germanos,
634 2963 707 3013 facile
749 2966 809 3013 saris
825 2965 925 3013 omnino
941 2964 1050 3012 alienum
1067 2970 1105 3012 est
1121 2964 1154 3012 ab
1167 2964 1217 3012 hac
1231 2978 1302 3026 prae·

158 3042 338 3105 profluxerunt.
749 3043 849 3092 satione.
883 3043 978 3091 Plenus
999 3043 1092 3091 Bacchi
1119 3043 1207 3090 laudes
1233 3044 1301 3092 Bac·

194 3123 244 3168 Tui
259 3123 369 3184 plenum.
396 3121 496 3171 Usitata
507 3120 614 3170 formula
624 3122 706 3181 deiis,
750 3123 790 3172 chi
811 3128 902 3172 cantat.
937 3122 1019 3172 Sicuti
1043 3122 1154 3170 cantavit
1179 3123 1302 3171 Horatius

159 3201 202 3263 qui
228 3201 330 3249 numine
357 3201 407 3250 Dei
434 3202 569 3264 agitantur.
617 3199 704 3249 Valer.
750 3202 786 3251 11.
805 3200 889 3251 Carni.
910 3203 947 3250 19.
960 3200 1145 3251 Grammaticus
1155 3200 1245 3249 videns
1256 3201 1304 3249 illa

159 3278 243 3328 Flacc.
260 3280 296 3328 11.
313 3281 410 3343 Argon.
428 3282 484 3329 441.
519 3282 568 3328 Illi
583 3283 632 3330 sole
647 3295 708 3330 aava
752 3283 799 3329 Nil
825 3283 932 3330 mortale
957 3282 1058 3343 loquar,
1083 3286 1108 3328 et
1133 3280 1246 3341 cogitans
1272 3281 1304 3329 de

160 3361 221 3408 laeti
232 3362 348 3422 plerique
362 3362 482 3408 Deorum.
500 3358 559 3407 Vid.
569 3359 706 3407 Burmann.
750 3366 898 3422 argumento
919 3365 972 3406 tam
992 3359 1078 3420 magni
1099 3358 1231 3421 carminis,
1253 3365 1303 3407 sta-

200 3440 272 3497 Quae
295 3454 396 3488 nemora
430 3443 477 3486 aut
501 3453 562 3501 quos
591 3454 651 3501 opor
679 3440 707 3486 ir
750 3439 795 3487 tim
821 3439 926 3501 arripuit
950 3438 1049 3486 solitum
1071 3437 1149 3501 poetis
1166 3453 1303 3500 argumen-

159 3533 257 3581 speeus.
290 3519 357 3567 Alii:
378 3534 442 3581 qaue
462 3520 489 3566 in
510 3534 624 3575 murore,
641 3525 708 3567 recte
749 3525 815 3576 tum,
832 3518 964 3568 caesarem
980 3505 1134 3580 Augustum.

161 3595 305 3644 aBentleio
325 3597 489 3659 repudiatum.
523 3597 618 3645 Eadem
635 3613 706 3660 prae·
783 3597 922 3646 Aeternum
946 3599 1071 3646 meditans
1099 3599 1173 3646 deme
1210 3598 1302 3647 Stellio

160 3675 248 3737 positio
264 3675 290 3722 in
300 3674 376 3738 priori
387 3674 540 3723 substantivo
550 3676 707 3739 intelligitur,
749 3679 858 3726 inserere
879 3683 904 3726 et
924 3678 1026 3726 canalio
1051 3677 1128 3724 Iouis.
1167 3674 1303 3738 Ambigua

160 3755 226 3817 quod
236 3755 350 3803 librarios
361 3768 434 3817 saepe
445 3753 538 3803 fefellit.
556 3754 706 3805 Conicert.
749 3762 775 3804 et
793 3756 893 3818 ingrata
914 3755 1049 3804 verborum
1069 3753 1233 3803 constructio:
1256 3770 1302 3803 au·

161 3835 192 3882 ad
208 3835 303 3883 Lucan.
321 3834 358 3882 11.
375 3834 415 3882 85.
439 3834 580 3883 Burmann.
600 3835 632 3882 ad
649 3835 707 3884 Vir·
749 3835 820 3891 aliar,
850 3836 973 3883 meditans
997 3835 1118 3890 inserere,
1143 3848 1174 3881 an
1202 3835 1300 3882 audiar

161 3913 203 3977 gil.
220 3914 269 3963 VI.
299 3913 366 3963 Aen.
385 3913 442 3961 692.
467 3913 551 3961 Hand,
576 3914 607 3960 ad
634 3913 707 3963 Statii
750 3915 870 3970 iruerere,
890 3915 1014 3963 nieditaras
1033 3915 1113 3962 decus.
1145 3913 1237 3974 Neque
1254 3928 1301 3961 me

161 3991 224 4041 silv.
240 4008 297 4055 pag.
308 3994 363 4042 413.
380 3999 405 4042 et
421 3992 560 4041 Hermann.
578 3992 609 4039 ad
620 3992 706 4055 Vigor.
750 3994 831 4039 ditari
848 3998 936 4054 aptum
952 3993 1011 4040 huie
1028 3993 1063 4040 rei
1081 3998 1106 4041 et
1122 3992 1178 4040 loco
1194 3991 1302 4040 verbum

160 4086 217 4133 pag.
235 4073 292 4120 854.
750 4077 794 4119 est.
830 4070 989 4120 Meditamur
1010 4085 1122 4128 carmen,
1143 4071 1205 4117 dum
1222 4070 1255 4117 ad
1272 4069 1302 4117 il-

198 4154 274 4200 Velox
290 4157 371 4200 mente
386 4166 456 4199 nova.
483 4149 709 4213 Grammatici,qui
750 4150 795 4198 lud
821 4149 961 4197 canendum
986 4165 1031 4198 nos
1060 4164 1241 4212 praeparamus
1274 4155 1302 4197 et

161 4236 185 4277 et
201 4230 322 4293 poeticam
339 4228 468 4285 faciebant,
484 4229 616 4277 Lucanum
631 4229 708 4277 admi·
752 4243 903 4278 exercemus.
929 4228 1012 4277 Homo
1028 4226 1121 4276 Bacchi
1140 4225 1233 4290 plenus
1250 4241 1300 4274 non

161 4308 281 4356 rabantur
291 4314 315 4356 et
325 4306 445 4354 imitando
454 4307 632 4369 exprimebant.
659 4308 708 4356 Hic
729 4330 731 4373 ς
751 4308 900 4365 meditatur,
925 4321 976 4355 nou
995 4306 1103 4369 cogitate
1124 4306 1221 4365 scribit,
1249 4306 1299 4364 sed,
