2916 5220
543 305 771 369 LIBER.

466 546 713 610 CARMEN
759 548 852 611 VIII.

271 686 409 787 Rogare
432 701 531 786 longo
555 703 708 787 putidam
732 716 765 768 te
789 704 934 785 saeculo,

313 805 408 869 Vires
433 805 512 889 quid
536 816 668 871 enervet
690 808 798 871 meas!

270 908 380 988 Quum
404 909 449 973 sit
472 908 533 974 tibi
557 910 637 974 dens
661 916 749 992 ater,
774 916 807 974 et
829 909 920 994 rugis
944 914 1038 975 vetus

313 1012 470 1076 Frontem
494 1019 645 1078 senectus
670 1019 799 1095 exaret,

272 1116 416 1201 Hietque
440 1116 546 1200 turpis
572 1116 658 1181 inter
680 1117 788 1182 aridas
813 1123 906 1181 nates

271 1285 275 1290 ,
316 1219 445 1301 Podex,
470 1219 562 1284 velut
585 1219 703 1284 crudae
725 1219 837 1284 bovis!

272 1321 336 1386 Sed
358 1321 476 1386 incitat
499 1344 552 1386 me
574 1327 689 1406 peetus
719 1328 752 1387 et
775 1344 940 1388 mammae
961 1328 1096 1407 putres,

316 1425 447 1509 Equina
471 1425 582 1509 quales
606 1426 720 1507 ubera,

269 1527 455 1613 Venterque
477 1528 589 1593 mollis
620 1536 653 1592 et
675 1528 782 1593 femur
805 1529 1014 1595 tumentibus

297 1632 395 1696 Exile
419 1632 507 1697 suris
540 1632 699 1696 additum.

271 1735 354 1800 Esto
378 1736 489 1801 beata:
515 1736 614 1801 funus
639 1743 737 1821 atque
761 1737 924 1822 Imagines

314 1839 446 1902 Dueant
470 1839 684 1922 triumphales
709 1843 824 1922 tuum,

273 1943 341 2008 Nee
365 1943 410 2007 sit
432 1944 567 2025 marita,
594 1966 677 2029 quae
699 1943 943 2010 rotundioribus

316 2045 444 2111 Onusta
467 2047 574 2111 baccis
598 2047 754 2112 ambulet.

272 2147 379 2226 Quid?
403 2150 490 2234 quod
513 2149 618 2215 libelli
643 2149 746 2216 Stoici
769 2150 854 2215 inter
881 2152 998 2216 serieos

315 2252 423 2316 Iacere
446 2253 605 2337 pulvillos
629 2259 763 2335 amant,

272 2355 427 2420 nlnerau
450 2377 531 2419 num
554 2356 664 2420 minus
689 2357 780 2420 nervi
804 2355 932 2440 rigent,

316 2458 468 2523 Minusve
492 2459 629 2544 languet
655 2458 842 2523 fascinum?

272 2561 367 2641 Quod
386 2567 424 2626 ut
448 2563 586 2647 superbo
608 2585 761 2647 provoces
786 2562 827 2627 ab
847 2561 1001 2647 inguine,

314 2664 376 2730 Ore
401 2665 649 2730 allaborandum
678 2673 729 2730 est
753 2665 822 2730 tibi.

714 2873 786 2932 Quae
794 2875 989 2922 rotundioribus.
1002 2871 1065 2921 Trio
1073 2871 1148 2922 MSS.
1158 2872 1229 2923 Leid.

241 2950 393 3001 CARMEN
409 2950 487 2999 VIII.
678 2955 867 3002 maturioribus.

712 3033 833 3080 Minoave
854 3034 956 3093 lanquet
966 3029 1120 3092 fossensem?
1154 3029 1228 3089 Quod

135 3077 285 3172 Venterque
302 3109 383 3158 mollis
400 3113 425 3156 et
433 3107 523 3171 femur
540 3113 636 3155 tutnen-
679 3109 784 3158 Guietus
802 3111 949 3166 coniecerat,
967 3107 1087 3170 probante
1103 3107 1227 3170 Bentleio,

91 3192 159 3239 tibur
186 3190 262 3237 Exite
278 3189 481 3237 sumadditum.
515 3187 638 3248 Hierony·
679 3191 794 3250 alapisve,
809 3189 873 3236 idem
885 3186 989 3236 coniecit
997 3186 1179 3235 Broukhusius.
1197 3187 1229 3235 In

90 3283 149 3316 mus
169 3270 248 3332 Epist.
270 3269 309 3316 84.
328 3268 392 3315 inter
408 3267 506 3314 morbos
524 3271 639 3313 numerat
679 3268 757 3318 MSS.
766 3269 814 3316 hae
826 3282 898 3316 voees
911 3280 982 3329 saepe
992 3271 1148 3329 permutatae
1161 3270 1227 3314 sunt.

91 3354 216 3398 tumentes
241 3350 327 3407 alvos,
352 3349 417 3395 exile
433 3347 536 3409 senaar,
561 3362 639 3398 crura
680 3347 754 3403 Vide,
763 3353 861 3409 praeter
873 3347 941 3404 alios,
954 3346 1092 3394 Burmann.
1106 3345 1136 3390 ad
1150 3343 1228 3404 Quin-

90 3430 228 3490 rurpentiu.
262 3427 431 3488 Hieronymus
447 3425 524 3488 probe
541 3425 640 3475 tenebat
680 3426 968 3475 etil.VIII.Deelam.l.
981 3424 1229 3487 Verumputomupr'e

91 3506 235 3555 Horatium.
681 3507 751 3554 nervi
767 3506 862 3568 ripeut,
880 3509 908 3551 ut
921 3504 953 3552 N.
963 3502 1079 3552 Heinsius
1093 3501 1203 3550 coniecit.
