2916 5220
240 326 304 388 386
681 323 935 387 CARMEN

426 511 569 597 Virpr'aes
592 510 687 574 betas
709 531 885 595 puerosque
908 518 1026 590 castas,

419 614 499 694 Dis,
523 610 632 697 quibus
654 623 771 698 septem
788 613 940 697 placuere
963 611 1072 691 celles,

505 717 622 780 Dicere
644 738 776 785 carasca.

418 819 516 883 Alme
541 819 614 900 Sol,
638 841 734 884 curru
758 819 865 882 nitido
889 819 977 883 diem
1000 818 1057 902 qui

416 922 544 987 Promis
573 929 606 988 et
628 923 713 987 celas
743 923 892 1006 aliusque
916 920 1060 985 elidem

417 1025 587 1107 Nasceris,
612 1026 719 1111 possis
744 1024 829 1089 nihil
853 1025 932 1089 urhe
957 1024 1060 1086 Ronra

508 1128 621 1194 Visere
645 1129 769 1193 maius!

419 1232 494 1296 Rite
518 1238 663 1297 maturos
688 1232 811 1317 aperire
834 1239 948 1316 partus

419 1335 536 1416 Lenia,
562 1335 713 1419 ilithyia,
739 1342 828 1399 tuere
852 1343 991 1415 matres,

421 1437 495 1502 Sive
519 1444 557 1503 tu
581 1439 706 1503 Lucina
727 1439 846 1524 probas
870 1439 978 1503 vocari

510 1542 573 1608 Seu
599 1542 772 1608 Genitalis.

240 1717 304 1779 gissa
325 1716 423 1764 videtur
444 1716 584 1766 comment.
604 1714 648 1778 qui
664 1716 696 1763 ad
712 1715 789 1764 verba
829 1733 887 1773 νος,
904 1716 997 1774 ἥντινα
1015 1714 1062 1764 εἶδε
1080 1715 1181 1783 πόλεων
1199 1718 1251 1762 τῶν
1265 1714 1326 1763 τότε
1338 1731 1382 1777 ps·

239 1797 321 1844 dicere
337 1811 438 1844 caraea
454 1796 594 1843 annotavit:
611 1794 704 1842 scilicet
721 1796 786 1842 date.
829 1795 919 1859 γίστην
935 1795 1018 1854 ἥλιος.
1042 1792 1150 1843 Anthol.
1166 1792 1263 1841 Iaoobs.
1283 1808 1309 1855 p.
1324 1794 1381 1841 341.

239 1874 276 1922 Ut
292 1874 409 1922 credibile
428 1874 460 1921 sit
477 1874 503 1921 in
520 1872 649 1921 nonnullis
666 1871 788 1933 exemplis
828 1874 919 1938 νόσφιν
948 1872 1080 1938 Ὀλύμπου
1105 1870 1194 1929 ’Ἀλιος
1224 1871 1301 1920 οὐδὲν
1331 1891 1381 1921 που

240 1951 328 1999 fuisse:
345 1954 413 2010 date,
429 1967 493 2013 quae
507 1966 649 2012 precamur,
670 1951 789 2012 Tempore
828 1955 900 2002 τοῖον
917 1952 1086 2017 ἐπηυγάσατο.

239 2044 325 2091 sacro,
353 2037 390 2087 et,
424 2031 499 2089 Quod
528 2031 649 2092 Sibyllini
674 2043 789 2076 menuae
862 2033 970 2093 aperire
985 2037 1085 2095 partus.
1119 2030 1263 2079 Nemesien.
1282 2029 1380 2094 Cyneg.

239 2124 339 2165 vasus,
360 2112 476 2173 Vlrpiaes
493 2109 570 2158 lectas
587 2123 622 2171 sq.
831 2111 884 2160 132.
908 2113 1051 2161 Foecuados
1066 2111 1150 2173 aperit
1163 2115 1259 2172 partus
1275 2117 1381 2159 matura

278 2191 392 2251 Vir-pines
409 2191 492 2238 lectas.
509 2188 584 2238 MSS.
603 2203 681 2236 unum
699 2189 771 2236 letas.
827 2193 942 2253 precem.

275 2267 339 2323 Dis,
360 2269 451 2329 quibus
466 2273 559 2330 sepiem
573 2269 692 2328 placuere
708 2269 787 2315 colles.
863 2271 913 2319 Seu
933 2272 1069 2320 Genitalis.
1097 2269 1228 2320 Bentleius
1244 2268 1321 2316 solita
1337 2284 1383 2317 sua

240 2347 312 2394 Ficta
327 2346 582 2409 putocxIV.Carm.
595 2347 631 2395 12.
644 2345 790 2403 ll.Deum,
828 2349 922 2411 Ingenii
943 2356 967 2397 et
989 2350 1133 2399 eruditionis
1159 2351 1232 2412 copie
1251 2349 1379 2397 coniectu-

241 2429 283 2476 cur‘
306 2442 382 2489 pecus
405 2434 431 2476 et
455 2429 524 2490 aipri
552 2429 633 2476 Colles
659 2428 789 2474 Arcadiae
829 2442 883 2475 ram
911 2430 1052 2491 Genetpllis
1076 2436 1191 2477 ornatam
1212 2430 1381 2477 commendat.

241 2507 349 2568 placeat.
384 2505 433 2556 Sed
449 2512 535 2553 auctor
551 2505 597 2553 hoc
613 2505 718 2553 verbnm
732 2517 787 2551 con·
829 2507 971 2555 Bentleium
986 2517 1116 2571 propterea
1131 2508 1247 2555 laudavit
1257 2507 1381 2556 Burman.

243 2592 282 2632 tra
298 2599 392 2633 morem
409 2590 522 2634 veterum
539 2585 687 2646 scriptorum
698 2583 788 2647 posuit.
830 2585 862 2631 ad
888 2584 1001 2648 Propert.
1022 2587 1072 2636 111.
1097 2587 1121 2635 8.
1146 2586 1184 2634 ll.
1218 2588 1276 2649 Ego
1301 2601 1383 2650 neque

242 2663 293 2712 Res
313 2663 432 2711 nimirum
454 2670 479 2712 ct
500 2663 555 2711 loca
570 2662 717 2710 numinibus
732 2665 790 2724 pia·
834 2665 976 2713 (lenitatem
992 2680 1072 2729 neque
1092 2665 1240 2729 Genetpllr'a
1258 2681 1307 2728 pro
1324 2680 1384 2715 vera

243 2758 297 2792 cere
317 2744 444 2801 dicuntur,
470 2742 560 2804 quibus
584 2749 704 2805 perpetuo
725 2742 790 2791 dele·
831 2742 936 2792 lectione
966 2743 1054 2793 habeo·
1092 2747 1245 2808 Genetylls's,
1267 2745 1285 2804 ἡ
1310 2751 1383 2795 Γενε-

243 2821 304 2868 etati
328 2828 387 2869 sunt
412 2828 436 2870 et
459 2821 626 2878 delcetantur,
653 2822 678 2868 in
700 2821 790 2882 quibus
831 2823 931 2882 τυλλίς,
948 2830 986 2871 cst
1001 2838 1096 2873 numen
1112 2824 1179 2872 haud
1196 2825 1233 2872 ita
1243 2825 1384 2887 cognitum,

243 2899 302 2946 locis
327 2900 458 2961 praecipue
483 2899 641 2956 habitabant,
666 2914 743 2960 quae,
769 2901 791 2948 si
831 2901 902 2949 cuius
924 2903 1054 2965 aliquoties
1075 2902 1228 2950 mentionem
1245 2901 1307 2949 iacit
1323 2903 1383 2950 Ari-

243 2979 342 3040 quando
359 2980 613 3042 relinquant‚'tamen
631 2978 735 3027 subinde
752 2993 789 3027 re·
832 2983 975 3045 stophanes:
1002 2997 1083 3045 neque
1103 2981 1178 3029 habet
1195 2987 1292 3029 certam
1308 2982 1384 3044 signi-

244 3057 335 3107 visunt.
358 3058 521 3122 Septemvero
529 3059 605 3107 colles
614 3065 672 3106 ante
683 3059 789 3107 Romam
832 3063 984 3120 ficationem,
1010 3063 1075 3126 quod
1101 3068 1204 3124 apparet
1223 3077 1256 3110 ex
1277 3062 1382 3110 dirersis

243 3139 367 3187 conditam
384 3140 439 3188 Diis
455 3139 534 3201 ignoti
551 3138 626 3186 fuisse
641 3137 765 3187 videntur.
832 3141 1058 3191 Grammaticorum
1066 3141 1382 3205 interpretationemque-

278 3219 400 3280 Allusque
420 3224 445 3267 et
465 3220 531 3266 idem
551 3219 670 3266 nasceris.
704 3216 790 3265 Imitu·
832 3237 887 3270 rum
909 3223 951 3270 alii
971 3223 1058 3270 dicunt
1078 3220 1153 3269 fuisse
1170 3223 1284 3270 comitem
1305 3225 1382 3271 Verre·

243 3296 317 3344 tionis
328 3298 434 3360 vestigia
444 3303 562 3360 apparent
572 3297 598 3344 in
610 3297 717 3346 Senecae
728 3297 789 3359 Hip·
831 3303 880 3359 ria,
897 3302 940 3350 alii
960 3303 1135 3364 Gerutpllidas
1151 3304 1253 3350 comites
1269 3304 1383 3359 Dianae,

243 3376 292 3437 pol.
310 3377 366 3427 782.
391 3379 460 3426 ηιοάο
483 3379 549 3425 lotus
565 3377 641 3424 uadis
658 3379 790 3439 Hesperus
831 3381 874 3428 alii
893 3383 1077 3443 Gerulpllidem
1094 3380 1223 3443 appellant
1234 3382 1320 3442 ipsam
1338 3383 1382 3429 Ve-

241 3459 322 3518 paIsis
347 3460 432 3506 dirum
457 3459 564 3506 terrebris
589 3456 695 3520 Lucifer
715 3459 788 3506 idenr.
830 3476 921 3508 uaeas.
966 3461 1136 3522 Exemplum,
1163 3460 1189 3507 in
1216 3473 1267 3523 quo
1296 3459 1384 3508 Diana

243 3537 336 3584 Minui.
361 3537 434 3585 Felix
459 3535 547 3585 Octav.
571 3551 629 3598 pag.
650 3536 691 3584 38.
731 3537 789 3597 Sic,
831 3539 980 3596 Γενετυλλίς
1003 3539 1157 3595 nominatur,
1182 3538 1314 3586 Bentleius
1331 3554 1382 3588 non

243 3617 398 3679 coupepaiis
424 3617 520 3677 ipsium
544 3617 694 3673 terratribus,
721 3617 790 3664 Soles
830 3619 944 3667 ostendit.
978 3618 1067 3675 Adde,
1084 3618 1150 3681 quod
1167 3617 1269 3666 Nioetas
1282 3619 1309 3666 in
1322 3620 1382 3682 Epi-

243 3694 306 3742 allos
317 3699 392 3757 atque
403 3697 466 3743 alios
476 3709 573 3756 semper
583 3695 718 3757 splendere.
739 3694 790 3744 Ubi
831 3696 903 3745 thetis
920 3698 1033 3745 Deorum
1044 3697 1109 3760 apud
1121 3695 1274 3745 Creuaorum
1285 3697 1313 3744 iu
1325 3698 1381 3746 Me·

243 3773 316 3821 Felix
336 3773 445 3836 respexit
465 3772 576 3821 Lucretii
592 3773 625 3820 V.
642 3773 699 3821 659.
728 3773 789 3821 Ter·
830 3774 912 3824 letem.
931 3776 1002 3825 Part.
1020 3777 1041 3825 Ι.
1058 3791 1115 3839 pag.
1136 3776 1173 3824 12.
1190 3775 1289 3823 scribit:
1308 3781 1382 3826 Γενε-

243 3852 299 3900 tnll.
322 3853 352 3900 de
373 3852 455 3900 Pallio
476 3867 529 3915 cap.
547 3854 570 3901 3.
593 3852 622 3900 de
643 3852 732 3915 pluma
747 3867 790 3915 pa·
831 3855 958 3913 τυλλίδος.
985 3857 1091 3915 abarae.
1133 3855 1222 3916 Neque
1250 3854 1276 3901 in
1303 3854 1381 3904 Com·

243 3933 328 3980 vonis:
353 3934 499 3981 Multicolcr
521 3938 546 3981 et
566 3933 708 3988 uersicolor,
726 3947 789 3993 qua,
830 3935 957 3983 mentariis
974 3934 1054 3984 Servii
1071 3942 1096 3983 et
1112 3933 1303 3997 Porphyrionis,
1321 3950 1384 3997 quos

241 4027 371 4073 aanqrcam
387 4013 457 4073 ipsa,
473 4027 570 4073 semper
587 4013 649 4072 alia,
666 4014 714 4059 etsi
724 4027 787 4060 ⁴sear-
830 4015 934 4062 advocat
950 4013 1093 4070 Beothius,
1115 4013 1199 4061 ullum
1223 4012 1383 4077 Genetyllidi

240 4107 287 4152 per
307 4094 365 4153 ipsa
385 4093 485 4152 quaudo
506 4093 570 4147 alia,
593 4091 666 4139 toties
686 4093 790 4153 denique
830 4093 981 4155 praesidium
999 4092 1089 4141 inveni.
1116 4092 1221 4141 Servius
1239 4093 1338 4155 scripsit
1351 4095 1384 4141 ad

242 4172 377 4225 uiolanda,
394 4171 489 4232 quoties
504 4171 629 4218 mouenda.
829 4172 923 4235 Virgil.
942 4171 991 4219 IV.
1005 4172 1094 4232 Eclog.
1129 4173 1167 4218 10.
1209 4170 1293 4219 Castu
1314 4173 1382 4235 sare

276 4251 364 4297 Posala
380 4251 445 4297 aibil
461 4251 521 4298 urbe
539 4250 621 4296 Roma
639 4251 725 4297 Visere
737 4265 788 4297 ma-
830 4252 944 4299 Luciaa:
962 4250 1056 4299 “Modo
1073 4250 1195 4299 Lucinam
1211 4250 1324 4299 Dianam
1343 4266 1382 4299 ac-

241 4332 287 4377 ius.
322 4327 462 4376 Pausanias
489 4327 564 4375 VIII.
587 4328 627 4375 33.
662 4328 787 4389 Βαβυλῶ-
830 4330 940 4390 cipimus.
959 4328 1000 4378 Sic
1008 4329 1129 4376 Horatius
1140 4326 1225 4376 Carm.
1233 4328 1382 4379 saeculis.
