2916 5220
581 832 900 918 INDEX

387 1141 586 1199 RERUM
630 1143 693 1200 ET

416 1739 459 1790 A.

162 1869 204 1915 Au
220 1868 245 1914 et
261 1869 279 1916 d
294 1867 319 1915 in
336 1869 407 1915 MSS.
420 1883 489 1931 saepe
500 1869 635 1929 permutata
652 1867 709 1913 304.

164 1947 205 1993 Ab
222 1945 239 1992 i.
262 1961 286 2008 q.
308 1946 448 2010 proculab,
471 1951 499 1994 ut
516 1947 632 1994 Graecum
656 1946 708 1993 ἄπο

196 2038 240 2086 pro
258 2025 363 2075 ἄπωθεν
381 2025 437 2083 280,
456 2042 477 2075 4.

163 2107 204 2154 Ab
221 2107 314 2155 duellis
331 2107 387 2163 330,
397 2105 420 2153 b.

163 2188 231 2234 Audi
254 2189 353 2251 oppidis
374 2186 489 2235 militibus
513 2202 561 2234 non
583 2185 708 2234 honestum

197 2263 286 2322 eous.

161 2342 242 2392 Abire
262 2343 290 2391 de
306 2342 462 2392 morientibus
480 2344 536 2400 304,
549 2342 572 2390 b.

736 1141 1077 1203 VERBORUM.

750 1706 953 1771 Allegoriueo
974 1707 1029 1755 navi
1045 1711 1136 1758 sumine
1153 1712 1193 1759 55.

749 1786 931 1837 Alliterstio
951 1789 1057 1835 veterum
1075 1786 1219 1850 scriptorum
1237 1787 1294 1835 225.

751 1867 850 1915 Allium
868 1882 898 1914 en
914 1868 994 1916 alium
1011 1866 1068 1915 333.

749 1945 869 2010 Alloquia
886 1946 943 2004 307,
955 1945 979 1995 b.

748 2028 860 2089 Alphius
876 2027 1012 2075 foenerator
1029 2025 1086 2083 339,
1100 2041 1123 2074 s.

735 2107 830 2164 Alter,
848 2104 989 2169 41ἕτερος,
1007 2103 1124 2152 inisustus
1142 2104 1199 2162 144,
1211 2103 1235 2152 b.

748 2186 869 2247 Alyatteo
886 2184 941 2241 230,
954 2182 977 2232 b.

748 2262 834 2312 Amice
847 2265 908 2325 poti
925 2263 982 2319 184,
1000 2277 1022 2310 4.

747 2342 833 2391 Amico
841 2344 924 2391 auimo
936 2343 1005 2398 dure,
1018 2340 1108 2387 Gnaeos
1121 2338 1192 2386 dictio
1203 2338 1259 2395 305,
1271 2353 1293 2385 4.

161 2419 318 2470 Ablstivus
344 2423 394 2471 sino
411 2421 586 2486 praepositione
607 2426 638 2472 ab
656 2437 709 2470 oum
748 2423 864 2471 Amicum
883 2427 992 2484 tempus,
1010 2418 1059 2467 dies
1076 2418 1133 2476 214,
1147 2416 1169 2466 b.

195 2498 266 2548 verbo
284 2500 376 2564 passivo
395 2500 435 2557 27,
448 2515 470 2547 a.

164 2581 352 2628 Acroceraunia
370 2578 410 2634 22,
420 2593 441 2625 o.

161 2660 227 2706 Acte
242 2660 266 2704 et
284 2661 364 2714 Acta,
383 2672 469 2705 nomen
481 2656 581 2704 feminae
598 2655 655 2714 347,
667 2654 691 2703 b.

160 2737 275 2784 Adamas
291 2738 315 2783 41
331 2737 514 2784 adarrautiuue
531 2736 571 2782 30.

160 2816 262 2864 Addere
278 2817 301 2861 et
319 2830 443 2877 apponere
460 2813 580 2861 custodem
598 2813 654 2870 203,
667 2812 690 2860 b.

160 2891 322 2941 Adiectivu
346 2891 370 2938 in
388 2895 471 2940 neutro
494 2891 580 2955 plurali
598 2890 706 2940 substan-

193 2971 241 3018 tive
258 2968 336 3033 posite
354 2970 410 3029 103,
427 2968 450 3018 b.

161 3051 278 3099 Adiieere
294 3052 375 3112 gentes
392 3048 492 3112 imperio
511 3050 567 3106 204,
579 3065 600 3099 4.

158 3131 268 3177 Adulter
285 3131 308 3175 et
326 3129 481 3177 adulterium
499 3129 555 3185 375,
569 3127 592 3177 b.

158 3205 304 3254 Aedificendi
321 3206 346 3253 in
362 3206 423 3254 mari
440 3205 531 3254 insania
548 3207 604 3264 170,
618 3206 641 3255 b.

158 3288 305 3335 Aemulatio
321 3288 345 3332 et
361 3287 472 3335 imitatio
490 3285 547 3335 278.

160 3366 232 3413 Aera
251 3363 386 3413 Corinthia
403 3362 460 3420 307,
473 3377 494 3410 a.

160 3445 322 3492 Aesculetum
340 3442 379 3500 78,
398 3441 421 3490 b.

158 3521 300 3570 Aeteruare
318 3520 374 3579 323,
387 3519 410 3567 b.

159 3603 257 3648 Aeuum
274 3600 312 3662 (iu
329 3602 353 3646 41
367 3600 423 3662 per)
441 3599 498 3655 324,
515 3614 537 3646 o.

159 3681 240 3742 Apere
252 3692 294 3740 pro
308 3679 430 3728 adducere
441 3681 465 3725 et
476 3679 598 3726 abducere
616 3676 671 3733 213,
682 3675 705 3724 b.

160 3756 344 3822 Ἀγνοοὺμενος
361 3757 519 3820 κληρονόμος
536 3756 593 3813 170,
604 3771 625 3803 a.

158 3839 279 3899 Appteus,
299 3835 417 3898 Apollinis
435 3850 520 3883 nomen
538 3834 594 3892 229,
607 3851 628 3883 4.

157 3914 239 3972 Αἰδὼς
256 3913 281 3961 in
298 3913 381 3976 Eurip.
400 3913 477 3976 Hipp.
495 3918 539 3972 (vs.
552 3912 593 3972 73)
611 3914 651 3972 85,
665 3911 688 3961 b.

159 3995 247 4043 Alcaei
260 3996 368 4055 lrpomus
378 3994 407 4040 iu
419 3992 589 4047 Mercurium,
608 3990 705 4039 Horatii

191 4071 324 4120 imitatione
342 4086 465 4134 expressus
482 4070 523 4127 41,
535 4085 555 4117 4.

159 4153 247 4199 Allalt
257 4154 280 4197 41
289 4152 402 4212 allapsus
412 4148 440 4196 de
449 4147 597 4212 serpentibus
615 4150 671 4208 334,
682 4147 705 4197 b.

157 4229 335 4292 Allegoriao
353 4227 503 4275 continuatae
522 4229 560 4284 55,
574 4243 595 4274 o.

747 2503 819 2548 Amor
836 2514 879 2564 per
896 2513 978 2546 aurem
995 2496 1088 2545 afflatur
1107 2495 1161 2553 142,
1174 2511 1196 2543 n.

747 2584 849 2630 Amores
866 2579 894 2627 do
910 2577 1009 2626 honesto
1027 2580 1051 2624 et
1068 2575 1202 2624 vehementi
1213 2591 1293 2625 amore

779 2659 834 2717 280,
847 2675 869 2706 s.

747 2738 901 2802 Amphiarai
917 2735 998 2784 fabula
1014 2732 1071 2782 232.

747 2816 845 2879 Aupuie
862 2815 970 2864 feminini
987 2812 1081 2876 generis
1098 2811 1155 2860 150.

746 2897 855 2944 Animus
871 2901 910 2944 441
925 2897 994 2946 circa
1010 2894 1078 2956 quid,
1095 2892 1211 2938 Graecum
1218 2892 1242 2938 41
1250 2904 1291 2936 un·

777 2973 870 3036 tiquum
888 2974 944 3031 131,
959 2988 981 3021 4.
1117 2959 1121 2968 ’

746 3053 852 3100 Animus
868 3053 956 3108 vietor,
983 3052 1042 3098 4441.
1068 3062 1111 3111 pro
1137 3047 1215 3094 animo
1238 3047 1290 3094 vin-

777 3131 853 3186 cente,
873 3130 933 3176 onst.
952 3128 1009 3186 314,
1022 3143 1043 3174 u.

746 3210 849 3265 Auuus,
867 3209 920 3256 dies
937 3209 961 3255 41
978 3209 1040 3256 liora
1057 3220 1125 3268 saepo
1143 3205 1289 3268 coniungun-

776 3289 816 3334 tur
834 3285 890 3342 302,
905 3301 926 3333 s.

746 3366 871 3414 Autouiur
880 3364 977 3427 (Iulus)
989 3360 1109 3411 triumviri
1118 3361 1180 3409 filius
1198 3361 1254 3417 278,
1266 3359 1289 3408 b.

746 3446 872 3494 Antonius
889 3442 979 3507 Rufus
997 3441 1053 3489 280.

746 3525 852 3586 Aperire
878 3525 901 3570 et
926 3523 1072 3572 abscondere
1093 3524 1183 3568 terram
1210 3519 1289 3577 (ἀπο-

671 3616 674 3620 ‘
776 3601 894 3667 κρύπτειν
910 3603 969 3666 γῆν)
987 3598 1015 3646 do
1031 3597 1109 3646 nautis
1127 3597 1183 3645 235.

745 3684 850 3744 Appare
867 3678 949 3738 fortir,
966 3692 1010 3742 pro
1028 3679 1063 3727 sie
1076 3675 1146 3724 fortis
1164 3677 1220 3733 146,
1232 3673 1256 3724 h.

745 3762 763 3806 A
768 3761 887 3822 pplorare
898 3757 977 3816 elicui,
989 3755 1227 3822 rpooollopipeoiai
1240 3773 1289 3804 τινι

777 3837 832 3894 301,
851 3835 875 3884 b.

745 3917 761 3960 A
770 3931 785 3978 p
792 3913 957 3978 positionis
966 3913 1080 3978 pulchrae
1091 3911 1258 3975 exemplu272‚
1268 3927 1288 3960 4.

746 3997 764 4041 A
769 3995 835 4057 prici
845 3994 926 4055 florea
943 3994 982 4050 85,
995 3991 1018 4041 b.

745 4076 844 4135 Aptare
861 4087 935 4120 arma
956 4071 1012 4130 353,
1026 4086 1047 4118 n.

745 4153 847 4213 Apulus
864 4150 888 4197 et
906 4151 1004 4211 Apulia
1021 4146 1077 4201 107,
1090 4145 1114 4194 b.

747 4228 940 4292 :lquacoeleatis
957 4240 1001 4290 pro
1019 4224 1099 4288 pluvia
1125 4225 1181 4282 240,
1195 4241 1217 4274 4.

1111 4322 1151 4384 ffi
