2916 5220
534 306 707 371 trienii
753 305 817 369 lii.

377 496 540 559 Hectoreis
561 493 670 579 opibus
692 493 858 579 resrinpit:

296 601 483 684 Nostrisqna
504 598 629 662 ductura
651 596 851 662 seditionibus

283 704 409 769 Bellum
426 703 550 768 resedit.
591 703 747 766 Protinus
769 712 798 765 et
817 724 931 788 proces

329 810 406 871 Irae
435 816 465 871 et
487 809 620 870 inrisum
646 813 803 889 nepotem,

373 912 489 974 Troica
512 930 600 993 quern
616 911 747 993 peperit
769 907 934 989 amadus,

283 1016 387 1078 Marti
408 1010 581 1076 redonabo:
607 1010 694 1076 illurn
717 1032 770 1098 epo
794 1010 915 1076 londos

283 1120 373 1182 Inire
394 1115 499 1188 sedes,
524 1114 636 1178 ducem
657 1117 795 1179 nectaris

138 1232 270 1281 Hectoreis
285 1232 379 1293 apibus.
405 1229 526 1277 Latinum
542 1235 595 1277 erat
609 1244 653 1291 ope
695 1228 748 1276 lum
770 1229 905 1291 gerendum
922 1229 1072 1278 necessariis.
1104 1230 1178 1279 Talia
1194 1244 1242 1280 uon

105 1313 244 1368 Hectoreo,
272 1309 313 1357 vel
333 1324 378 1371 ope
400 1310 524 1358 Hectoris.
558 1309 654 1357 Domus
696 1308 832 1370 promiscue
858 1309 995 1364 usitantur,
1022 1316 1050 1356 ut
1071 1323 1151 1371 neque
1172 1313 1243 1358 aaut·

106 1391 218 1446 Priami,
236 1390 360 1437 Priamus
376 1404 430 1444 ren,
447 1386 497 1434 suis
514 1385 600 1450 opibus
616 1402 654 1434 ro·
698 1388 758 1435 liunt
776 1395 800 1436 ct
818 1387 927 1445 (irretita,
944 1401 1023 1449 neque
1034 1391 1105 1450 capio
1117 1395 1141 1436 et
1152 1391 1243 1451 comae.

97 1470 200 1532 friupit
217 1467 251 1528 (et
263 1466 310 1514 hoc
318 1479 368 1514 non
380 1465 482 1513 solitum
492 1471 530 1514 est
540 1464 652 1526 verbum)
698 1465 724 1514 Si
730 1465 756 1512 in
761 1465 864 1513 Valerio
872 1464 961 1513 Flacco
969 1480 1067 1514 servare
1076 1465 1136 1514 velis
1144 1468 1243 1516 tinac-

104 1542 655 1607 Achir0s:nemitasuntopesregniTroiani,
698 1548 748 1593 lens
772 1559 842 1607 opes,
872 1544 1034 1608 interpretare
1058 1559 1116 1592 cum
1141 1545 1245 1594 Heinsio

104 1626 186 1688 ipsum
207 1638 312 1686 regnum
334 1623 481 1671 Troianum.
519 1625 585 1684 Opes
606 1635 655 1668 non
698 1640 772 1673 arma
791 1625 921 1682 Herceum
938 1625 958 1670 si
975 1623 1050 1671 solius
1061 1623 1188 1683 Herculis,
1200 1624 1243 1671 hu-

104 1712 172 1753 recte
189 1704 333 1751 tribuuntur
350 1705 395 1750 urii
412 1701 506 1749 homini
523 1701 548 1748 in
566 1716 656 1765 regno,
698 1703 771 1752 hebet
787 1703 843 1761 ille,
860 1703 944 1765 qualia
960 1703 1053 1751 Hector
1069 1717 1119 1751 non
1132 1703 1246 1751 habehat.

104 1798 255 1845 quamquam
273 1784 338 1845 regis
354 1782 413 1830 filio.
446 1782 496 1830 Ille
512 1781 605 1843 frangit
614 1783 655 1830 ho·
699 1783 793 1831 Iterum
811 1784 876 1831 dieo:
897 1783 993 1831 Domus
1011 1783 1106 1830 Priami
1127 1797 1176 1830 non
1198 1781 1245 1831 ire·

105 1869 156 1910 stes
173 1862 261 1924 opibus
278 1862 367 1924 regiis,
383 1860 506 1924 paternis,
528 1874 578 1908 non
595 1864 656 1908 onis.
698 1861 734 1921 git
754 1860 866 1908 Achivos
882 1862 969 1921 opibus
987 1862 1118 1920 Hectoris,
1135 1862 1178 1910 sed
1194 1877 1245 1923 ope·

104 1941 246 1989 Diserimen
269 1941 401 2003 singularis
426 1946 450 1988 et
475 1940 581 2002 pluralis
606 1942 656 1988 iam
698 1938 761 1999 Quis
778 1938 886 2002 scripsit:
904 1940 1055 2003 Respublica
1071 1941 1185 1991 Romane
1200 1942 1246 1990 fre-

106 2019 209 2068 Servius
234 2020 265 2067 ad
292 2020 312 2067 I.
339 2019 405 2067 Aen.
430 2019 487 2066 601.
512 2033 545 2066 ex
571 2019 657 2067 Atteio
700 2019 736 2079 git
747 2019 843 2067 Poenos
854 2019 941 2082 opibus
955 2019 1088 2082 ScipioniS,
1102 2028 1145 2068 eut
1158 2020 1249 2068 domus

105 2097 243 2160 Philologo
267 2099 369 2146 notarit.
390 2099 527 2146 Burmann.
554 2098 585 2144 ad
607 2098 658 2146 Va·
699 2096 821 2147 Caesarea
841 2099 896 2146 ulta
912 2105 949 2147 est
965 2100 1061 2147 cladem
1077 2100 1143 2147 Vari
1159 2103 1247 2162 opibus

106 2177 517 2230 ler.Flace.IH.713.contrarium
530 2178 657 2226 ostendere
703 2179 862 2228 Geriuanioil
889 2179 1038 2242 Respublica
1051 2179 1247 2228 etdomusCae·

106 2263 221 2306 conatur.
250 2256 380 2305 Valerius:
400 2258 538 2306 Herculeas
554 2258 606 2304 iam
622 2272 656 2305 aa·
699 2270 769 2305 sareu
785 2257 910 2305 habehant
925 2263 951 2305 et
967 2257 1060 2305 dabunt
1075 2272 1139 2319 opes.

107 2351 155 2384 rus
171 2351 228 2399 oper
243 2339 372 2398 spretique
387 2338 485 2385 vocabis
502 2337 583 2383 Arina
601 2336 663 2382 uiri.
733 2338 882 2399 Nostraque
892 2339 996 2385 drictum
1006 2338 1175 2386 reditionibus.
1193 2338 1246 2386 Me-

108 2414 162 2464 Uhi
185 2414 303 2463 Heinsius
328 2413 427 2462 volebat
450 2413 489 2461 vel
517 2413 657 2462 Herculeae
699 2420 738 2461 tro
759 2422 857 2463 coactus
883 2415 1017 2478 appellavit
1035 2417 1178 2474 seditiones,
1200 2430 1246 2479 pro

106 2497 166 2557 opis
181 2493 222 2542 vel
245 2495 398 2542 Herculeam
418 2507 494 2554 opert.
528 2491 598 2553 Ergo
618 2489 656 2538 vir
699 2494 837 2542 coenatio.

107 2571 154 2620 ille
170 2572 286 2621 orationis
302 2572 419 2630 Latinae,
438 2571 547 2635 pobticee
566 2571 591 2619 in
609 2570 656 2632 pu‘-
733 2573 836 2621 Bellum
844 2575 944 2622 resedit.
961 2572 1108 2635 VirgilJX.
1118 2574 1245 2623 Acndlb.

107 2651 170 2708 mis,
191 2652 367 2700 scientissimus
388 2665 438 2699 non
459 2649 552 2698 ferebat
572 2650 656 2712 plura·
699 2654 762 2700 bella
787 2655 905 2703 resident.
940 2653 991 2703 Ubi
1016 2653 1133 2703 Servius:
1161 2656 1246 2702 “seda-

107 2731 167 2780 lem.
185 2732 349 2780 Burmannus
364 2735 557 2793 contrapugnat
572 2744 655 2777 exem·
699 2734 806 2780 buutur:
828 2740 857 2781 ut
879 2739 1049 2796 tempestatem
1065 2735 1172 2782 residue
1187 2733 1246 2781 dici-

108 2810 171 2872 plis,
197 2826 260 2874 quae
285 2812 316 2860 ad
341 2825 394 2861 rem
420 2824 469 2858 non
494 2810 599 2867 faciunt,
626 2824 658 2857 ue
700 2813 779 2859 mus.’'
815 2813 873 2876 Ego
897 2812 982 2860 dubito
1007 2827 1039 2860 en
1063 2811 1114 2860 tale
1138 2811 1247 2870 bellurn,

108 2889 278 2938 Horatianum
301 2890 401 2954 quidem
422 2889 444 2938 Ι.
462 2890 543 2952 Epist.
563 2889 599 2936 10.
617 2890 656 2936 35.
700 2891 773 2954 quale
798 2893 890 2955 populo
915 2899 940 2941 et
962 2891 1024 2941 urbo
1044 2876 1125 2940 deleto
1148 2890 1247 2950 finitur,

108 2984 142 3018 ex
159 2974 220 3017 uota
235 2968 368 3018 Stesichori
389 2968 476 3017 fabula
496 2968 527 3015 de
548 2981 612 3029 equo
634 2974 659 3015 et
701 2977 765 3019 recto
782 2975 886 3021 residat.
919 2972 1021 3022 Bellum
1043 2970 1179 3019 Troianum
1197 2982 1246 3017 non

109 3062 196 3097 eervo:
214 3050 289 3098 donec
304 3051 386 3098 minor
402 3051 659 3110 incer-tannaelonpo
701 3058 796 3112 poterat
820 3066 956 3114 resurgere.
990 3052 1031 3099 Ita
1047 3064 1126 3113 neque
1143 3050 1247 3097 dixeris:

110 3129 266 3190 Imploraait
290 3142 347 3189 opes
370 3129 490 3186 hamtab,
504 3127 659 3189 frenumque
701 3129 796 3178 bellum
821 3128 1037 3192 Carthaginiense,
1070 3128 1131 3176 urbe
1155 3127 1247 3186 deleta,

108 3209 213 3271 recepit.
245 3207 406 3256 Burmannus
423 3205 580 3269 reprehendit
597 3206 659 3254 Tor·
700 3210 801 3257 recedit.

79 3286 87 3294 '
109 3286 229 3344 rentium,
253 3286 296 3349 qui
321 3284 498 3348 interpretatur
511 3287 658 3347 potentiam.
738 3286 830 3336 Troica
840 3302 911 3350 quon
920 3286 1019 3348 peperit
1028 3285 1151 3333 suendae.
1169 3283 1248 3348 Saepe

109 3365 200 3424 Recte,
216 3371 290 3429 puto,
305 3365 457 3414 Torrentius.
486 3363 606 3412 Horatius
620 3365 660 3413 hic
702 3365 855 3427 disputatum
872 3370 909 3412 est
929 3363 960 3411 de
985 3361 1064 3410 fornia
1092 3362 1199 3411 Troicus
1224 3368 1249 3412 ot

110 3444 194 3493 dicere
209 3459 259 3493 non
275 3445 355 3508 potuit
371 3459 454 3506 operm
471 3443 518 3492 hoc
533 3449 571 3492 est
587 3449 660 3492 auat·
705 3446 809 3493 Troius.-
825 3443 874 3491 vid.
886 3442 972 3491 Heius.
984 3442 1015 3489 ad
1028 3440 1100 3490 Ovid.
1112 3442 1133 3503 Ι,
1145 3442 1247 3491 Heroid.

111 3526 188 3581 lima,
208 3539 257 3587 qno
273 3524 348 3572 verim
364 3525 391 3572 in
407 3524 494 3572 eedem
510 3522 596 3571 fabule
612 3523 659 3571 uti·
701 3525 937 3573 aeneorum.
963 3522 994 3569 ad
1019 3520 1110 3583 Virgil.
1135 3521 1156 3570 I.
1182 3522 1248 3570 Aen.

111 3611 154 3651 tur
171 3603 301 3652 Phaedrus
313 3604 361 3652 IV.
370 3605 394 3652 3.
421 3604 523 3665 Sonipes
534 3604 660 3650 auxilium
704 3605 758 3653 119.
770 3604 825 3652 Alii
834 3609 924 3666 putant
932 3602 1024 3650 Troius
1035 3615 1122 3649 sonare
1133 3599 1248 3658 nobilius,

109 3684 189 3744 petiit
206 3684 319 3732 horariis.
356 3683 425 3745 Ergo
449 3681 567 3730 Horatius
593 3682 659 3730 dixit
702 3683 744 3731 alii
761 3682 1184 3746 quaerunt,utBeutlcius,utrum
1195 3693 1248 3742 pos-

110 3776 185 3823 oper,
201 3763 346 3824 potentiam,
361 3760 424 3825 petit
440 3776 510 3823 opem
527 3760 558 3808 eb
575 3764 661 3824 opibus
702 3764 821 3810 sessivam
839 3776 870 3810 an
888 3762 981 3825 gentile
998 3761 1044 3816 rei,
1056 3760 1086 3808 de
1097 3774 1147 3821 qua
1157 3759 1249 3819 agitur,

111 3840 232 3899 hominis,
261 3841 383 3890 auxilium
412 3839 444 3888 ab
468 3843 565 3903 opibus,
598 3856 661 3904 quae
702 3842 734 3890 sit
758 3843 847 3905 aptius.
889 3841 969 3891 credo
999 3839 1061 3887 nihil
1089 3838 1197 3893 differre,
1225 3844 1249 3885 et

111 3928 185 3968 eram
201 3921 227 3968 in
245 3922 350 3970 homine.
384 3920 425 3970 Ita
441 3919 566 3982 Virgilius
583 3921 660 3970 VIII.
703 3922 819 3969 standum
844 3920 990 3967 auctoritate
1014 3916 1091 3966 MSS.
1133 3915 1199 3963 Vide
1224 3924 1250 3964 et

111 4001 179 4048 Aen.
199 4000 254 4052 171.
271 4002 396 4049 cuninam
411 4005 437 4047 et
453 4014 509 4060 oper
518 3999 660 4049 coniunxit:
702 4000 837 4049 Ruhnken.
864 3999 896 4046 ed
920 3997 989 4046 vell.
1015 3995 1115 4042 Petere.
1141 3994 1162 4041 I.
1184 3994 1206 4040 5.
1225 4002 1250 4042 et

111 4080 219 4128 Aemilio
235 4082 312 4128 laetos
327 4079 456 4126 dimittam
472 4079 609 4140 opibusque
620 4080 659 4125 iu·
702 4079 831 4128 Handium
848 4078 879 4125 ed
896 4076 969 4145 ¹Statii
987 4075 1048 4126 silv.
1065 4089 1122 4136 pag.
1139 4073 1179 4122 81.

110 4162 181 4208 eaba.
216 4159 268 4208 Ubi
291 4173 341 4207 nen
365 4158 432 4206 idem
455 4155 589 4219 significat,
618 4158 661 4204 sed
736 4159 824 4206 Marti
852 4146 981 4205 redonabo.
1023 4153 1073 4201 Pro
1102 4155 1248 4203 condonabo.

112 4237 207 4294 differt,
227 4237 279 4286 sive
299 4252 355 4301 apes
375 4251 433 4286 eum
450 4236 538 4288 Servio
555 4235 659 4299 accipias
701 4238 759 4287 Non
776 4242 858 4285 exstat
873 4234 952 4283 simile
968 4234 1117 4296 exemplum.

111 4330 159 4379 pro
179 4315 313 4374 militibus,
335 4315 387 4364 sive
408 4330 454 4379 pro
473 4315 547 4365 rebus
564 4315 594 4362 ad
612 4315 660 4363 hel·
736 4318 857 4366 Nestoris
873 4329 961 4364 sirccos.
994 4311 1037 4362 Bis
1054 4313 1079 4361 in
1096 4311 1181 4360 eodem
1197 4324 1249 4359 car·
