2916 5220
658 282 949 347 uPODON

415 472 502 552 Quid
527 471 588 535 iste
614 470 677 535 lert
700 468 884 550 turnultus,
910 472 943 532 et
967 466 1047 551 quid
1071 465 1221 554 omnium

233 667 307 716 saepe
331 660 415 702 terras
429 651 543 716 fulmine
567 652 660 714 infesto
681 653 780 714 quatit,
821 656 901 712 paret,
926 655 1079 712 quantopere
1103 647 1169 696 idern
1194 647 1320 709 interpres
1343 647 1373 694 ad

233 733 382 796 Menterqae
402 740 502 782 nostras
522 735 621 795 iqnibas
643 736 722 780 terret
740 746 780 778 aa·
822 727 911 776 Horat.
928 726 950 774 I.
966 726 1081 776 Carml
1109 727 1149 795 26.
1167 726 1308 787 corruperit
1323 726 1372 787 epi-

233 813 293 859 πίε.
334 811 440 859 Restant
466 808 590 859 nonnulla
618 809 723 856 dicenda
750 808 780 856 de
822 821 936 869 gramma
952 804 1112 854 Callimachi:
1135 803 1286 868 Ὠγρευτὴς,
1304 801 1373 851 ’Ent-

233 889 314 950 primo
331 904 419 938 versu:
443 893 521 946 At,o
543 893 651 938 Deorum
668 890 782 950 quisquis
823 886 906 946 κυδὲς,
924 885 952 933 ἐν
969 885 1052 948 οὔρεσι
1071 884 1158 932 πάντα
1174 883 1282 946 λαγωὸν
1298 881 1373 945 Alpa,

233 969 260 1015 in
271 971 336 1017 coelo
347 973 426 1030 repis,
445 976 544 1031 propter
556 969 716 1029 interpretem
730 966 780 1013 llo·
823 965 864 1011 καὶ
895 963 980 1023 πάσης
1008 963 1079 1026 ἴχνια
1106 961 1263 1026 inpunitior.
1312 959 1373 1009 Cor·

233 1046 303 1103 ratii,
320 1046 362 1109 qui
380 1046 465 1108 legens
481 1049 603 1110 quidquid
619 1051 692 1107 repa,
709 1045 734 1091 in
751 1059 781 1091 eo
823 1042 928 1104 ruperit,
949 1045 1064 1105 inquam,
1085 1041 1145 1088 dum
1163 1040 1267 1102 corrigit
1285 1043 1375 1088 πτῶκα

233 1124 280 1172 sibi
297 1127 413 1188 reperisse
431 1127 497 1173 visus
513 1134 551 1172 est
563 1126 726 1188 Tragicorum
739 1140 780 1173 ex·
822 1122 928 1170 λανωὸν
951 1129 977 1171 et
1001 1122 1092 1180 λασίης
1118 1122 1190 1184 ἴχνια
1216 1119 1373 1185 repeating.

235 1203 422 1261 clamationem,
449 1221 519 1253 nrm
542 1208 606 1254 coelo
626 1205 779 1268 confunden-
823 1199 889 1247 Nam
905 1201 981 1263 plena
997 1205 1056 1247 sunt
1072 1199 1203 1261 poetarum
1221 1199 1315 1260 scripta
1325 1197 1374 1245 isti-

235 1284 313 1340 tiam,
334 1291 362 1330 ut
382 1283 509 1331 luvenalis
525 1282 574 1331 VI.
591 1283 648 1330 tal.
674 1283 781 1331 undeet
823 1279 920 1326 asmodi
946 1278 1075 1340 exemplis.
1118 1277 1169 1326 Vel
1197 1275 1308 1326 Anthol.
1336 1275 1374 1324 Ia·

234 1360 354 1410 Plautina
372 1379 452 1420 iurare,
470 1369 549 1421 terra,
565 1365 665 1418 coelium,
685 1362 722 1409 Di
740 1377 780 1408 vo·

233 1445 315 1487 strom
325 1441 413 1501 fialenr.
447 1440 486 1488 Ea
502 1453 581 1502 neque
594 1441 625 1488 ad
636 1439 718 1488 locum
730 1439 781 1487 Ηο-

234 1518 291 1565 ratii
308 1518 415 1577 faciunt,
432 1533 513 1582 neque
530 1519 583 1581 ipsa
599 1521 660 1569 bene
671 1519 782 1581 exposita

234 1605 299 1646 sunt.
335 1599 363 1649 Si
384 1600 498 1662 legamus
514 1601 638 1662 quidquid
657 1601 781 1654 Deorum,

234 1691 297 1737 puer
322 1684 420 1725 tantum
445 1677 543 1725 invocat
564 1678 631 1726 Deos
652 1676 782 1733 coelesteS,

235 1756 319 1815 quiin
337 1758 406 1806 coelo
423 1764 527 1818 regunt,
548 1771 596 1803 non
615 1757 722 1803 marinos
739 1770 780 1804 ne·

234 1847 283 1895 quc
300 1835 415 1883 infernos.
441 1835 528 1897 Neque
545 1834 630 1882 eadem
647 1840 684 1882 est
701 1834 783 1881 excla-

234 1913 327 1961 matio:
346 1914 384 1962 Di
396 1916 486 1970 lltnrt'd,
497 1915 591 1962 coellet
604 1919 694 1969 terroe,
706 1927 782 1976 quae:

823 1356 899 1404 cobsii
916 1372 973 1420 pag.
990 1358 1047 1406 288.
1074 1355 1133 1406 Οὐδ’
1151 1356 1223 1418 ἑνὸς,
1241 1356 1301 1406 οὐδὲ
1317 1360 1376 1420 μιῆς

824 1434 963 1498 ἰδρακόμην
974 1437 1100 1484 θάνατον.
1134 1435 1270 1484 Caeterum
1287 1435 1375 1484 solem·

824 1529 881 1562 nem
910 1517 1077 1577 precationem
1100 1516 1137 1563 ita
1161 1514 1248 1563 retulit
1270 1515 1375 1564 Tacitus

824 1592 872 1641 IV.
891 1594 985 1644 Annal.
1003 1595 1043 1642 38.
1077 1595 1376 1653 malmundariae,

824 1678 849 1720 et
874 1676 938 1721 Deos
962 1679 987 1722 et
1008 1676 1079 1722 Dens
1103 1675 1174 1733 ipsene
1195 1687 1293 1733 precor.
1328 1674 1375 1723 Ubi

824 1750 879 1798 vide
896 1750 1016 1812 Lipsium.
1050 1752 1078 1800 A
1093 1751 1139 1798 tali
1154 1751 1242 1812 igitur,
1262 1758 1293 1799 ut
1310 1753 1374 1802 dice·

824 1828 898 1888 bam,
922 1830 1102 1879 exclamatione
1137 1829 1261 1894 discrepat
1297 1832 1376 1881 altera

823 1907 868 1956 illa
895 1910 917 1957 0
938 1911 1031 1957 coelrcm
1052 1915 1078 1958 et
1094 1915 1163 1957 terra
1180 1916 1206 1958 et
1223 1915 1310 1959 niara!
1326 1927 1376 1974 qna

238 1992 260 2039 0
282 2008 358 2048 neore,
376 1994 469 2040 coelam
490 1997 514 2039 et
532 1997 609 2040 terrn.
643 1991 710 2038 Nam
727 1999 782 2039 tum
824 1989 957 2037 utebantur
977 1989 1002 2036 in
1024 2003 1122 2038 summo
1143 1989 1242 2048 doloro,
1260 1989 1374 2053 despera·

235 2069 302 2117 Deos
319 2070 406 2118 invoco
424 2077 508 2128 testes,
527 2070 582 2118 iuro
599 2084 643 2132 per
660 2070 734 2125 Deos,
743 2070 781 2117 vel
823 2069 906 2125 tione,
930 2068 1114 2130 indignatione,
1139 2074 1164 2117 et
1189 2075 1304 2130 stupore,
1330 2084 1373 2118 ne·

234 2162 320 2195 eorum
345 2150 451 2212 imploro
476 2150 605 2198 auxilium.
639 2150 679 2197 Ne
702 2149 782 2196 dicam
822 2147 926 2196 scientes
948 2147 1007 2210 qnid
1028 2148 1159 2202 accideret,
1181 2147 1242 2210 quid
1263 2149 1375 2197 dicerent

235 2226 265 2274 de
286 2229 394 2291 antiquis
416 2229 523 2277 Romani
544 2229 628 2292 populi
646 2229 781 2289 Qniritium
822 2226 863 2274 vel
878 2233 994 2274 tacerent.
1016 2225 1101 2274 Plant.
1112 2226 1290 2274 Trinum.IV.
1301 2227 1326 2275 3.
1334 2227 1373 2275 63.

234 2303 358 2363 formulis,
384 2308 469 2370 quales
495 2316 554 2357 sunt
576 2309 642 2371 apud
667 2310 781 2365 Livium,
823 2306 918 2361 Mare,
944 2313 1030 2363 terra,
1056 2306 1166 2363 coelam,
1200 2305 1236 2352 Di
1263 2313 1374 2355 rostram

234 2384 291 2431 vide
311 2385 352 2433 vel
370 2384 489 2435 Ovidium
507 2387 528 2435 I.
547 2387 623 2435 Trist.
641 2389 664 2436 2.
685 2389 706 2436 l.
743 2389 781 2435 Di
814 2384 902 2446 ficiens.
937 2383 1037 2432 Terent.
1056 2382 1168 2446 Adelph.
1184 2383 1219 2433 V.
1233 2385 1295 2434 3.3.
1323 2387 1376 2434 Hei

234 2466 312 2510 nram
332 2470 357 2512 et
378 2468 455 2524 coeli,
480 2469 543 2528 qnid
565 2470 631 2514 enim
651 2467 703 2513 niae?
723 2471 781 2514 vota
823 2464 897 2510 nisibi!
919 2465 981 2525 quid
990 2463 1106 2525 facietne?
1127 2464 1188 2525 qnid
1204 2467 1296 2526 aquen?
1313 2466 1376 2527 qnid

233 2549 381 2604 supersunt,
409 2547 509 2594 Sola-ere
529 2550 664 2608 qrrnssntne
683 2547 782 2606 parcite
821 2544 924 2591 clnnrent
954 2547 1001 2590 aad
1025 2543 1133 2604 queror?
1169 2542 1191 2589 0
1218 2545 1332 2599 eoelnnr,
1361 2559 1375 2591 o

234 2624 343 2669 nrenabra
361 2626 434 2672 ratae.
469 2622 587 2684 Quinctil.
606 2622 779 2671 Declam.VI.
823 2625 1024 2679 terrn,onsnria
1038 2623 1165 2684 Neptuni!
1193 2621 1283 2670 Horat.
1293 2624 1374 2686 Epod.

233 2715 289 2763 pag.
310 2703 365 2750 132.
401 2704 438 2751 Di
456 2705 622 2761 inraenortnlea,
639 2705 712 2760 coeli,
730 2719 781 2750 raea-
822 2700 911 2748 XVII.
943 2703 1052 2750 Ornare
1067 2707 1093 2749 et
1110 2703 1194 2750 terra!
1212 2704 1297 2751 ordeo.
1327 2703 1374 2753 Co·

233 2780 287 2837 ria,
313 2781 452 2842 inferorum
475 2783 625 2843 praesides,
651 2796 692 2828 roa
717 2782 782 2830 solor
822 2780 902 2827 micus
927 2780 993 2842 apud
1018 2780 1112 2829 Athen.
1134 2780 1213 2828 XIII.
1234 2781 1274 2828 34.
1303 2782 1373 2845 ὡγῆ

234 2857 409 2906 inuenientes.
436 2859 470 2905 Et
486 2859 512 2904 in
530 2857 698 2905 exsecratione
715 2859 781 2921 apud
823 2860 863 2907 καὶ
887 2859 951 2907 θεοί.
994 2859 1071 2908 Cuius
1096 2860 1285 2908 exclamationis
1312 2860 1374 2909 haec

234 2933 378 2983 Terentium
402 2935 577 2991 Phorm.,IV.
597 2936 620 2983 4.
642 2936 666 2983 6.
705 2939 742 2984 Ut
759 2943 783 2986 te
823 2939 860 2985 vis
881 2953 933 2986 esse
955 2937 1065 2995 videtur,
1091 2944 1131 2997 ut,
1156 2953 1221 3002 quae
1238 2939 1373 2994 sentirent,

233 3015 331 3075 quidem
349 3029 430 3062 orienes
452 3015 500 3072 bt,
524 3017 606 3071 Deae,
627 3017 723 3075 aripert,
744 3019 782 3063 in·
823 3016 965 3064 hominibus
982 3015 1117 3078 significari
1133 3031 1204 3079 posse
1217 3031 1266 3063 non
1282 3023 1373 3078 putan-

227 3093 298 3152 sert',
330 3091 411 3140 Mala
436 3094 556 3154 exerraplia
578 3095 697 3154 pandant.
741 3093 782 3143 Sic
822 3101 867 3151 tes,
885 3096 959 3150 rreum,
973 3100 1098 3144 rer-rnen
1112 3100 1177 3144 coelo
1193 3096 1372 3158 significarent.

234 3171 299 3232 apud
316 3172 422 3221 eundem
439 3185 511 3234 saepe
538 3172 576 3219 Di
602 3174 671 3219 Deae
687 3186 782 3231 ornae-r,
822 3174 896 3223 Unde
917 3181 943 3221 et
963 3173 1009 3222 illa
1033 3174 1154 3237 Tragica,
1180 3174 1263 3238 τύχας
1288 3175 1326 3240 γῇ
1346 3192 1372 3222 τε

233 3257 356 3312 qnantum
372 3257 416 3300 eat.
445 3251 529 3300 Huius
547 3250 644 3313 generis
662 3257 720 3299 suut
737 3252 782 3299 illa
821 3253 937 3317 κούρανῷ
953 3251 1048 3316 λέγειν,
1070 3269 1134 3316 quae
1151 3253 1278 3316 praeclara
1296 3268 1371 3317 expo·

233 3327 385 3378 Graecorum
405 3331 500 3388 πάντες
512 3332 553 3379 καὶ
567 3332 656 3379 πᾶσαι.
682 3332 781 3381 Auctor
820 3331 869 3378 suit
890 3331 971 3379 Titius
991 3331 1022 3378 ad
1039 3331 1138 3380 Nemes.
1156 3332 1244 3392 Eclog.
1261 3331 1312 3380 IV.
1334 3334 1372 3383 12.

233 3407 358 3456 Homerus
374 3410 446 3458 Iliad.
464 3409 494 3457 T.
517 3409 571 3457 101.
600 3407 710 3457 Κέκλυτὲ
725 3428 780 3473 μευ,
821 3414 845 3456 et
862 3409 941 3458 Koen.
960 3410 991 3456 ad
1007 3409 1119 3459 Corinth.
1134 3409 1164 3456 de
1176 3408 1285 3458 Dialect.
1294 3427 1320 3474 p.
1330 3413 1370 3464 57.

234 3485 330 3544 πάντες
346 3504 374 3536 τε
389 3489 444 3536 θεοὶ
461 3489 543 3536 πᾶσαί
559 3505 585 3536 τε
601 3486 708 3535 θέαιναι.
730 3488 779 3536 Dc·
820 3494 845 3535 et
861 3487 1022 3549 Lentiugius,
1045 3489 1088 3550 qui
1107 3488 1134 3536 in
1154 3487 1201 3536 hoc
1220 3501 1312 3550 genere
1330 3505 1371 3541 ve·

232 3565 323 3612 mosth.
339 3579 383 3628 pro
400 3565 508 3616 Corona:
526 3569 634 3629 Πρῶτον
649 3566 696 3630 μὲν
711 3566 780 3624 θεοῖς
820 3567 894 3629 stigia
919 3568 1121 3617 Valckenariana
1143 3568 1266 3616 laudabili
1286 3570 1371 3618 studio

232 3644 336 3707 εὔχομαι
354 3647 419 3693 πᾶσι
436 3645 477 3692 καὶ
496 3645 600 3702 πάσαις.
634 3645 681 3692 Est
696 3651 721 3692 ct
732 3646 778 3693 for·

232 3723 303 3772 mula
314 3723 411 3772 iurandi
423 3722 531 3779 Cretica,
548 3722 679 3770 emendata
690 3737 705 3769 a
716 3723 779 3771 Val-

231 3802 347 3850 ckenario
364 3802 395 3849 ad
413 3802 537 3851 Theocrit.
555 3802 638 3851 Adon.
655 3818 712 3865 pag.
721 3804 777 3856 287.

232 3884 313 3929 θΕΟΣ
334 3885 467 3929 ΠΑΝΤΑΣ
488 3886 544 3929 ΚΑΙ
568 3886 685 3930 ΠΑΣΑΣ.
722 3883 777 3931 Me·

230 3959 325 4006 nander
342 3960 407 4021 apud
424 3961 584 4008 Athenaeum
602 3961 676 4008 XIV.
689 3977 712 4023 p.
722 3962 777 4010 659.

230 4037 360 4100 εὐχώμεθα
385 4036 544 4101 Ὀλυμπίοισι
570 4041 649 4098 πᾶσι,
672 4039 777 4097 πάσαις.

819 3645 941 3707 sequitur,
959 3646 989 3693 ad
1007 3645 1094 3708 Eurip.
1112 3646 1227 3696 Medeam
1245 3648 1285 3697 56.
1321 3650 1371 3698 Mi·

819 3738 867 3772 uus
885 3731 999 3772 accurate
1015 3726 1041 3773 in
1058 3725 1095 3775 his
1112 3733 1228 3774 versatur
1244 3727 1371 3776 Burman·

819 3817 866 3850 nus
884 3803 915 3850 ad
932 3802 1050 3863 Quinctil.
1068 3806 1181 3854 Daciam.
1199 3805 1248 3854 VI.
1266 3807 1289 3855 6.
1319 3807 1369 3856 Su·

819 3889 912 3944 petest,
925 3891 953 3929 ut
968 3883 1051 3930 locum
1063 3882 1191 3931 Iuvenalis
1202 3884 1369 3946 explicemus,

819 3975 893 4023 quem
911 3961 1030 4024 interpres
1048 3962 1158 4020 Horatii,
1175 3976 1226 4009 nou
1244 3971 1312 4012 recte
1329 3980 1369 4013 ac·

819 4046 930 4102 ceptum,
955 4041 997 4088 hic
1021 4041 1140 4090 adhibuit.
1175 4041 1289 4092 Iuvenal.
1314 4044 1369 4093 Sat.

230 4113 303 4174 Quod
334 4115 384 4163 iam
415 4117 597 4180 Aristophanes
626 4118 652 4165 in
677 4119 778 4167 Avibus
818 4119 866 4167 VI.
884 4120 941 4169 282.
970 4120 1070 4167 Clamet
1087 4123 1156 4174 licet,
1175 4126 1200 4168 ei
1216 4137 1287 4169 neore
1302 4126 1370 4171 coelo

229 4193 336 4242 dixerat:
350 4194 464 4260 Ὄρνισιν
475 4195 623 4261 Ὀλυμπίοις
632 4197 674 4245 καὶ
687 4196 776 4263 Ὀλυμ·
821 4199 976 4262 Confandas.
1010 4200 1080 4249 Haec
1101 4199 1178 4264 vulgo
1196 4200 1231 4249 ita
1248 4201 1369 4266 interpre-

231 4272 319 4336 rn'penv
343 4276 406 4322 πᾶσι
423 4276 464 4323 ani
484 4274 607 4340 πάσῃσιν.
641 4276 715 4326 Unde
733 4293 775 4340 ap·
818 4285 919 4327 tantur:
940 4294 999 4342 prae
1021 4278 1190 4342 indignatione
1211 4281 1368 4332 exclameso
