2916 5220
715 305 755 312 -
1254 292 1300 330 XV

163 454 294 529 primore
331 459 464 527 possent.
507 449 588 507 Hinc
618 450 735 525 glossae
762 468 929 524 provenere
959 452 1111 508 metricae.
1153 452 1299 509 Horatius

162 571 192 608 v.
214 569 241 607 c.
264 550 398 605 dixerat:
427 545 488 605 Nil
511 544 638 603 mortale
665 545 787 622 loquar:
815 547 871 602 hoc
902 565 992 603 versu
1022 548 1300 623 interpretabantur

162 647 225 706 Nil
244 663 378 723 parcum
403 651 457 700 aut
483 640 591 699 liumili
616 640 710 698 modo.
752 641 915 699 Diomedes
940 642 984 700 H.
1005 663 1036 717 p.
1060 645 1127 700 101.
1148 644 1192 700 ita
1212 644 1299 701 docet

162 743 237 816 quid
259 742 298 798 sit
322 738 494 797 enarratio:
529 733 729 795 obscurorum
759 754 893 794 mam
923 739 1180 816 quaestionumque
1199 738 1300 816 capla·

162 838 248 895 natio
268 833 314 892 vel
333 832 504 911 acquisitio,
531 848 588 907 per
615 849 705 908 quam
730 831 955 910 uniusminaque
975 831 1021 890 rei
1040 832 1213 910 qualitatem
1230 837 1300 911 poi·

162 933 231 988 licia
262 928 396 1008 qloasulis
429 925 613 984 molitam.
670 925 880 984 Obiiciebatnr
915 927 1027 984 dictum
1062 937 1116 986 aut
1150 930 1299 986 sententia

162 1035 290 1101 propter
314 1031 434 1080 acutam
460 1021 639 1078 brevitatem
665 1021 835 1091 obscurior,
862 1022 1096 1096 amplificabant.
1142 1023 1239 1096 quue
1267 1025 1297 1080 in

162 1119 375 1195 Geographia,
397 1117 547 1186 Historia,
570 1124 601 1173 et
622 1117 784 1191 praecipue
805 1117 837 1172 in
851 1117 1041 1193 Mythologia
1055 1119 1148 1175 fiebat
1161 1118 1299 1192 frequen-

161 1219 287 1275 tissime.
329 1215 395 1270 Has
423 1213 529 1268 landes
555 1212 599 1267 ita
626 1211 777 1285 expressit
801 1212 956 1269 Ausonius
982 1214 1014 1269 in
1035 1213 1119 1270 Prof.
1142 1215 1297 1289 Burdigal.

161 1312 262 1371 Ambo
284 1309 364 1388 loqui
374 1305 500 1386 facilem
522 1306 606 1363 ambo
627 1307 726 1363 amma
748 1307 886 1363 carmina
900 1305 994 1379 alecti,
1017 1307 1164 1368 Gallenter
1176 1310 1298 1387 myricen

156 1407 312 1486 plasmata
332 1411 361 1460 et
381 1403 550 1460 historiari.

204 1502 243 1557 In
267 1501 333 1574 ipsa
353 1497 475 1554 Horatii
501 1497 683 1566 imitatione,
710 1496 857 1553 iubebant
883 1498 1010 1554 eandem
1031 1500 1210 1556 sententiam
1231 1501 1298 1556 aliis

162 1597 265 1654 verbis
288 1595 393 1651 eodem
414 1601 510 1649 metro
525 1592 641 1662 dicere,
662 1592 762 1648 locum
777 1610 963 1649 communem
978 1612 1018 1650 ex
1033 1595 1224 1670 philosophia
1239 1597 1299 1652 ela-

161 1697 289 1761 borare,
317 1691 451 1746 dicentes
472 1686 508 1744 de
529 1687 744 1763 temperantia,
769 1696 875 1744 contra
896 1689 1077 1762 arentiam,
1103 1691 1148 1747 rei
1168 1691 1297 1748 alicuius

161 1789 324 1862 imaginem
350 1786 529 1859 depingere,
557 1784 727 1841 describere
755 1801 900 1858 pugnam,
927 1787 1040 1860 fingere
1062 1788 1244 1857 orationem,
1268 1797 1298 1844 et

162 1885 272 1943 similia
293 1889 471 1956 argumenta
492 1899 531 1936 ex
552 1880 639 1953 ipsis,
666 1898 744 1952 quae
766 1880 959 1953 legebantur,
983 1882 1165 1939 carminibus
1186 1883 1296 1956 petita,

162 1998 241 2055 quae
260 1979 336 2035 adeo
358 1976 465 2032 iisdem
487 1974 670 2031 carminibus
691 1982 762 2048 apte
783 1974 918 2032 inferciri
938 1984 1088 2050 poterant.
1130 1977 1213 2034 Nota
1228 1985 1299 2034 sunt

161 2078 195 2132 in
216 2075 263 2131 his
285 2070 554 2146 exercitationibus
575 2069 724 2125 vocabula
739 2066 901 2142 Taenara,
922 2068 1076 2143 dictiones,
1099 2070 1168 2143 laci,
1189 2071 1298 2130 allocan-

163 2171 270 2240 tioaes,
293 2176 324 2225 et
346 2165 485 2240 exempla
505 2164 702 2221 inveniuntur
722 2164 754 2220 in
771 2164 897 2221 Anthol.
913 2165 1018 2223 Burm.
1035 2167 1073 2222 T.
1088 2167 1114 2223 Ι.
1141 2186 1210 2242 pag.
1229 2167 1295 2225 145.

162 2266 216 2323 ubi
236 2283 266 2320 v.
288 2260 456 2320 Burmanni
477 2260 715 2330 annotationem,
746 2266 777 2314 et
804 2259 912 2316 Heins.
941 2262 981 2317 ad
1008 2259 1169 2319 Claudiani
1190 2264 1296 2338 Epigr.

162 2358 319 2418 XXXVT.
366 2354 526 2415 Orationes
551 2355 643 2411 ctiam
661 2354 750 2412 uerba
772 2356 964 2425 dicebantur,
987 2358 1128 2414 et.sicuti
1148 2358 1297 2414 Rhetores

162 2463 373 2531 argumentum
394 2451 632 2508 Declamationis
659 2451 716 2506 hac
737 2469 766 2506 v.
785 2468 811 2507 c.
834 2450 962 2507 formula
979 2453 1189 2525 proponebant
1210 2459 1297 2519 Τίνας

162 2551 201 2609 ἂν
223 2553 327 2623 λόγους
354 2548 426 2604 εἴποι
450 2546 615 2623 Ἀχιλλεύς,
649 2554 680 2601 et
705 2545 861 2602 Hannibal
888 2547 990 2620 pueris
1019 2554 1084 2603 erat
1105 2544 1295 2620 declamatio,

162 2656 197 2704 ut
219 2645 292 2702 dicit
312 2642 481 2712 Iuvenalis,
504 2641 584 2696 idem
606 2640 760 2698 faciebant
781 2647 900 2716 poetae.
942 2641 981 2698 In
994 2642 1181 2716 Anthologia
1194 2643 1297 2716 legun-

163 2752 213 2798 tur
238 2739 329 2797 oerba
352 2735 482 2794 Aclrillis
506 2735 538 2792 in
568 2733 781 2806 Parthenone,
808 2735 878 2794 dum
900 2737 1000 2794 tubam
1024 2735 1180 2795 Diomedis
1201 2737 1298 2796 audu-

161 2847 203 2896 set
226 2836 247 2892 ¹.
289 2833 371 2890 Hinc
392 2833 424 2888 in
440 2830 631 2891 Carminibus
647 2833 736 2889 toties
750 2833 830 2889 idem
845 2841 1067 2906 argumentum,
1091 2834 1213 2890 easdem
1226 2835 1297 2892 ima·

161 2933 262 3007 gines,
285 2936 316 2984 et
337 2927 515 2996 sententias,
542 2926 644 2983 verbis
670 2928 805 3001 paullum
827 2927 963 2998 mutatis,
986 2927 1163 2984 invenimus.
1207 2929 1295 3002 Quod

161 3027 269 3083 merito
290 3022 487 3097 reprehendit
509 3021 653 3094 Scaliger.

202 3120 361 3177 Interdum
386 3135 465 3172 nova
492 3116 643 3171 dabantur
670 3123 861 3189 argumenta:
891 3135 921 3172 v.
947 3134 972 3172 c.
1001 3114 1157 3175 Horatius
1177 3117 1296 3178 Maece·

161 3225 261 3275 notem
282 3213 324 3270 ad
344 3230 463 3270 coenam
480 3211 607 3268 invitat:
631 3208 786 3267 Horatius
802 3209 1033 3269 recommendat
1052 3210 1243 3269 Maecenati:
1266 3224 1296 3271 et

162 3331 230 3369 cum
253 3316 428 3384 argumento
450 3307 537 3363 simul
559 3307 647 3362 metri
668 3324 763 3380 genus
785 3307 990 3363 constitutum.
1012 3306 1062 3363 Ad
1079 3307 1133 3362 has
1151 3309 1296 3365 exercita-

161 3408 261 3462 tiones
287 3403 450 3477 discipulos
475 3402 566 3458 laude
594 3409 625 3458 et
650 3402 791 3476 praemiis
815 3402 997 3458 incitabant:
1026 3403 1079 3457 sed
1107 3402 1203 3459 maius
1230 3413 1296 3460 erat

162 3502 317 3578 publicum
337 3499 575 3555 incitamentum.
617 3496 711 3569 Nam,
735 3497 786 3570 qui
808 3497 839 3554 in
862 3497 1024 3553 certamine
1041 3494 1213 3571 Capitolino
1234 3517 1296 3556 car·

195 3717 203 3748 ¹
222 3717 326 3779 Quintil.
343 3715 434 3764 ι118ῐί1.
459 3714 503 3771 11,
519 3715 543 3764 8.
588 3713 679 3762 Priami
699 3715 769 3763 aeria
786 3715 854 3778 apud
869 3714 995 3763 Achillem.
1022 3715 1058 3764 Et
1077 3715 1199 3764 Rhetores
1222 3729 1294 3778 saepe

160 3799 235 3845 iidem
252 3802 324 3844 erant
339 3796 439 3857 poetae,
455 3794 628 3857 habebantque
644 3795 842 3844 declamationes.
876 3796 913 3844 M.
930 3794 1022 3845 Caesar
1037 3795 1158 3844 Frontoni
1174 3795 1293 3857 magistro

160 3892 206 3925 suo
222 3875 343 3925 scribebat
368 3874 415 3936 (ed.
441 3874 503 3922 Maii
530 3889 587 3937 pag.
604 3876 646 3937 51)
674 3875 741 3922 mitte
765 3873 826 3922 mihi
842 3873 950 3937 aliquid,
972 3875 1037 3937 qaod
1051 3874 1095 3922 tibi
1111 3872 1293 3922 diserti-nimam

159 3955 285 4013 rideatur,
302 3953 367 4016 qaod
382 3955 472 4015 leqam,
489 3954 528 4000 ael
544 3957 626 4011 taam,
652 3956 689 4002 ael
707 3952 819 4017 Catonia,
835 3955 872 4001 ael
892 3953 1012 4002 Ciceronis
1018 3988 1025 4015 ,
1041 3957 1086 4000 aut
1104 3951 1231 4009 Sallustii,
1250 3957 1294 4000 ant

163 4033 280 4090 Gracchi,
307 4037 351 4080 aut
371 4032 459 4096 poetae
483 4032 597 4081 alieuius.
631 4032 722 4099 Χρῇζω
739 4035 790 4099 γὰρ
808 4033 977 4094 ἀναπαὺλης,
995 4036 1019 4078 ei
1035 4031 1137 4079 maxime
1153 4032 1198 4078 hoc
1211 4047 1294 4094 qenai.

159 4114 244 4163 Etiam
260 4114 282 4160 ri
299 4129 346 4176 qua
363 4112 472 4161 Lucretii
488 4119 531 4160 ant
549 4113 624 4161 Ennii
644 4120 757 4178 excerpta
775 4114 854 4162 babes.
878 4113 1053 4176 Excerpebant
1069 4119 1094 4161 et
1110 4113 1156 4176 ipsi
1172 4112 1293 4177 discipuli.

159 4193 317 4256 Excerpendi
333 4193 485 4241 consuetudo
500 4192 551 4242 late
567 4194 673 4256 patebat.
707 4195 750 4242 Ex
766 4194 795 4242 iis
811 4193 936 4242 interdum
953 4192 1127 4242 conficiebatur
1144 4207 1232 4257 corpus
1249 4195 1292 4242 ali-

158 4274 225 4336 quod
250 4279 435 4336 praeceptorum
461 4274 609 4332 moralium,
634 4289 697 4336 quae
721 4273 784 4322 falso
808 4274 907 4322 nomine
931 4273 1107 4323 vendebantur.
1149 4274 1215 4322 Hinc
1239 4281 1293 4322 orta

158 4353 273 4402 Disticha
288 4353 403 4416 Dionysii
420 4353 529 4404 Catonis.
