2916 5220
219 321 262 384 44
630 309 945 379 CARMINUM

262 504 374 569 Aetas.
423 503 526 588 Oarpe
549 501 657 583 diem,
682 520 780 585 quam
803 496 980 561 minimum
1003 492 1134 559 credula
1155 496 1295 578 postero.

218 674 275 718 clus
292 670 421 719 homullis:
439 668 604 729 Iamfuert't,
621 681 699 728 neque
708 674 765 729 posi
785 671 788 725 Ι
808 675 875 736 quad
899 673 1015 733 emenda,
1040 674 1071 721 dc
1095 672 1150 721 nita
1172 684 1227 718 usca
1251 669 1360 717 tollitur.

218 763 330 810 unquam
354 761 469 798 reuocare
490 747 581 796 licebit.
614 743 703 792 Brevis
724 745 766 794 hic
812 753 880 811 Quot
894 757 991 815 puncta
1003 751 1113 811 notarit,
1130 754 1168 798 tot
1178 762 1290 797 nieorum
1299 752 1361 795 runt

217 832 256 874 0⁸²
276 824 385 886 merus,
407 827 469 875 <lum
491 824 538 873 hoc
554 822 653 879 dicunt,
670 821 765 872 fructus
809 833 903 879 damna
921 836 1067 894 temporum.
1100 827 1227 878 Orientlus
1243 828 1269 875 in
1283 826 1361 876 Carn-

217 904 267 952 iam
283 920 334 953 non
350 911 400 964 est,
416 919 466 954 non
483 902 538 959 erit,
553 900 604 949 iam
616 900 700 960 fuerit,
714 904 764 951 iarn
809 909 895 956 mouit.
918 907 939 957 Ι,
976 910 1064 957 Omnis
1086 908 1224 970 paullatim
1248 907 1297 954 leto
1316 920 1362 954 mas

218 982 316 1045 fugerit.
345 985 403 1033 Non
420 985 505 1035 inveni
521 986 627 1035 Horatio
644 983 765 1046 antiquio·
809 988 925 1050 applicat
941 988 1012 1048 hara,
1030 987 1087 1036 Hac
1102 982 1361 1048 quaquequadloqui-

218 1076 283 1121 rem,
300 1062 345 1127 qui
360 1064 516 1128 usurpaverit
530 1062 594 1111 illud
610 1066 671 1111 dum
687 1065 764 1125 laqui-
810 1081 868 1114 mur
885 1072 995 1128 tempore
1009 1066 1176 1128 praemoriar.
1198 1065 1230 1112 In
1243 1063 1360 1111 omnibus

218 1158 286 1190 mm:
309 1143 352 1191 sed
372 1143 445 1192 multi
467 1149 526 1191 sunt
541 1142 642 1198 imitati,
659 1155 764 1204 quorum
809 1144 861 1192 istis
877 1143 997 1206 exemplis
1013 1149 1051 1191 est
1066 1155 1183 1205 praesens
1197 1140 1360 1189 indicativum

218 1219 285 1268 dicta
299 1221 442 1270 referuntur
457 1221 489 1270 ab
504 1222 606 1284 interpr.
620 1220 651 1267 ad
663 1219 764 1268 Patron.
810 1231 917 1286 tempus.
928 1224 963 1272 Et
971 1222 1130 1272 sicHoratius
1140 1222 1287 1285 scripsisset:
1299 1223 1361 1270 dam

218 1300 259 1348 99,
281 1306 306 1349 et
321 1301 410 1350 Burm.
426 1302 452 1349 in
469 1299 576 1350 Anthol.
592 1301 649 1348 Lat.
666 1298 726 1348 Vol.
743 1299 765 1348 Ι.
810 1304 952 1366 loquimur,
969 1302 1044 1366 sapit
1067 1303 1155 1350 incida
1187 1302 1274 1351 Aetas.
1308 1301 1360 1351 Sed

218 1393 274 1440 pag.
300 1380 357 1430 705.
393 1379 464 1430 Ovid.
495 1379 542 1428 IV.
574 1379 649 1427 Pout.
673 1378 698 1426 3.
723 1378 765 1426 58.
809 1380 852 1429 lex
876 1381 950 1429 metri
974 1395 1051 1429 unam
1076 1379 1200 1444 syllabam
1222 1379 1360 1443 appetebat.

217 1473 281 1520 quae
298 1460 346 1507 titi
362 1460 430 1508 breta
445 1460 578 1514 uidentur,
597 1458 668 1505 Dum
684 1458 765 1520 ioque·
811 1460 893 1522 Igitur
914 1459 1010 1521 scripsit
1024 1458 1135 1521 superii.
1170 1460 1249 1520 Fupit
1268 1457 1361 1520 legitur

218 1538 268 1597 ria,
282 1537 347 1600 fieri
368 1537 456 1586 tristia
474 1551 546 1600 posse
563 1540 637 1597 puta.
663 1535 765 1583 Patron.
810 1538 837 1586 in
854 1553 905 1587 uuo
922 1538 991 1586 Leid.
1009 1536 1036 1584 in
1049 1535 1360 1601 antiquissimoD'Orvill.

218 1616 258 1663 99.
292 1615 361 1665 Dum
378 1618 495 1679 loqueris,
516 1617 575 1664 lecu
589 1616 686 1677 pruina
702 1615 766 1661 dila·
811 1625 840 1666 ut
865 1617 973 1665 affirmat
997 1615 1159 1680 Oudendorp.
1180 1622 1205 1664 et
1226 1617 1252 1664 in
1275 1616 1360 1666 Schol.

218 1697 296 1744 ditur.
330 1694 432 1744 Persius
449 1695 501 1745 Sat.
519 1693 553 1743 V.
573 1693 628 1742 llil·
659 1694 768 1754 ludulae
811 1697 891 1746 Persii
908 1696 961 1746 Sat.
978 1695 1013 1744 V.
1027 1695 1083 1744 153.
1110 1695 1185 1744 Unde
1201 1696 1362 1744 crediderunt

217 1776 299 1835 penta,
317 1788 450 1836 carpamus
465 1775 565 1822 dulcia:
586 1778 701 1821 metrum
717 1777 767 1830 art,
810 1774 937 1833 librarios,
953 1780 982 1822 ut
993 1780 1073 1822 metro
1083 1775 1264 1838 prospicerent,
1276 1774 1362 1824 fecisse

221 1853 296 1909 Quod
315 1855 387 1902 vimd-
426 1854 486 1900 Vim
507 1867 600 1900 memor
622 1851 673 1899 leti
692 1850 767 1913 sapit
804 1855 919 1917 super-it,
936 1861 961 1902 et
974 1853 1109 1902 Horatium
1126 1869 1199 1901 usum
1215 1867 1268 1903 esse
1284 1855 1362 1903 verbo

219 1931 288 1978 barn.
300 1933 356 1987 bac,
372 1931 439 1993 quad
449 1933 547 1993 loquar,
564 1931 623 1978 inda
633 1935 678 1979 est.
696 1929 767 1990 Quae
811 1933 953 1997 composito.
987 1931 1146 1995 Oudendorp.
1167 1932 1270 1994 putabat
1286 1946 1361 1996 opor·

218 2015 276 2056 sunt
293 2007 422 2057 manifesta
438 2008 545 2056 imitatio
558 2007 666 2058 Horatii.
684 2008 767 2058 Simil-
811 2019 863 2062 tere
879 2011 930 2074 legi
947 2011 1066 2075 diffugiit,
1077 2010 1118 2058 vel
1135 2011 1240 2073 desupit.
1265 2011 1361 2073 Diffu-

218 2086 306 2136 limum
322 2093 347 2136 et
363 2087 410 2135 hoc
427 2086 500 2137 Ovid.
518 2087 539 2135 1.
565 2089 650 2137 Amor.
674 2088 711 2136 ll.
729 2088 766 2135 15.
810 2093 848 2154 pit
864 2089 939 2138 ctiam
956 2094 1009 2138 erat
1025 2089 1052 2135 in
1068 2086 1147 2137 (iodd.
1160 2088 1258 2136 Bersm.
1270 2095 1295 2137 et
1305 2103 1362 2151 pro·

219 2168 291 2214 Dum
308 2168 407 2229 loquar,
424 2167 486 2214 bara
495 2166 579 2229 fucit,
613 2165 767 2215 Sententiam
811 2167 903 2216 barunt
919 2167 1038 2230 Rutgers.
1055 2172 1080 2216 et
1096 2165 1235 2216 Fabricius.

218 2244 254 2293 ita
270 2244 429 2308 amplificavit
445 2243 548 2293 Hieron.
560 2244 641 2307 Epist.
652 2245 692 2294 35.
710 2247 768 2295 Hoc
830 2247 941 2295 Credula
949 2252 1053 2309 postero.
1067 2244 1362 2294 EMSS.Rub.aunota·

219 2326 315 2388 ipsum,
338 2325 404 2386 quad
426 2325 561 2386 scribitur,
586 2324 652 2387 quod
676 2325 768 2386 raiaco,
812 2322 1362 2388 tumiuvenipcatera.Fortassefuitparterue.

707 2491 873 2516 ⁴0⁶-

599 2625 847 2691 CARMHN
893 2625 972 2689 XII.

398 2777 511 2862 Quem
535 2790 641 2855 virum
664 2795 722 2854 aut
745 2790 842 2854 heroa
864 2789 936 2873 lyra
958 2789 1010 2854 vel
1033 2788 1098 2853 acri

396 2895 489 2959 Tibia
512 2893 615 2959 sumis
639 2892 815 2975 celebrare,
841 2891 932 2957 Clio?

400 2997 504 3077 Quem
528 2997 657 3060 Deum?
705 2994 806 3060 Cuius
829 2995 953 3060 recinet
976 2995 1084 3060 iocosa

488 3098 617 3164 Nomen
641 3098 769 3184 image,

397 3205 468 3269 Aut
486 3203 522 3268 in
545 3203 708 3268 umbrosis
734 3203 904 3269 Heliconis
929 3203 1010 3285 oris,

397 3307 468 3372 Aut
490 3306 587 3393 super
610 3306 717 3371 Pindo
745 3306 896 3393 gelidove
920 3305 955 3370 in
979 3306 1129 3371 Haemo?

398 3410 494 3476 Unde
517 3411 663 3476 vocalem
687 3416 809 3476 temere
832 3410 1000 3475 insecutae

489 3514 619 3601 Orphea
642 3513 762 3596 silvae,

396 3615 478 3681 Arte
500 3621 649 3681 materna
671 3616 801 3700 rapidos
825 3620 1009 3681 morantem

400 3718 593 3783 Fluminum
615 3719 728 3803 lapsus
752 3720 935 3804 celeresque
958 3723 1091 3800 ventos,

399 3821 564 3886 Blandum
588 3828 621 3886 et
645 3821 769 3887 auritas
792 3822 913 3887 fidibus
938 3820 1064 3886 canoris

488 3926 613 3991 Ducere
636 3948 782 4012 quercus.

376 4089 528 4140 CARMEN
546 4091 601 4139 ΧΠ
810 4062 867 4111 308.
881 4061 955 4123 legit:
973 4059 1083 4110 Doctum
1094 4066 1119 4109 et
1131 4061 1239 4108 auritas.
1256 4059 1282 4108 N
1283 4065 1360 4114 ester:

603 4128 609 4139 ⁰
811 4143 909 4190 Doctus
924 4145 949 4189 et
966 4139 1073 4187 auritas.
1096 4139 1227 4186 Blandum
1239 4143 1264 4186 et
1278 4142 1361 4184 aucto·

254 4185 401 4269 Blandum
422 4226 447 4268 ct
468 4221 570 4269 auritas
579 4221 676 4283 fidibus
692 4233 765 4269 cama·
810 4220 881 4268 ritate
898 4218 975 4268 MSS.
992 4223 1018 4266 et
1032 4217 1124 4266 maiore
1135 4215 1259 4278 elegantia
1270 4229 1296 4263 se
1309 4220 1361 4262 tuc-

221 4299 259 4347 ris
277 4300 376 4346 Ducere
387 4311 497 4360 priorsus.
516 4297 585 4349 Serv.
598 4298 630 4346 ad
641 4299 662 4346 I.
676 4298 765 4360 Georg.
810 4303 858 4347 tur.
893 4295 1028 4348 Caeterum
1043 4295 1128 4360 paullo
1146 4300 1203 4344 autc
1219 4296 1297 4344 tilam
1310 4294 1360 4341 Or-
