2916 5220
550 312 726 376 LIBER
774 313 799 374 Ι.
1180 314 1241 376 101

98 517 163 563 pera
180 507 222 559 tn,
239 517 295 550 nrea
311 499 454 549 Canthara.
475 501 515 549 De
531 499 654 549 coniectu·
693 515 798 563 cunque
814 502 893 555 salve,
911 505 940 548 nt
958 501 1020 549 Rite
1032 499 1138 557 meanti,
1155 500 1243 547 volun·

100 583 135 629 ris
158 581 220 630 mihi
239 578 357 642 eamque,
382 593 450 628 nane
465 581 569 639 resolve,
594 579 656 628 mibi
693 586 731 627 tas
747 579 929 628 eouiioientium
946 579 1073 627 laudanda
1088 585 1131 628 est.

611 718 755 742 ⁴00——

445 859 692 927 OARMEN
737 859 904 925 XXXIII.

282 1002 389 1097 Albi,
414 1037 455 1080 ne
479 1013 589 1078 doleas
613 1012 688 1098 plus
713 1012 834 1094 nimio,
858 1034 982 1078 memor

281 1117 425 1184 Immitis
450 1116 627 1200 Glycerae,
652 1137 716 1181 neu
740 1114 944 1181 miserabiles

281 1223 442 1288 Decantes
466 1219 575 1304 elegos
582 1228 597 1302 ,”
614 1240 672 1283 cur
695 1217 758 1283 tibi
781 1217 889 1283 iunior

368 1323 472 1388 Laesa
494 1320 677 1407 praeniteat
699 1320 772 1385 fide.

279 1426 449 1512 Insignem
473 1424 565 1490 tenui
587 1423 696 1488 fronte
720 1423 879 1506 Lycorida

278 1529 357 1613 Cyri
381 1533 482 1594 torret
504 1548 611 1610 amor,
637 1526 741 1610 Cyrus
766 1526 801 1590 in
825 1547 973 1611 asperam

281 1630 435 1696 Declinat
458 1628 620 1707 Pholoiin3
644 1628 702 1694 sed
724 1627 816 1714 prius
840 1628 960 1714 Apulis

370 1735 553 1820 Iungentur
576 1755 710 1819 capreae
732 1732 839 1818 lupis,

279 1837 386 1917 Quam
410 1837 499 1923 turpi
523 1836 645 1901 Pholoii
668 1840 781 1921 peccet
804 1834 961 1900 adultere.

279 1939 333 2006 sic
355 1940 465 2006 visum
488 1937 625 2022 Veneri,
650 1938 703 2003 oui
724 1938 834 2025 planet
857 1936 997 2023 impares

279 2042 415 2108 Formas
439 2048 537 2128 atque
561 2041 688 2107 animos
713 2042 774 2107 sub
797 2041 877 2126 iuga
899 2046 999 2106 ainea

371 2147 474 2213 Saevo
496 2145 629 2211 mittere
651 2167 727 2211 oum
750 2145 829 2211 ioco.

278 2251 394 2336 Ipsum
416 2271 470 2314 me
493 2246 609 2313 melior
632 2269 735 2334 quum
757 2251 883 2333 peteret
905 2247 1035 2328 Venus,

277 2355 381 2422 Grata
402 2353 546 2420 detinuit
569 2352 724 2439 compede
749 2350 890 2436 Myrtale

278 2457 464 2541 Libertina,
488 2455 581 2522 fretis
605 2455 709 2521 acrior
733 2454 877 2520 Hadriae

367 2559 544 2627 Currantis
570 2559 725 2625 Calabros
749 2557 852 2624 sinus.

221 2769 373 2820 CARMEN
390 2771 522 2821 XXXIII¹
720 2747 812 2808 Ipsam
832 2761 871 2795 nro
892 2747 979 2794 melior
999 2760 1056 2794 enne
1076 2749 1171 2807 peteret
1194 2746 1237 2793 Ve-

686 2840 741 2873 nns.
776 2824 842 2874 Cum
854 2825 909 2874 Dea
919 2824 1008 2873 Venus
1019 2839 1059 2873 me
1071 2837 1155 2872 amore
1166 2823 1236 2884 puel·

135 2867 236 2962 Oyrns
253 2902 281 2949 in
298 2915 414 2962 asperam
439 2903 562 2951 Destinat
579 2905 647 2954 Pho·
686 2904 726 2952 lae
742 2902 850 2954 melioris
867 2903 1020 2960 incenderet,
1037 2905 1099 2951 etin
1111 2915 1236 2959 messem,

95 2980 160 3030 lain.
186 2977 258 3029 Ovio.
275 2977 324 3027 lx.
349 2980 452 3028 Metam.
470 2980 526 3029 460.
566 2983 647 3030 Pani·
687 2989 716 3029 ut
745 2983 873 3046 Myrtalen
902 2983 1085 3045 relinquerem,
1110 2981 1237 3044 Myrtale,

95 3060 172 3108 latim
184 3057 378 3108 declinntnmor.
391 3057 441 3106 Ubi
456 3058 646 3122 rid.Heins.qui
686 3058 784 3107 volente
808 3059 894 3108 eadam
918 3058 1031 3116 Venere,
1060 3074 1099 3108 me
1125 3059 1237 3106 detinuit.

95 3141 127 3183 ut
139 3134 239 3184 Horatii
254 3135 354 3184 laudat:
371 3137 461 3198 Lydus
476 3138 504 3185 in
522 3152 646 3202 asperam.
693 3139 775 3185 Venus
796 3151 847 3185 non
867 3137 979 3185 absoluta
1000 3140 1151 3200 propudia
1168 3138 1236 3199 poni·

96 3214 177 3262 Error
193 3227 283 3262 manus
299 3214 340 3262 vel
356 3213 524 3264 librariorum.
686 3221 738 3264 tur:
763 3216 806 3264 sed
831 3216 985 3266 blandientes
1010 3217 1138 3281 appellant
1162 3231 1235 3265 snam

131 3294 233 3354 Apulis.
265 3292 373 3341 Franek.
381 3298 407 3342 et
417 3293 466 3341 alia
478 3292 554 3343 MSS.
576 3297 647 3358 Apa·
691 3297 816 3344 Venerem.
843 3295 983 3346 Molliorem
1001 3297 1064 3344 forte
1078 3309 1168 3343 sonum
1180 3294 1237 3342 huic

96 3373 138 3420 iia.
169 3372 255 3420 Etiam
279 3371 393 3420 Diomed.
418 3387 476 3435 pag.
503 3374 559 3424 473.
593 3375 647 3423 Alii
687 3374 769 3421 versui
790 3374 826 3420 ita
846 3374 946 3422 reddas:
973 3377 1064 3437 Ipsum
1087 3389 1125 3422 me
1141 3379 1237 3435 peteret

96 3452 218 3512 Appulia.
253 3449 326 3499 Cous.
357 3450 460 3500 Santen.
486 3452 518 3499 ad
543 3452 644 3502 Terent.
685 3467 742 3500 anm
758 3454 845 3502 melior
863 3455 954 3502 Venno.
990 3453 1040 3503 Sed
1056 3452 1176 3502 Horatius
1194 3452 1237 3498 ad·

95 3529 182 3578 Maur.
204 3544 228 3592 p.
249 3529 289 3577 34.
314 3529 356 3592 qui
381 3544 432 3578 non
453 3544 510 3579 aum
536 3530 646 3580 Gesnero
685 3529 774 3579 iectiva
789 3537 814 3580 et
830 3531 986 3582 substantiva
997 3534 1025 3582 in
1041 3532 1089 3581 hoe
1105 3531 1178 3581 metri
1195 3545 1235 3594 ge-

94 3613 208 3664 reretur,
226 3621 257 3656 ne
272 3607 353 3671 prima
368 3607 466 3671 syllaba
483 3608 514 3656 sit
530 3607 617 3657 brevis.
686 3622 745 3657 nera
760 3623 810 3657 non
823 3610 858 3658 ita
865 3612 1000 3675 coniungit,
1011 3618 1039 3659 ut
1056 3612 1162 3660 ostendit
1174 3610 1235 3659 Mai-

130 3685 210 3735 Saevo
230 3687 330 3735 mittere
350 3701 407 3756 enni
424 3688 482 3736 iore.
514 3686 645 3737 claudian.
685 3687 991 3740 nektusantvoarmn.
1004 3692 1042 3740 16.
1059 3691 1236 3740 NecMosarus

94 3763 132 3813 11.
153 3764 259 3828 Eutrop.
282 3763 364 3813 Praei.
387 3763 410 3810 6.
451 3762 568 3813 Onlrnine
584 3766 645 3814 deie-
686 3764 779 3829 aliquid
796 3769 889 3817 mutari
906 3769 1013 3817 volebat.

92 3849 166 3893 ctum
186 3844 253 3892 vitae
275 3844 391 3890 Fortuna
406 3842 488 3904 priori
511 3844 645 3903 Reddidit,
720 3842 843 3906 narrare.
872 3847 941 3896 Haec
955 3852 992 3895 est
1004 3846 1117 3909 legitima
1128 3845 1236 3893 nominis

93 3925 186 3971 insane
201 3923 253 3970 ianr
269 3922 368 3970 satiata
383 3921 440 3970 ioan.
686 3924 797 3986 scriptio:
811 3923 1013 3974 vid.A.Gronov.
1024 3924 1055 3971 ad
1064 3921 1234 3974 Iustin.IX.7.

566 4164 762 4186 &000⁸-
