2916 5220
610 325 784 389 LIBER
833 327 857 388 l.

340 513 499 595 Fmtuno,
522 516 627 578 ritem:
652 513 738 578 diors
761 523 790 578 et
813 517 919 578 aureis

382 615 545 678 Mercator
566 619 698 680 eraiecet
720 615 845 681 catallis

436 717 518 782 Vino
541 718 627 803 Syro
649 728 805 803 reparata
827 740 941 800 merce,

157 855 228 900 nem,
250 843 308 904 quia
328 850 387 891 sunt
407 843 472 892 faeta
488 844 632 907 praecipua,
648 845 703 908 qui·
746 847 849 894 caeteris
858 846 1203 896 consuetudinemaffirmant.
1217 848 1299 898 Credo

158 921 204 968 bns
226 921 340 970 dominus
360 937 432 984 saepe
451 923 563 980 interest,
585 922 645 970 dnm
662 937 704 985 ge·
747 939 799 974 esse
826 926 892 985 loca,
918 926 961 974 nbi
986 941 1034 974 non
1061 927 1169 974 multum
1195 926 1299 986 referat,

157 1006 258 1048 rantur.
291 1001 416 1049 Dominus
440 1003 504 1050 vites
519 1006 648 1063 amputat,
664 1002 708 1049 mi·
748 1011 832 1053 utrum
857 1006 991 1069 composito
1015 1005 1093 1053 utaris
1119 1020 1150 1053 an
1181 1005 1299 1068 simplici,

158 1080 706 1129 nusadeandemrationsmaecommodatnm

158 1164 204 1206 est.
237 1158 348 1208 Noverat
367 1162 440 1222 po'eta
460 1159 554 1223 Virgil.
573 1159 595 1208 Ι.
616 1158 707 1222 Georg.

162 1238 216 1288 157.
227 1237 301 1301 solra
318 1253 416 1300 prernea
441 1241 556 1297 ambros,
581 1244 605 1287 et
635 1235 707 1286 Onu.

66 1317 69 1324 '
160 1313 237 1363 XIV.
255 1315 316 1364 Met.
334 1317 391 1366 629.
409 1319 542 1366 luxuriam
556 1317 658 1380 premit.

192 1395 274 1443 Diues
294 1401 320 1443 ct
339 1397 426 1444 aureis
452 1395 584 1445 Mercator
604 1397 709 1444 exsiccet

158 1473 269 1521 catallis.
293 1473 407 1522 Tertium
430 1473 482 1522 vini
501 1472 709 1536 praestantissimi

159 1552 316 1615 exemplum,
345 1553 420 1616 idque
448 1553 473 1601 in
500 1558 642 1601 mercatore.
675 1551 710 1600 Et

159 1632 240 1694 qualis
256 1632 392 1681 sententia?
409 1631 481 1682 “Alii
497 1631 638 1694 possideant
648 1631 710 1680 vites

160 1709 276 1760 Calenas.
308 1710 385 1759 Diras
401 1716 523 1759 mercator
539 1711 625 1759 vinnm
642 1709 711 1758 bibat

160 1803 192 1837 ex
209 1790 289 1838 aureis
305 1788 423 1852 poculis.”
456 1788 581 1838 Nonnulli
602 1803 616 1836 e
632 1789 710 1839 MSS.

160 1868 249 1931 legunt
271 1869 339 1917 dives
359 1874 390 1915 ut
411 1870 510 1916 nareis:
532 1867 597 1930 quod
617 1867 710 1929 signifi·

160 1953 241 2005 caret,
259 1947 388 1995 dominum
405 1946 495 1994 vitium
506 1945 658 1996 Calenarnm
669 1961 710 1995 eas

160 2025 223 2075 vites
239 2025 359 2083 nonsibi,
375 2025 418 2074 sed
429 2024 607 2074 mercatoribus
618 2024 709 2085 colere,

160 2111 185 2152 et
214 2118 259 2167 pro
285 2103 341 2152 vino
370 2104 480 2167 accipere
504 2117 597 2153 meroes
623 2103 709 2168 Syras.

160 2181 295 2232 Caeterum
311 2183 337 2230 in
353 2197 404 2231 nno
420 2182 477 2233 MS.
495 2182 585 2245 reperi:
603 2185 671 2233 dives
681 2185 710 2232 irs

159 2261 254 2309 auras.
288 2257 325 2309 Ut
350 2259 439 2310 Graeci
460 2261 488 2310 ἐν
509 2264 596 2327 χρυσῷ
617 2263 707 2314 πίνειν.

160 2337 258 2388 &noca
274 2338 376 2403 Thyest.
393 2341 450 2389 453.
471 2343 596 2390 Venenum
606 2344 635 2392 r'n
646 2359 710 2393 auro

158 2420 264 2467 bibitur.
289 2416 418 2467 Ammian.
434 2419 574 2468 Marcellin.
592 2420 708 2472 XXVII.

159 2510 219 2560 pag.
242 2497 300 2546 363.
334 2498 487 2546 Humanum
510 2501 656 2561 sanquinem
680 2502 708 2550 in

158 2578 256 2625 ossibus
271 2577 383 2638 capilum
394 2577 511 2625 burnonis
522 2578 636 2627 bibentes.
647 2577 707 2627 Vid.

158 2655 299 2703 Burmann.
322 2654 354 2703 ad
375 2654 485 2704 Phaedri
501 2655 523 2703 I.
540 2654 588 2704 fab.
617 2657 657 2704 25.
683 2663 708 2705 et

159 2732 255 2796 (inpari
279 2732 382 2783 Observ.
406 2748 464 2796 pag.
492 2733 548 2782 201.
576 2733 625 2784 Sed
648 2735 707 2793 hoc,

159 2812 247 2871 credo,
264 2813 338 2875 potita
353 2812 445 2872 noluit,
462 2818 563 2875 propter
577 2814 690 2862 erueret.

194 2893 265 2954 Syro
280 2897 499 2954 reparatanrerce.
530 2891 706 2941 MartinVar.

159 2971 232 3019 Lect.
262 2969 283 3018 1.
318 2971 341 3019 3.
370 2971 547 3034 interpretatur
574 2986 707 3033 reparare,

158 3050 270 3098 nummis
286 3063 319 3098 ex
335 3063 362 3098 re
377 3048 478 3098 vendita
488 3048 583 3112 aliquid
593 3050 707 3098 rebmsre.

748 1084 968 1147 quamquam·vel
997 1085 1044 1144 sic,
1075 1085 1141 1146 apud
1166 1085 1299 1147 castigatos

749 1161 838 1211 saltem
867 1162 1010 1226 scriptores,
1039 1162 1173 1225 composito
1202 1176 1299 1225 semper

750 1242 787 1289 vis
804 1256 850 1289 sua
867 1242 938 1300 insit,
955 1241 997 1290 sed
1010 1241 1093 1289 hocin
1105 1257 1227 1304 reparare
1238 1254 1297 1304 quo-

750 1333 798 1382 que
814 1320 880 1378 fieri,
897 1334 946 1369 non
963 1321 1043 1368 credo.
1069 1320 1148 1383 Apud
1164 1319 1298 1367 Horatium

751 1411 887 1461 nusquam:
908 1414 931 1446 v.
957 1413 977 1446 c.
1004 1397 1039 1446 Il.
1062 1397 1115 1448 Sat.
1137 1399 1160 1446 5.
1177 1399 1201 1446 2.
1220 1401 1297 1447 amis·

750 1491 793 1524 aas
818 1492 939 1540 reparare
962 1493 1050 1540 queam
1074 1493 1121 1526 res.
1155 1478 1189 1525 Et
1211 1476 1246 1523 sic
1262 1482 1299 1524 est

751 1555 776 1603 in
798 1559 891 1604 darana
912 1570 1050 1618 reparare,
1075 1557 1141 1604 vires
1166 1571 1299 1617 reparare,

750 1635 863 1692 caeteris,
879 1648 987 1697 qnorum
1003 1634 1118 1696 exempla
1129 1634 1155 1682 in
1167 1633 1298 1683 Commen-

751 1713 818 1761 tariis
843 1713 955 1761 virorum
981 1713 1110 1760 doctorum
1139 1712 1231 1776 ubique
1256 1729 1298 1763 ex-

751 1796 825 1838 stant.
859 1791 949 1840 Vellei.
976 1789 1072 1839 Patere.
1095 1790 1130 1838 II.
1160 1791 1201 1842 s7.
1244 1791 1296 1841 Mt-

752 1871 877 1919 tlsridatea
898 1883 1002 1932 mopsus
1017 1871 1074 1918 noui
1091 1872 1217 1918 exercitus
1233 1873 1300 1920 uires

751 1953 928 2012 reparaverat,
946 1948 992 1995 hoc
1008 1953 1057 1995 est:
1076 1946 1165 1994 iterum
1189 1947 1236 1995 sibi
1257 1963 1298 2010 pa·

751 2035 850 2076 raserat
866 2041 971 2090 magnas
987 2027 1052 2074 vires
1069 2025 1095 2073 in
1105 2040 1170 2073 novo
1181 2027 1298 2075 exercitu.

751 2105 917 2156 Ruhnkenius
938 2105 1045 2169 primum
1066 2104 1128 2168 legit
1147 2112 1300 2168 parauerat,

752 2191 805 2233 tum
822 2185 903 2234 addit:
921 2185 980 2233 “sed
996 2199 1118 2246 reparare
1133 2197 1179 2246 pro
1195 2184 1299 2247 simplici

749 2279 843 2325 parare
859 2264 967 2326 positum
984 2263 1088 2311 videtur.
1105 2262 1299 2312 Lucan.I.134.

752 2342 805 2391 Nea
825 2357 947 2404 reparare
967 2357 1043 2390 noeros
1060 2341 1149 2390 vires.”
1183 2339 1298 2390 Pruden-

750 2426 788 2468 ter
805 2407 972 2469 Ruhnisenius
993 2422 1100 2469 videtur.
1135 2420 1252 2468 Lucanus
1270 2421 1300 2470 de

751 2496 870 2561 Pompeio
886 2499 1009 2562 loquitur,
1033 2500 1083 2546 iam
1100 2512 1169 2556 sene,
1190 2505 1215 2546 et
1232 2499 1300 2547 ducis

750 2577 834 2626 oblito.
869 2577 992 2627 Credebat
1012 2576 1089 2639 priori
1109 2574 1234 2636 fortunae,
1255 2592 1300 2626 nec

749 2657 813 2705 vires
838 2671 895 2705 suas
925 2656 1065 2705 debilitatae
1093 2669 1159 2703 novo
1188 2655 1300 2704 exercitu

749 2736 887 2798 reparabat.
930 2735 996 2783 Nam
1022 2734 1155 2797 Pompeius
1180 2733 1300 2797 flagitiose

749 2815 886 2877 imparatus
904 2820 957 2863 erat
974 2829 989 2861 a
1006 2812 1133 2862 militibus.
1163 2813 1246 2876 Igitur
1263 2815 1299 2862 ni-

750 2892 786 2941 bil
803 2898 892 2950 restat,
911 2893 958 2940 nisi
976 2898 1005 2939 nt
1021 2893 1104 2941 locum
1120 2893 1206 2956 poetae
1222 2895 1300 2942 nostri

749 2970 785 3019 ita
801 2984 964 3034 exponamus:
996 2971 1128 3030 Mercator,
1145 2972 1225 3033 pn'ore
1242 2972 1299 3020 vino

749 3055 891 3107 consumto,
908 3063 1000 3099 novum
1018 3048 1090 3105 bibit,
1111 3049 1176 3112 quod
1193 3050 1239 3099 sibi
1256 3051 1298 3100 ite·

159 3129 261 3188 Voluit,
278 3128 306 3176 ni
325 3127 412 3184 fallor,
432 3125 526 3188 aliquid
546 3126 666 3183 rendere,
684 3132 709 3175 et
750 3144 807 3178 rum
831 3130 943 3193 paravit,
970 3130 1036 3193 Syra
1059 3144 1141 3179 merce
1164 3119 1342 3194 nimam(

158 3221 207 3270 pro
234 3222 291 3268 eo,·
306 3207 372 3271 qnod
405 3204 534 3254 vendendo
566 3204 708 3265 amisimus,
751 3207 822 3269 Quod
838 3209 951 3272 ineptum
962 3218 1005 3260 est.
1022 3195 1298 3280 Bemlairss','postali0s

159 3287 231 3334 alind
247 3300 281 3335 ex
296 3284 407 3334 nummis
421 3284 479 3332 inde
500 3282 571 3332 factis
596 3283 644 3332 sibi
658 3301 706 3347 pa·
750 3293 867 3345 conatus,
895 3297 1019 3353 reparata
1038 3283 1219 3350 ‘interpretatur
1243 3300 1298 3331 eoa-

157 3378 228 3414 rure.
253 3363 304 3414 Sed
324 3363 371 3412 hoc
389 3370 428 3412 est
444 3378 547 3425 perure.
575 3364 709 3426 Reparore
750 3368 805 3415 dita
821 3370 901 3417 nardo
918 3372 1009 3434 Syrio,
1032 3373 1061 3413 ut
1082 3363 1193 3410 solebant
1211 3360 1297 3405 vinum

158 3458 213 3492 non
228 3443 296 3492 dicas
312 3442 359 3490 nisi
374 3442 405 3492 de
421 3441 495 3491 rebus
511 3441 620 3491 eiusdem
636 3456 709 3505 gene·
750 3446 851 3497 miscere
862 3450 936 3498 variis
949 3443 1072 3492 odoribus.
1090 3439 1145 3486 Hoc
1158 3437 1220 3484 forte
1232 3450 1297 3484 com-

158 3525 203 3572 ris.
236 3522 379 3572 Prorocant
406 3520 551 3584 interpretes
576 3520 608 3569 ad
633 3519 707 3570 Alfe-
750 3527 826 3575 movit
846 3529 928 3575 virum
949 3523 1049 3570 doctum
1069 3519 1094 3565 in
1117 3518 1190 3567 Actis
1208 3516 1297 3567 Societ.

158 3616 224 3652 num
240 3601 274 3651 D.
295 3600 357 3652 XV.
377 3601 409 3652 T.
430 3603 454 3650 3.
478 3602 501 3649 l.
524 3601 563 3650 16.
599 3600 709 3650 Camiri
750 3604 915 3657 Traiectinae,
949 3607 976 3647 ut
1009 3597 1139 3646 coniiceret
1170 3599 1297 3660 piperato.

158 3685 232 3732 bores
248 3695 299 3730 nors
320 3685 402 3730 essent
421 3681 517 3742 idonei,
536 3681 648 3729 iusserat
668 3694 708 3728 eos
749 3683 853 3736 Withof.
876 3681 997 3745 pretioso.
1036 3675 1124 3725 Alius:
1144 3679 1225 3739 Sprue
1242 3693 1299 3725 uere

157 3761 258 3821 mirer
274 3765 300 3810 ei
316 3760 356 3808 ΜΒ
371 3761 493 3816 namma,
509 3759 554 3823 qui
569 3760 725 3831 receptisa,
749 3771 845 3828 paratu
861 3761 956 3809 araca.
989 3757 1042 3806 Nec
1063 3754 1124 3802 mihi
1147 3755 1225 3804 desuit
1241 3770 1298 3802 eon·

157 3845 228 3898 seru,
245 3840 309 3889 alios
328 3854 459 3903 reparare.
493 3837 682 3888 Gothofrednsi
712 3832 720 3843 '
751 3843 855 3889 iectura:
878 3840 943 3885 Vina
961 3837 1030 3899 Syra
1049 3836 1195 3896 reparanda
1211 3849 1298 3882 nance.

156 3917 275 3967 laudarit
294 3916 438 3966 Horatium.
480 3915 530 3967 Sed
549 3923 615 3967 recte
684 3940 708 3971 e·
752 3920 875 3968 Mercator
892 3918 950 3964 vina
965 3914 1081 3974 exsiccat,
1089 3913 1161 3960 avide
1170 3912 1239 3968 bibit,
1248 3926 1298 3960 non

157 4011 208 4047 nus
230 3999 302 4046 waes
321 4009 449 4060 repararm
470 3995 531 4058 qnia
550 3997 620 4045 bores
669 4008 712 4048 ant
751 4011 870 4060 parcens,
903 3995 974 4043 facile
1006 3994 1096 4057 quippe
1123 3991 1297 4055 reparandum.

157 4075 263 4127 venditi.
296 4073 355 4123 Non
369 4075 515 4139 scripsisset,
530 4074 613 4124 credo:
623 4086 656 4141 set
673 4080 712 4126 his
752 4075 847 4131 Facile,
863 4074 972 4138 iuquam.
998 4074 1064 4122 Nam
1081 4071 1137 4120 Diis
1153 4071 1210 4134 ipsis
1226 4083 1300 4119 carus

157 4155 272 4206 nammis
294 4167 370 4216 equos
394 4166 522 4217 reparare,
544 4155 589 4203 aed
614 4146 711 4239 parare.
752 4160 796 4203 est.
830 4155 945 4217 Apparet
961 4169 975 4202 e
991 4151 1117 4210 felicitate,
1132 4157 1300 4214 quaterque-

159 4233 337 4296 Gompots'tum
355 4246 402 4296 pro
421 4234 543 4297 simplici,
567 4231 593 4281 di
627 4246 655 4287 nt
675 4236 710 4284 in·
753 4241 791 4283 ter
802 4249 853 4282 uno
864 4248 929 4282 anno
940 4233 1028 4281 itinera
1038 4228 1140 4293 perficit.
1166 4230 1301 4292 Reparatur

157 4317 293 4376 ῒθῐρῐθῒθθι
322 4316 348 4358 ei
370 4309 469 4360 Horssffi
494 4311 559 4360 Μ
620 4331 712 4380 eprae
754 4321 779 4364 et
794 4314 940 4377 reparando
957 4304 1103 4374 (reparatio)
1120 4309 1191 4359 facile
1204 4325 1302 4373 permu-

1154 4410 1163 4454 l
