2916 5220
585 303 759 367 Llllllll
806 304 865 367 ill.

341 487 497 574 Demersit
520 492 633 552 coitio:
659 487 773 573 diffidit
794 487 915 552 urbium

340 591 462 655 Portae
484 595 531 656 uir
553 592 683 656 Macedo
709 601 739 655 et
764 589 885 656 tumuit
905 591 1040 656 murelos

339 694 441 778 ches
456 693 633 758 muneribus
642 719 651 756 :
675 715 811 758 munera
834 693 969 758 navium

432 796 550 860 Saevos
575 795 755 880 illaqueant
778 795 886 860 duces.

342 897 548 964 Crescentem
573 899 720 983 seqnitur
743 921 820 983 cura
842 899 1015 983 pecuniam

342 1000 569 1086 Maiarumque
592 1001 705 1067 fames.
753 1004 830 1066 Iure
844 1003 1018 1087 perluceret

340 1104 422 1167 Late
445 1109 643 1189 coaqcicuum
666 1103 772 1168 tollere
796 1109 955 1187 uerticem,

428 1209 614 1288 dlccccuos,
639 1209 774 1291 equitum
796 1206 896 1272 deuia

345 1311 471 1390 Quanto
493 1315 621 1397 quisque
643 1309 703 1375 sibl
720 1309 823 1394 plura
846 1318 1019 1398 nequocrit,

339 1411 388 1477 Ab
411 1415 477 1478 Dis
494 1414 597 1498 plura
613 1413 708 1497 feret.
757 1412 814 1476 Nil
838 1414 1042 1498 cupientium

160 1529 223 1577 illud
241 1528 366 1577 Caesaris:
384 1528 425 1575 καὶ
442 1530 471 1575 σύ
486 1526 582 1584 τέκνον,
598 1526 648 1589 peti
666 1540 708 1589 po·
749 1525 837 1574 melius
854 1541 912 1574 eum
930 1529 1129 1576 antecedentibus
1146 1536 1295 1578 connectun-

160 1609 235 1656 tuisse
261 1623 291 1656 ex
322 1607 450 1669 tragoedia
475 1606 577 1668 aliqua,
607 1606 633 1652 in
659 1621 709 1668 qna
748 1612 797 1652 tur.
831 1605 934 1654 Aurum
951 1606 1016 1670 capit
1032 1608 1150 1658 satellites
1165 1623 1253 1672 regum
1273 1615 1298 1656 et

159 1686 283 1749 Eriphyle
296 1685 343 1733 hoe
356 1685 459 1734 dixisset
470 1686 625 1734 Alcmaeoni.
647 1685 708 1746 Quis
748 1683 867 1746 illaqueat
884 1686 1019 1749 intrepidos
1036 1686 1138 1735 navium
1156 1688 1239 1746 duces,
1254 1688 1296 1736 ho-

159 1769 249 1828 neget?
264 1763 435 1812 Anaximenes
447 1765 631 1827 Lampsacenus
643 1765 708 1827 apud
748 1764 826 1811 mines
843 1764 929 1824 duros,
955 1778 1017 1828 quos
1040 1779 1070 1813 ea
1091 1780 1117 1813 re
1139 1767 1210 1830 tangi
1226 1780 1297 1830 posse

159 1844 321 1892 Athenaeum
338 1843 387 1890 VI.
407 1858 430 1905 p.
448 1843 505 1890 388.
531 1845 643 1891 narravit
661 1843 708 1891 hoc
748 1855 797 1889 nou
815 1847 923 1903 putares.
957 1844 1071 1893 Munera
1087 1844 1181 1893 scilieet
1197 1848 1263 1894 auri.

159 1922 252 1971 monile
273 1929 324 1970 tam
344 1935 430 1970 carum
447 1922 521 1971 fuisse
537 1930 637 1986 propter
654 1924 708 1970 anri
783 1920 940 1971 Crescentem
956 1925 1072 1986 sequitur
1082 1938 1146 1973 cura
1154 1926 1296 1985 pecuniam.

159 2002 300 2058 raritatem,
321 2013 385 2063 quae
405 2014 435 2048 eo
456 2007 567 2063 tempore
583 2006 637 2048 erat
653 2014 706 2047 ma·
748 1999 818 2048 Haec
835 2000 958 2049 sententia
969 2015 1027 2049 cum
1041 2002 1206 2050 antecedenti:
1226 2005 1297 2052 Auro

158 2095 216 2142 gna.
255 2081 338 2128 Locus
363 2085 447 2126 autem
472 2075 590 2126 laudatus
614 2086 652 2127 est
676 2079 707 2126 ab
748 2083 832 2128 carnia
848 2082 952 2137 cedunt,
968 2095 1019 2129 non
1035 2081 1094 2128 satis
1111 2083 1236 2141 convenit,
1249 2084 1297 2131 nisi

157 2159 304 2208 Hildeberto
321 2155 417 2204 Philos.
428 2157 495 2206 Mor.
506 2173 530 2219 p.
542 2157 598 2207 978.
616 2157 642 2203 in
659 2171 707 2220 quo
748 2158 779 2205 ab
805 2159 885 2207 altera
910 2160 942 2207 ad
967 2160 1073 2209 alteram
1098 2161 1142 2208 fiat
1165 2163 1296 2219 transitus,

157 2253 204 2301 pro
219 2239 331 2300 potentis
347 2235 521 2297 corrigendum
535 2237 673 2296 potentiue.
747 2237 815 2286 verbi
837 2252 924 2287 caussa
941 2238 967 2285 iu
983 2239 1052 2287 hunc
1067 2239 1181 2287 modum:
1207 2241 1296 2289 “Auro

194 2318 300 2379 Diffidit
317 2316 417 2364 urbium
434 2315 532 2362 Portus
543 2314 582 2361 oir
592 2313 705 2362 Macedo.
747 2318 830 2365 omnia
838 2317 937 2365 cedunt.
953 2318 1050 2366 Tamen
1058 2332 1109 2366 non
1117 2319 1189 2381 cupio
1198 2335 1295 2369 aurum.

157 2396 243 2444 Etiam
260 2394 373 2457 Philippi
393 2392 543 2440 consuetudo
559 2397 613 2440 erat
628 2392 704 2440 notis·
747 2396 814 2443 Nam
831 2410 881 2444 non
899 2395 957 2444 facit
973 2410 1018 2444 uos
1034 2411 1093 2445 vere
1108 2397 1215 2446 beatos.''

157 2477 227 2524 sima.
263 2475 312 2525 Sed
324 2479 409 2536 portae
420 2471 520 2519 urbium
532 2472 706 2533 dffeduntur
780 2475 959 2537 Maurumque
981 2474 1075 2538 fames.
1118 2475 1204 2523 Etiam
1229 2480 1295 2540 apud

157 2554 225 2602 vict
242 2552 317 2611 ferro,
335 2565 384 2599 non
402 2566 471 2599 auro.
497 2549 571 2598 Auro
587 2552 705 2612 operiun-
746 2553 847 2601 Hildeb.
870 2553 939 2601 Phil.
959 2554 1023 2602 Mor.
1044 2568 1101 2616 pag.
1119 2555 1175 2603 991.
1202 2555 1295 2619 legitur

157 2637 210 2679 tur.
243 2629 351 2678 Emebat
372 2627 456 2676 omnia
476 2643 545 2677 auro.
578 2629 641 2677 Erat
657 2645 704 2678 em·
747 2633 874 2695 maiorque
883 2633 975 2694 fauces.

157 2719 198 2760 tor
226 2710 350 2772 Olynthi,
378 2714 407 2755 ut
431 2707 490 2755 dicit
514 2706 656 2762 Iuvenale,
681 2712 705 2756 et
779 2713 843 2760 Iure
850 2714 988 2773 perhorrui
1000 2713 1065 2760 Late
1076 2713 1234 2773 conspicuum
1247 2715 1295 2761 tot-

157 2791 262 2839 aliarum
273 2789 382 2837 urbium.
399 2787 522 2836 Additum
533 2786 625 2847 aliquid
635 2800 705 2848 opor·
747 2791 797 2837 tere
812 2792 896 2840 moeni.
914 2790 1080 2852 Parephrasis
1092 2791 1189 2853 poitica
1199 2791 1294 2853 glossae

157 2870 237 2927 lebat,
263 2883 312 2932 quo
329 2869 411 2930 figura
427 2866 581 2925 molliretur,
605 2872 634 2913 ut
650 2865 705 2914 fecit
746 2868 861 2927 alicuius,
879 2885 902 2918 v.
919 2884 940 2917 c.
963 2869 1100 2918 “Horatius
1118 2884 1163 2917 sua
1178 2875 1242 2919 sorte
1259 2872 1294 2919 ri·

157 2966 181 2998 v.
204 2963 225 2997 c.
247 2947 388 3012 Appuleius
412 2946 515 2994 Metam.
535 2944 584 2992 IX.
602 2960 625 3007 p.
647 2946 703 2994 628.
746 2949 820 2996 vebat
840 2953 978 2997 contentus.
1006 2947 1088 2995 Plura
1108 2962 1158 2996 non
1180 2950 1294 3012 eoncupi-

158 3032 212 3078 Hic
241 3034 266 3078 et
290 3027 432 3075 huiusmodi
458 3026 570 3073 ιιιαιιιίιλι
592 3026 703 3073 calidum
745 3027 847 3082 scebat,
878 3041 1030 3089 quamquam
1054 3041 1098 3090 per
1123 3027 1294 3076 Maecenatem

157 3109 252 3155 addens
268 3120 384 3160 cunerem,
403 3106 447 3165 qui
464 3105 584 3165 cicentem
598 3119 705 3165 prorsus
746 3105 846 3167 adipisci
867 3106 971 3166 posset.''
1010 3108 1132 3155 Verticem
1151 3107 1237 3154 tollere
1258 3114 1295 3155 est

156 3188 224 3234 servi
241 3186 401 3234 tenacitatem
419 3183 539 3231 uiolenter
552 3183 704 3244 effoderet.
745 3183 886 3245 superbiam
902 3183 949 3231 sibi
962 3196 1066 3241 sumere,
1083 3189 1112 3230 nt
1123 3184 1145 3232 1.
1153 3172 1242 3233 ‘Carm
1255 3185 1292 3232 18.

158 3267 284 3313 Porrectu
303 3265 369 3312 cuim
390 3277 467 3310 uranu
486 3276 533 3309 sua
550 3263 705 3311 mneonctrnt
749 3264 848 3311 Tellena
864 3277 970 3311 comeum
985 3264 1046 3324 plus
1062 3264 1139 3311 uitulo
1150 3264 1231 3325 plecta
1242 3279 1293 3311 cer·

157 3346 181 3391 cl
209 3344 320 3392 novitate
349 3343 429 3389 uineta
457 3342 589 3389 canuntur
613 3343 705 3390 solidos
746 3342 829 3389 ticeni:
852 3342 917 3389 unde
940 3341 979 3388 hic
1000 3355 1086 3389 versus
1108 3347 1144 3389 est
1164 3341 1292 3390 farinatus.

157 3437 252 3471 (tureos.
745 3417 820 3466 Dixit
842 3417 933 3481 igitur:
959 3419 1046 3477 “Iure‚
1063 3434 1113 3468 non
1130 3420 1182 3468 sine
1198 3434 1293 3479 caussa,

192 3502 300 3550 Subruit
321 3504 431 3551 aemulos
455 3503 535 3563 Reyes
552 3500 703 3547 rituneribuc.
745 3496 818 3545 timui
835 3499 955 3561 superbus
973 3498 1051 3548 fieri.'’
1084 3500 1130 3556 At,
1143 3515 1194 3563 qua
1209 3514 1237 3548 re
1252 3516 1292 3548 cu-

156 3580 222 3628 Boni
242 3581 327 3642 poitae
349 3595 398 3629 non
420 3581 501 3629 solent
521 3592 606 3626 veram
626 3577 702 3625 histo·
742 3580 850 3640 pertua?
874 3577 988 3635 Divitiis,
1008 3578 1086 3626 aiunt.
1113 3579 1293 3642 Sedeasprins

157 3660 222 3706 riam
247 3657 336 3706 fabulis
362 3660 506 3707 immiscere.
544 3657 579 3704 Et
603 3656 649 3703 hoo
675 3656 705 3704 de
746 3656 836 3705 habere
860 3657 995 3721 oportebat.
1037 3656 1124 3721 Neque
1149 3658 1293 3720 arrogantia

157 3739 255 3799 reqibue
283 3743 375 3786 temere
400 3737 561 3784 dictumest.
605 3733 704 3796 Regum
745 3740 796 3781 tam
813 3742 932 3798 perpetua
948 3742 986 3784 est
1002 3735 1146 3783 divitiarum
1162 3749 1251 3793 comes,
1264 3744 1293 3784 ut

157 3815 224 3863 enim
245 3815 389 3864 muneribus
411 3815 522 3878 Philippi
543 3814 704 3862 subrutorum
745 3816 830 3862 tollere
851 3817 968 3864 uerticem
990 3818 1014 3861 et
1034 3828 1084 3863 etse
1103 3816 1206 3862 divitem
1226 3815 1292 3861 idem

156 3894 256 3942 illustre
273 3892 371 3957 aliquod
388 3892 531 3956 exemplum
547 3906 599 3941 nou
615 3899 670 3942 exst
686 3899 704 3941 t.
745 3892 875 3954 significet.

157 3973 184 4022 Si
202 3987 261 4021 vero
278 3987 382 4034 aurum,
406 3974 529 4035 potentius
550 3972 602 4020 ictu
622 3972 704 4020 fulmi-
781 3973 883 4030 Quanto
904 3973 1008 4034 quiaque
1028 3973 1075 4020 siti
1095 3972 1172 4033 plura
1188 3987 1290 4033 nequee-

157 4065 216 4108 neo,
233 4066 295 4099 saxa
311 4053 456 4114 perrumpit,
464 4052 524 4114 qnid
540 4052 632 4099 mirum
644 4052 704 4100 Phi·
745 4053 794 4110 rit,
821 4051 860 4100 As
885 4052 934 4100 Die
954 4054 1031 4114 plura
1045 4052 1123 4115 feret.
1158 4052 1208 4112 Qui
1229 4052 1292 4100 nihil

156 4129 253 4192 lippum
270 4145 331 4178 auro
348 4131 393 4179 sibi
409 4137 492 4194 portas
512 4131 605 4192 aperire
626 4137 651 4179 ct
667 4146 703 4178 re·
745 4130 813 4192 eupit
834 4137 871 4178 est
887 4129 1029 4177 ditissimus.
1063 4129 1160 4178 Dubito
1179 4145 1209 4177 an
1227 4131 1291 4178 hanc

157 4223 201 4271 ges
217 4208 351 4258 subruere?
745 4208 891 4256 sententiam
900 4215 986 4256 auctor
994 4208 1230 4271 beneexphcaverit.
1241 4208 1291 4257 Ne-

190 4288 283 4336 Suecoa
300 4290 440 4351 illaqueant
458 4294 539 4340 duces.
569 4288 637 4337 Haec
654 4289 702 4337 ian]
745 4303 833 4350 gamus
855 4287 924 4336 nobis
945 4287 1051 4350 aliquid,
1073 4288 1139 4350 quod
1158 4288 1290 4344 habemus,
