2916 5220
586 307 761 371 LIBER
806 308 871 370 ΙΙΙ.

431 495 546 560 Peliou
569 498 753 580 imposuisse
782 493 920 578 Olympo.

341 598 407 663 Seu
427 599 505 684 quid
530 599 692 685 Typhoeus
715 608 744 662 et
767 596 890 663 solidus
913 597 1047 677 tumus,

339 701 406 766 Aut
428 702 506 786 quid
525 706 642 767 uiuaci
663 701 868 786 Porphyrion
891 708 991 780 stetu,

390 804 476 884 Quid
497 806 635 870 Rboetus
658 804 829 888 evulsisque
852 806 972 867 truuer's

429 907 612 972 Euceludus
635 906 790 972 ioculutor
813 906 923 971 uuoluu

346 1010 464 1075 Contra
488 1021 649 1075 sououteru
672 1009 824 1075 Polludr's
847 1008 960 1096 oeqiolo

341 1113 478 1178 Posseut
500 1118 647 1178 ruentes?
692 1113 781 1177 Hiru
804 1111 915 1176 auidus
937 1115 1022 1176 stetit

394 1214 569 1298 Vulcanus,
593 1215 665 1279 liuc
687 1223 833 1279 mutrouu
855 1216 937 1278 quo
960 1222 989 1277 et

428 1317 607 1403 Numquam
628 1316 764 1382 lucteris
780 1319 949 1402 positurus
972 1337 1095 1398 orcum,

160 1471 234 1533 dum,
251 1471 316 1533 quod
334 1486 348 1518 a
365 1469 474 1534 Virgilio
484 1469 707 1533 froudoauru,hoc
746 1471 846 1531 puletio
855 1469 946 1532 fieret,
971 1471 998 1518 in
1023 1474 1134 1532 quatuor
1159 1484 1246 1518 cuneos
1262 1471 1298 1519 di·

160 1565 176 1596 a
194 1549 362 1599 Grammatico
378 1550 549 1613 opacumdici.
566 1548 705 1598 BeneVir-
747 1550 813 1597 risit.
848 1548 882 1596 Hi
907 1548 996 1597 volunt
1015 1548 1127 1610 praedae
1143 1549 1242 1608 auidos,
1259 1547 1299 1596 illi

160 1627 249 1690 gilius,
267 1627 399 1678 nominatis
416 1626 494 1688 Coeo,
510 1626 597 1689 Iapeto
615 1631 640 1674 et
656 1625 707 1688 Ty·
748 1629 804 1676 troc
820 1628 962 1689 replendae.
996 1624 1129 1675 Difficilior
1146 1625 1221 1675 etiam
1236 1625 1300 1675 alter

159 1705 251 1767 phoeo,
268 1707 363 1755 addidit
379 1705 480 1766 fratres,
497 1706 602 1754 Aloidas
613 1719 707 1768 nempe.
749 1706 819 1755 locus
837 1705 858 1754 I.
875 1706 924 1754 68:
951 1706 1075 1754 Germani
1098 1707 1170 1754 retur
1186 1705 1301 1754 secundis

160 1784 247 1833 Minus
257 1785 319 1834 bene
328 1783 512 1835 Grammaticus
521 1789 576 1846 post
583 1783 709 1831 horridam
750 1786 828 1845 ouidi,
844 1785 957 1833 aduersis
973 1785 1138 1848 incautique
1151 1783 1254 1833 fortasse
1266 1783 1297 1832 si·

159 1863 231 1912 illam
255 1865 425 1921 iuventutem,
451 1877 514 1924 quae
539 1862 710 1925 complectitur
750 1862 865 1924 gnificat,
890 1865 973 1912 urim
991 1865 1096 1927 uremur
1111 1877 1153 1912 rer
1170 1863 1298 1912 secundus.

159 1956 244 1992 omnes
256 1943 371 1999 Titanes,
382 1943 529 1990 memoravit
540 1941 628 1989 fratres
641 1943 709 1990 Alei·
750 1941 860 1990 Facilius
877 1941 940 1990 illud
952 1941 1086 1992 Claudiani
1095 1941 1131 1991 11.
1144 1940 1228 1991 Rufin.
1241 1941 1299 1990 248.

159 2023 213 2071 dus.
248 2023 304 2072 Nisi
320 2035 438 2070 excusare
459 2021 520 2070 velis
543 2022 664 2083 figurem,
681 2028 710 2068 ut
750 2019 811 2069 Dux
837 2022 894 2070 inde
923 2027 1003 2070 vetat:
1034 2021 1173 2070 Deristlte.
1203 2035 1300 2083 quaeso,

159 2103 265 2164 Iupiter
281 2107 307 2150 et
324 2101 388 2160 Dei,
409 2106 434 2148 et
454 2100 520 2162 quod
540 2099 647 2148 Aloidae
665 2100 711 2148 soli
752 2099 835 2162 Atque
851 2102 953 2149 auidum
969 2101 1072 2163 differte
1089 2116 1204 2160 uranum,
1221 2099 1300 2146 idest

158 2180 297 2242 imposuere
314 2178 403 2229 Pelion
420 2177 504 2228 Ossae.
524 2179 605 2227 Porro
620 2179 647 2227 in
663 2181 711 2228 illo
751 2179 852 2226 uvidum
884 2193 997 2240 pupuue,
1030 2193 1106 2241 quam
1130 2183 1300 2240 poposcerant.

158 2260 278 2308 iuuentus
295 2260 325 2308 de
347 2258 493 2317 Titanibus,
513 2258 572 2321 quia
592 2258 643 2305 iam
665 2274 708 2321 ap·
751 2258 795 2306 Ad
812 2271 868 2306 eum
886 2256 987 2305 modum
1004 2255 1045 2303 hic
1067 2256 1190 2319 accipiunt
1205 2256 1300 2305 Vulca-

158 2337 297 2400 pellaverat
319 2339 453 2387 immonem
470 2343 594 2399 turritum,
615 2343 652 2385 est
668 2352 709 2387 ne·
751 2351 813 2384 num
830 2338 946 2395 crudum
962 2349 1022 2383 nam
1039 2335 1069 2383 de
1085 2333 1216 2396 Vulcano,
1233 2335 1298 2397 igne,

158 2415 209 2464 scio
226 2417 286 2480 quid
303 2418 422 2480 pedestre.
453 2416 546 2466 Melius
562 2421 628 2465 certe
645 2423 709 2465 erat:
751 2413 832 2472 avido,
849 2412 925 2472 edaci,
942 2412 1014 2460 nimis
1030 2412 1143 2475 ineptum
1160 2418 1204 2460 est.
1232 2413 1300 2475 Ergo

159 2496 254 2544 Fidum
273 2498 390 2545 trecentis
407 2496 511 2544 barride
528 2496 644 2543 brachiis.
751 2493 884 2542 Vulcanus
905 2493 949 2540 diu
971 2499 1029 2539 ante
1049 2489 1137 2539 avidus
1154 2490 1235 2538 fuerat
1251 2506 1297 2553 pu-

192 2575 265 2623 Hiuc
281 2575 371 2623 auidus
388 2577 460 2624 stetit
483 2575 617 2622 Vulcanus.
644 2573 710 2622 Mire
751 2573 851 2635 guandi.
885 2570 966 2634 Atqui
981 2584 1068 2633 pugna
1084 2568 1166 2617 subito
1183 2576 1237 2618 orta
1253 2575 1298 2619 est.

157 2651 279 2700 instruxit
296 2651 374 2701 aciem
397 2652 517 2701 Deorum.
552 2652 644 2701 Nullos
667 2666 709 2700 no·
752 2652 854 2701 Titanes
873 2651 930 2701 Diis
953 2649 1152 2712 imprudentibus
1174 2664 1244 2698 arma
1260 2649 1299 2698 in-

157 2730 272 2778 minatim
289 2729 393 2779 laudere
410 2730 541 2789 debueret,
560 2730 600 2779 vel
618 2745 709 2779 omnes.
751 2733 872 2791 tulerant,
898 2731 966 2780 Deos
990 2735 1167 2792 oppresserant.
1200 2729 1299 2779 Dicitur

157 2810 235 2864 Nunc
251 2810 346 2869 omisit,
363 2824 470 2872 quorum
486 2809 582 2857 multae
594 2824 710 2873 magnae·
752 2812 812 2860 adeo
829 2813 918 2860 emulus
934 2809 981 2868 roi,
999 2823 1062 2871 quae
1084 2809 1164 2869 adest,
1181 2824 1256 2873 quam
1273 2812 1298 2860 in

157 2904 208 2952 que
225 2889 251 2936 in
267 2891 314 2938 isto
331 2889 424 2952 proelio
440 2888 508 2937 fuere
529 2895 624 2951 parteS,
648 2890 710 2937 Bac-
751 2905 828 2939 manu
844 2890 930 2947 hahet,
947 2894 972 2936 et
989 2902 1038 2950 qua
1054 2901 1080 2936 se
1096 2887 1196 2950 explere
1211 2895 1298 2952 potest.

158 2971 246 3029 chum,
272 2970 420 3027 Herculem,
444 2970 519 3017 alios:
541 2970 664 3018 Iunonem
685 2969 711 3017 in
751 2970 845 3038 Milites
870 2983 942 3032 saepe
966 2971 1053 3028 optant
1077 2974 1102 3015 et
1128 2974 1245 3029 poscunt,
1270 2975 1299 3016 ut

158 3050 240 3099 fronte
256 3051 373 3109 collocat,
391 3063 507 3112 eamque,
523 3048 544 3096 si
562 3048 609 3097 Dis
621 3048 711 3111 placet,
752 3050 828 3097 duces
852 3044 981 3111 pugnandi
1006 3045 1100 3106 copiam
1125 3044 1223 3093 faciant.
1261 3047 1299 3095 At

159 3134 312 3177 mutrouorrr.
348 3127 426 3189 Quasi
443 3142 502 3175 vero
519 3127 620 3176 Titanes
642 3142 710 3176 cura-
752 3127 884 3176 Vulcanus
908 3131 958 3174 stat
981 3125 1007 3172 in
1032 3123 1095 3181 acie,
1123 3123 1210 3182 habet,
1233 3126 1298 3187 quod

159 3213 216 3254 rent
233 3213 382 3256 rnutrouum.
405 3205 525 3254 Valerius
538 3207 644 3255 Flaccus
661 3207 710 3256 IV.
753 3206 842 3255 habore
863 3210 926 3254 ovet.
961 3203 1101 3265 scripsisset
1121 3202 1210 3251 saltem
1227 3206 1298 3265 polita

159 3285 218 3333 235.
236 3285 343 3334 collocat
360 3287 492 3334 Bucclruur
509 3291 568 3334 cute
584 3288 711 3348 uciesprr'·
753 3287 896 3349 irnpuuirlur
911 3297 956 3346 pro
969 3284 1027 3332 binc
1038 3284 1136 3331 auidus.
1165 3282 1214 3332 Sed
1225 3297 1297 3346 quor-

159 3379 274 3427 rrromque
289 3364 397 3414 Deorum
420 3366 543 3412 Pallada.
581 3364 639 3426 Ipse
659 3366 711 3413 Ho-
752 3379 808 3411 sum
825 3364 871 3412 illa
886 3361 973 3426 proelii
989 3361 1135 3424 descriptio?
1164 3362 1220 3409 Iam
1237 3360 1297 3424 legi·

159 3443 238 3491 ratius
260 3443 388 3491 Bacchum
410 3442 440 3490 oh
459 3442 579 3491 virtutem
596 3442 711 3491 bellicam
752 3458 808 3491 mus
824 3443 910 3491 Iovem
926 3453 1011 3488 omues
1024 3439 1126 3488 Titanes
1138 3439 1243 3490 fulmine
1253 3456 1298 3490 suo

159 3521 318 3569 laudavitII.
328 3519 458 3571 carmus.
477 3521 513 3569 Et
524 3535 569 3568 cur
577 3520 711 3570 Vulcanus
752 3522 889 3570 sustulisse.
922 3519 1040 3569 Vulcano
1056 3525 1081 3567 et
1097 3519 1188 3569 Iunoni
1204 3529 1296 3570 matro-

158 3601 250 3648 acidus
268 3599 414 3662 appelletur,
431 3600 486 3658 hoc,
504 3599 589 3659 fateor,
606 3615 656 3648 non
671 3601 709 3649 in·
752 3615 798 3649 nae
814 3600 876 3648 nihil
894 3603 1019 3662 supererat
1035 3599 1102 3662 quod
1118 3606 1227 3662 agerent.

159 3678 255 3741 telligo
289 3680 389 3727 Aridus
406 3678 485 3738 enim,
498 3681 586 3727 omisso
598 3680 710 3728 substan·
786 3681 931 3742 Numquam
942 3679 1052 3727 lruurerr'r
1060 3679 1192 3741 positurus
1202 3695 1296 3728 orcum.

159 3755 212 3804 tivo
228 3772 340 3819 pupnoe,
362 3757 402 3804 hic
424 3772 468 3821 per
485 3759 644 3823 λιλαιόμενος
662 3779 710 3809 πο·
752 3757 800 3805 Hic
817 3759 855 3805 sui
876 3758 968 3806 oblitus
988 3758 1061 3820 pocta
1081 3757 1180 3804 aberrat
1199 3757 1225 3805 in
1243 3757 1296 3805 lau-

159 3832 246 3898 λέμοιο
268 3836 311 3884 vix
336 3837 483 3898 explicatur.
518 3839 616 3886 Avidus
640 3854 711 3902 saepe
752 3835 794 3883 des
815 3836 953 3899 Apollinis,
974 3851 1079 3899 quarum
1100 3836 1173 3883 nulla
1194 3836 1296 3884 adrem

160 3912 299 3976 invenitur,
325 3929 374 3962 non
398 3914 483 3962 addita
504 3930 543 3973 re,
565 3917 635 3964 cuius
657 3919 711 3981 quis
752 3915 867 3964 bellicam
878 3917 991 3979 pertinet,
1002 3916 1051 3964 nisi
1061 3917 1127 3980 quod
1138 3931 1223 3964 arcum
1234 3930 1296 3963 nun·

159 3994 250 4041 nvidus
258 3993 297 4040 sit.
316 3993 366 4042 Res
382 3993 459 4056 igitur
475 3995 578 4056 cogitari
595 3996 711 4044 debetex
752 4009 827 4057 quam
853 3996 977 4057 positurus
1003 3994 1042 4042 sit.
1080 3993 1150 4042 Illud
1164 3995 1297 4056 positurus

159 4071 293 4128 sententia,
319 4085 370 4119 non
397 4086 493 4134 semper
517 4071 589 4122 facile
610 4074 712 4136 cogitari
752 4081 831 4122 rnctro
848 4073 970 4136 flagitanti
986 4073 1059 4120 dedit.
1085 4072 1153 4122 Nam
1164 4071 1296 4120 dicendum

159 4154 246 4210 potest.
280 4149 348 4198 Hinc
372 4150 517 4213 interpretes
539 4151 565 4198 in
586 4152 711 4217 plerisque
752 4158 806 4200 erat
821 4167 926 4214 ponens,
947 4152 990 4214 qui
1006 4165 1135 4213 nunquam
1152 4163 1242 4213 ponere
1259 4164 1296 4198 so-

160 4226 221 4275 locis
237 4228 393 4278 dissentiunt.
421 4230 501 4280 Tacit.
518 4231 539 4278 Ι.
558 4231 652 4280 Annal.
671 4233 710 4281 51.
754 4231 795 4279 let.
830 4230 902 4292 Quod
923 4231 1004 4294 ipsum
1025 4229 1154 4278 tamenin
1170 4229 1296 4293 Mytholo·

162 4305 258 4356 Cursor
275 4310 365 4357 urium
382 4311 495 4371 lepioues,
512 4325 560 4371 quo
577 4313 653 4359 latior
668 4326 710 4374 po·
755 4311 796 4373 gia
821 4325 869 4359 non
895 4326 981 4361 verum
1006 4315 1051 4360 est.
1093 4308 1226 4360 Caeterum
1250 4309 1297 4358 hac
