2916 5220
620 318 938 382 ChlihllNUM

393 505 482 584 Quae
507 528 600 591 saga,
626 505 699 590 quis
726 514 757 569 te
783 505 907 569 solvere
931 502 1095 566 Thessalis

393 607 511 692 Magus
535 608 689 691 venenis,
714 608 787 692 quis
810 605 932 692 poterit
956 606 1065 670 Deus?

435 711 501 775 Vix
525 711 691 797 illigatum
716 718 748 776 te
772 709 912 775 triformi

483 815 629 898 Pegasus
654 814 806 899 expediet
830 812 1009 879 Chimaera.

212 1020 281 1053 narr.
299 1005 350 1052 111.
366 1005 389 1052 4.
415 1004 507 1055 Caesar
517 1006 579 1054 VII.
596 1006 625 1054 B.
638 1005 705 1055 Gall.
720 1007 757 1054 10.
777 1011 780 1079 l
799 1007 962 1066 nuptiarum,
979 1008 1004 1049 et
1021 1017 1078 1050 aroc
1095 1006 1185 1062 stupro
1201 1002 1255 1048 eiua
1266 1001 1349 1062 illigo·

212 1083 261 1130 111.
279 1085 309 1132 B.
326 1083 381 1132 civ.
399 1085 422 1132 9.
471 1140 475 1144 .
800 1088 851 1129 tus.
885 1079 976 1128 Minut.
1003 1080 1078 1129 Felix
1104 1078 1191 1129 Octav.
1213 1094 1269 1142 pag.
1295 1080 1347 1128 123.

247 1164 319 1222 Quae
332 1179 399 1225 oripo.
417 1162 535 1210 Imitatur
549 1164 573 1210 h.
588 1162 605 1209 l.
615 1162 759 1225 Symmach.
802 1161 901 1208 Dicitea
910 1159 1084 1221 facilitatibus
1098 1161 1152 1207 cair
1168 1160 1271 1220 illigati.
1296 1159 1348 1206 Va-

211 1241 274 1289 VlI.
300 1241 381 1304 Epist.
409 1243 446 1290 19.
488 1242 553 1300 Quia
580 1240 687 1290 Colchus
712 1247 759 1289 out
800 1238 843 1287 ler.
855 1238 926 1286 Max.
939 1236 987 1283 IX.
1003 1238 1038 1284 13.
1065 1238 1348 1285 Diarruroeoderateor-

215 1321 346 1368 Tlreraolus
366 1325 443 1369 corato
465 1326 511 1367 out
528 1335 604 1367 raama
622 1322 666 1368 lura
682 1320 758 1382 offen·
797 1333 860 1379 pore
889 1318 1062 1364 matrimoniis
1077 1309 1214 1378 'illipotoa
1256 1314 1349 1377 Ibycus

210 1399 288 1446 aiones
304 1400 416 1447 laromet.
801 1395 866 1457 apud
880 1393 962 1444 Schol.
975 1393 1088 1442 Platonis
1098 1393 1216 1443 Parmen.
1226 1409 1282 1456 pag.
1295 1394 1348 1441 163.

244 1478 387 1540 Illiyaturrr.
420 1479 461 1526 De
483 1477 555 1526 rebus
576 1492 664 1540 parum
681 1477 759 1526 laetis.
797 1469 876 1538 'Epor
897 1490 926 1535 με
950 1471 983 1530 εἰς
1006 1474 1096 1538 ἄπειρα
1118 1473 1205 1522 δίκτυα
1222 1471 1349 1536 Κύπριδος

212 1554 348 1603 Homerus:
366 1556 425 1613 Ζεὺς
441 1554 467 1618 μ’
485 1556 533 1620 ἄτῃ
551 1555 647 1614 ἐνέδησε
659 1555 758 1620 βαρείῃ.
800 1553 900 1614 βάλλει,
935 1550 994 1599 Vid.
1029 1553 1116 1602 Heius
1151 1552 1290 1601 Adversar.
1324 1566 1348 1612 p.

213 1633 293 1681 rasit.
318 1632 381 1681 x11.
407 1631 504 1680 Anno.
529 1634 569 1681 ao.
606 1633 761 1682 sonoriora·
780 1602 783 1687 l
803 1635 860 1682 424.

701 1775 860 1799 &Ob-²

554 1916 800 1982 CARMEN
846 1917 1008 1982 XXVIII.

301 2057 352 2134 'l'e
376 2070 474 2134 maris
499 2075 531 2134 et
555 2076 658 2134 terrae
681 2089 880 2153 numeroque
903 2068 1043 2133 carentis
1067 2088 1183 2131 arenae

391 2173 574 2238 Mensorem
598 2171 767 2248 cohibent,
792 2170 955 2254 Archyta,

330 2351 484 2403 CARMEN
503 2349 635 2399 XXVIII·
802 2321 861 2371 hacc
887 2329 931 2371 est.
968 2320 1038 2370 Iacet
1062 2320 1190 2383 Archytas
1214 2319 1239 2366 in
1264 2318 1349 2372 litore,

800 2400 849 2448 iam
875 2400 962 2449 leviter
987 2414 1063 2448 arena
1087 2404 1177 2456 tectus,
1195 2410 1270 2459 quam
1288 2410 1348 2443 non-

245 2446 357 2531 Omnes
377 2483 534 2544 interpretes,
555 2495 616 2544 quos
632 2494 680 2542 ego
696 2480 758 2538 vidi,
800 2478 865 2526 nulli
890 2485 1073 2542 praetereuntes
1099 2492 1131 2525 ex
1154 2476 1269 2538 religiosa
1289 2489 1346 2523 con·

212 2559 323 2608 iecerunt
347 2559 393 2607 hoc
419 2573 520 2607 carmen
543 2558 672 2620 dialogum
695 2557 759 2604 inter
800 2559 931 2607 suetudine
957 2559 984 2606 in
1005 2559 1118 2620 ignotum
1140 2555 1245 2603 cadaver
1270 2555 1348 2617 proie-

211 2637 353 2700 Archytam
371 2644 395 2685 et
411 2644 522 2694 nautam,
539 2644 563 2685 et
580 2637 615 2684 sic
631 2636 759 2692 facientes,
800 2645 891 2686 cerant.
934 2637 1056 2686 Praeterit
1081 2649 1159 2684 novus
1187 2640 1275 2692 nauta,
1307 2634 1348 2695 qui

211 2716 317 2764 sibinen
328 2731 404 2764 unam
415 2715 589 2764 difficultatem
600 2720 759 2777 pepererunt,
800 2717 925 2776 festinans,
934 2717 1043 2766 officium
1052 2715 1213 2765 humanitatis
1223 2714 1348 2776 neglectu·

211 2810 274 2856 qnae
290 2795 400 2857 expediri
416 2808 466 2841 non
483 2801 593 2856 possunt.
627 2793 759 2854 Quomodo
800 2811 842 2844 rus
858 2811 911 2846 esse
928 2797 1070 2853 videbatur,
1097 2802 1121 2843 ct
1143 2794 1262 2856 praeterit
1278 2798 1349 2847 tum,

211 2889 234 2920 v.
253 2887 273 2921 c.
294 2880 373 2921 nanta
394 2873 495 2931 sciebat,
520 2873 625 2920 cadaver
649 2872 674 2918 in
699 2871 759 2919 litus
799 2890 879 2938 quum
896 2876 1025 2939 Archytas
1042 2889 1126 2923 secum
1143 2872 1211 2935 ioqui
1229 2872 1348 2927 desierat,

211 2951 327 3009 eiectum,
345 2965 397 3000 esse
414 2951 559 3014 Archytae?
582 2951 648 2998 unde
668 2955 759 2997 nautae
799 2953 893 3003 dicens:
920 2953 965 3002 Me
980 2970 1074 3016 qaoque
1090 2955 1178 3001 devexi
1188 2953 1296 3013 rapidae
1308 2965 1348 2998 co·

212 3037 281 3078 tanta
306 3030 430 3091 doctrina,
459 3037 488 3078 nt
517 3029 690 3093 Pythagoram
715 3045 758 3078 rao
799 3047 847 3081 ares
867 3035 970 3082 Orioaia
987 3034 1104 3095 Illyricis
1120 3036 1194 3078 notar
1208 3030 1293 3078 obruit
1303 3044 1348 3075 aa·

209 3112 304 3159 iadicio
327 3108 407 3158 dicere
431 3110 533 3157 auderet
556 3124 605 3157 non
629 3111 756 3159 sordidam
798 3113 843 3158 elis.
881 3111 921 3159 Ibi
942 3110 1022 3159 forma
1043 3110 1160 3158 orationis
1181 3113 1278 3155 mutata
1299 3113 1349 3162 est,

210 3194 320 3237 rrotarae
335 3191 436 3250 verique
451 3189 598 3238 auctorem?
635 3189 717 3251 Igitur
734 3196 759 3237 et
798 3195 822 3237 et
844 3189 907 3237 dixit
928 3190 974 3237 Me
994 3204 1100 3251 quoque,
1121 3202 1166 3250 pro
1189 3188 1224 3233 Te
1241 3200 1348 3247 qaoque,

210 3266 253 3314 alii
269 3267 329 3314 alias
346 3267 438 3330 dialogi
455 3273 537 3330 partes
554 3268 697 3326 diviserunt,
717 3269 758 3315 tri·
797 3267 862 3330 quod
880 3268 921 3315 hic
938 3266 1024 3314 fuisset
1040 3267 1184 3322 obscurum,
1195 3265 1254 3327 quia
1263 3263 1347 3311 statim

211 3347 311 3396 buentes
320 3361 458 3396 sermonem
467 3361 535 3394 nnnc
544 3347 682 3411 Archytae,
690 3361 758 3395 nnuc
798 3347 829 3394 ad
846 3354 948 3395 nautam
965 3347 1123 3394 convertitur.
1156 3347 1242 3408 Atque
1253 3359 1283 3393 ea
1294 3358 1346 3392 ora-

210 3434 313 3483 nautae,
339 3433 363 3474 et
383 3433 476 3474 contra.
510 3427 584 3474 Nova
604 3424 693 3472 iterum
716 3441 756 3473 ra·
797 3427 870 3474 tionis
893 3427 999 3475 mutatio
1020 3427 1120 3488 propria
1141 3432 1190 3482 est,
1207 3440 1284 3488 quum
1301 3439 1345 3472 no·

211 3505 276 3552 tione
297 3503 411 3551 distinxit
432 3505 547 3567 Uptonus
568 3504 599 3551 ad
620 3504 757 3552 Arrianum
797 3506 891 3554 hiscum
917 3507 968 3553 sire
991 3519 1048 3551 cum
1065 3505 1148 3553 animo
1164 3514 1250 3551 nostro
1266 3503 1345 3566 loqui-

211 3596 267 3644 pag.
285 3584 325 3630 54.
350 3582 407 3643 Ego
420 3595 469 3628 non
485 3587 545 3642 puto
557 3593 609 3628 esse
620 3580 756 3642 dialogum.
797 3582 1346 3645 mur.Vid.Tercnt.Adelph.V.i.l.Horat.

211 3659 299 3722 Neque
319 3659 447 3721 dialogum
468 3664 623 3720 agnoverunt
645 3658 755 3708 Scholia·
798 3663 847 3711 III.
861 3661 944 3711 Carm.
958 3662 999 3712 27.
1026 3661 1120 3709 Seneca
1131 3662 1198 3710 Med.
1208 3663 1264 3710 893.
1274 3661 1347 3722 Quod

211 3745 270 3786 stae.
298 3736 667 3800 CommentatorCruquianus:
685 3741 758 3788 Haec
797 3740 861 3797 fecit,
870 3746 899 3787 nt
907 3739 1030 3788 crederem
1039 3739 1180 3802 Archytam
1189 3739 1346 3804 secumloqui

210 3821 254 3867 ode
270 3819 296 3866 ἐκ
312 3821 358 3877 τῆς
375 3819 757 3882 rpoowrrorroriaeinducilcor-
798 3819 893 3877 solum,
919 3819 992 3866 etiam
1019 3818 1065 3865 hoc
1089 3824 1153 3876 crat,
1179 3820 1238 3881 quia
1267 3819 1348 3866 multa

207 3913 259 3958 pus
274 3897 397 3960 aoofrapi
414 3898 544 3958 Archytae
555 3898 589 3943 od
600 3897 661 3944 litas
671 3898 757 3957 eapul-
798 3899 872 3957 dixit,
893 3912 957 3961 quae
974 3897 1081 3945 alienum
1103 3903 1166 3944 esset
1183 3903 1274 3945 nautae
1290 3911 1345 3944 nar-

209 3993 264 4024 sum
280 3978 397 4039 corrqueri
413 3991 470 4025 cora
486 3981 567 4023 nauto
581 3982 759 4037 praetereunte
798 3992 860 4025 rare.
894 3978 948 4025 His·
963 3976 999 4024 ita
1016 3975 1110 4022 dudum
1128 3974 1239 4036 scriptis,
1264 3974 1347 4023 laetus

210 4059 240 4103 rte
271 4058 382 4112 iniuria,
412 4057 463 4103 oiri
491 4057 523 4102 ab
552 4071 579 4104 eo
612 4057 757 4115 sepeliatur.
797 4055 902 4116 cognovi
926 4069 1006 4104 meam
1034 4052 1181 4102 sententiam
1206 4053 1347 4102 confirmari

210 4133 333 4182 Disertins
356 4133 431 4182 ctiam
454 4133 538 4182 Acron
559 4141 584 4182 et
606 4134 758 4196 Porphyrio,
797 4131 1346 4187 iudicioviridoctissimi,Casaubonnmesse

211 4213 254 4274 qui
278 4213 375 4259 dicunt:
401 4220 483 4274 petere
507 4228 522 4259 a
536 4215 758 4274 proetereorrtilar
798 4219 873 4275 puto,
898 4211 940 4275 qui
965 4211 1066 4260 editioni
1089 4211 1242 4260 Horatianae
1267 4212 1345 4260 veteri

211 4291 372 4352 sepulturam.
403 4291 531 4340 Sententia
548 4289 625 4352 igitur
640 4291 757 4339 carminis
799 4291 921 4339 nonnulla
942 4293 1076 4339 annotarit.
1115 4291 1272 4340 Annotat-um
1296 4299 1345 4341 cst:
