<?xml version="1.0" encoding="UTF-8"?>
<!DOCTYPE html PUBLIC "-//W3C//DTD XHTML 1.0 Transitional//EN"
    "http://www.w3.org/TR/xhtml1/DTD/xhtml1-transitional.dtd">
<html xmlns="http://www.w3.org/1999/xhtml" xml:lang="en" lang="en">
 <head>
  <title>
</title>
<meta http-equiv="Content-Type" content="text/html;charset=utf-8" />
  <meta name='ocr-system' content='tesseract 3.04.00' />
  <meta name='ocr-capabilities' content='ocr_page ocr_carea ocr_par ocr_line ocrx_word'/>
</head>
<body>
  <div class='ocr_page' id='page_1' title='image "./qhoratiiflaccic00horagoog_0270.png"; bbox 0 0 2916 5220; ppageno 0'>
   <div class='ocr_carea' id='block_1_1' title="bbox 495 331 779 393">
    <p class='ocr_par' dir='ltr' id='par_1_1' title="bbox 495 331 779 393">
     <span class='ocr_line' id='line_1_1' title="bbox 495 331 779 393; baseline 0.004 -1"><span class='ocrx_word' id='word_1_1' title='bbox 495 331 669 393; x_wconf 77' lang='lat' dir='ltr'>LIBER</span> <span class='ocrx_word' id='word_1_2' title='bbox 716 333 779 393; x_wconf 92' lang='lat' dir='ltr'>lll.</span> 
     </span>
    </p>
   </div>
   <div class='ocr_carea' id='block_1_2' title="bbox 253 520 1031 1101">
    <p class='ocr_par' dir='ltr' id='par_1_2' title="bbox 253 520 1031 1101">
     <span class='ocr_line' id='line_1_2' title="bbox 254 520 1031 605; baseline 0.003 -23"><span class='ocrx_word' id='word_1_3' title='bbox 254 520 402 584; x_wconf 90' lang='lat' dir='ltr'>Primum</span> <span class='ocrx_word' id='word_1_4' title='bbox 426 520 636 605; x_wconf 83' lang='lat' dir='ltr'>inquinavere</span> <span class='ocrx_word' id='word_1_5' title='bbox 660 527 693 584; x_wconf 89' lang='lat' dir='ltr'>et</span> <span class='ocrx_word' id='word_1_6' title='bbox 715 542 819 605; x_wconf 85' lang='lat' dir='ltr'>genus</span> <span class='ocrx_word' id='word_1_7' title='bbox 843 525 876 584; x_wconf 90' lang='lat' dir='ltr'>et</span> <span class='ocrx_word' id='word_1_8' title='bbox 900 520 1031 585; x_wconf 88' lang='lat' dir='ltr'>domos:</span> 
     </span>
     <span class='ocr_line' id='line_1_3' title="bbox 299 623 785 688; baseline 0.004 -2"><span class='ocrx_word' id='word_1_9' title='bbox 299 624 370 687; x_wconf 92' lang='lat' dir='ltr'>Hoc</span> <span class='ocrx_word' id='word_1_10' title='bbox 394 623 485 688; x_wconf 86' lang='lat' dir='ltr'>fonte</span> <span class='ocrx_word' id='word_1_11' title='bbox 508 623 654 688; x_wconf 84' lang='lat' dir='ltr'>derivata</span> <span class='ocrx_word' id='word_1_12' title='bbox 677 623 785 688; x_wconf 78' lang='lat' dir='ltr'>clades</span> 
     </span>
     <span class='ocr_line' id='line_1_4' title="bbox 343 726 920 812; baseline 0.003 -23"><span class='ocrx_word' id='word_1_13' title='bbox 343 727 382 789; x_wconf 93' lang='lat' dir='ltr'>ln</span> <span class='ocrx_word' id='word_1_14' title='bbox 404 726 547 810; x_wconf 87' lang='lat' dir='ltr'>patriam</span> <span class='ocrx_word' id='word_1_15' title='bbox 569 726 793 812; x_wconf 89' lang='lat' dir='ltr'>populumque</span> <span class='ocrx_word' id='word_1_16' title='bbox 815 726 920 791; x_wconf 89' lang='lat' dir='ltr'>fluxit.</span> 
     </span>
     <span class='ocr_line' id='line_1_5' title="bbox 253 828 796 914; baseline 0.004 -21"><span class='ocrx_word' id='word_1_17' title='bbox 253 830 365 894; x_wconf 91' lang='lat' dir='ltr'>Motus</span> <span class='ocrx_word' id='word_1_18' title='bbox 390 828 497 895; x_wconf 89' lang='lat' dir='ltr'>doceri</span> <span class='ocrx_word' id='word_1_19' title='bbox 520 829 644 914; x_wconf 85' lang='lat' dir='ltr'>gaudet</span> <span class='ocrx_word' id='word_1_20' title='bbox 668 829 796 895; x_wconf 82' lang='lat' dir='ltr'>Ionicos</span> 
     </span>
     <span class='ocr_line' id='line_1_6' title="bbox 253 932 884 1017; baseline 0.003 -22"><span class='ocrx_word' id='word_1_21' title='bbox 253 932 384 997; x_wconf 88' lang='lat' dir='ltr'>Matura</span> <span class='ocrx_word' id='word_1_22' title='bbox 408 932 500 1017; x_wconf 85' lang='lat' dir='ltr'>virgo</span> <span class='ocrx_word' id='word_1_23' title='bbox 525 944 558 998; x_wconf 89' lang='lat' dir='ltr'>et</span> <span class='ocrx_word' id='word_1_24' title='bbox 580 933 718 1016; x_wconf 84' lang='lat' dir='ltr'>fingitur</span> <span class='ocrx_word' id='word_1_25' title='bbox 741 933 884 998; x_wconf 86' lang='lat' dir='ltr'>artibus:</span> 
     </span>
     <span class='ocr_line' id='line_1_7' title="bbox 297 1034 852 1101; baseline 0.005 -3"><span class='ocrx_word' id='word_1_26' title='bbox 297 1036 368 1099; x_wconf 91' lang='lat' dir='ltr'>lam</span> <span class='ocrx_word' id='word_1_27' title='bbox 391 1057 479 1099; x_wconf 89' lang='lat' dir='ltr'>nuuc</span> <span class='ocrx_word' id='word_1_28' title='bbox 504 1039 537 1100; x_wconf 90' lang='lat' dir='ltr'>et</span> <span class='ocrx_word' id='word_1_29' title='bbox 560 1034 702 1100; x_wconf 88' lang='lat' dir='ltr'>incestos</span> <span class='ocrx_word' id='word_1_30' title='bbox 726 1057 852 1101; x_wconf 87' lang='lat' dir='ltr'>amores</span> 
     </span>
    </p>
   </div>
   <div class='ocr_carea' id='block_1_3' title="bbox 341 1137 866 1224">
    <p class='ocr_par' dir='ltr' id='par_1_3' title="bbox 341 1137 866 1224">
     <span class='ocr_line' id='line_1_8' title="bbox 341 1137 866 1224; baseline 0.002 -22"><span class='ocrx_word' id='word_1_31' title='bbox 341 1139 401 1203; x_wconf 85' lang='lat' dir='ltr'>De‘</span> <span class='ocrx_word' id='word_1_32' title='bbox 415 1144 525 1204; x_wconf 89' lang='lat' dir='ltr'>tenero</span> <span class='ocrx_word' id='word_1_33' title='bbox 550 1137 729 1202; x_wconf 84' lang='lat' dir='ltr'>meditatur</span> <span class='ocrx_word' id='word_1_34' title='bbox 751 1139 866 1224; x_wconf 83' lang='lat' dir='ltr'>ungui.</span> 
     </span>
    </p>
   </div>
   <div class='ocr_carea' id='block_1_4' title="bbox 20 1250 1208 4392">
    <p class='ocr_par' dir='ltr' id='par_1_4' title="bbox 70 1250 1208 1550">
     <span class='ocr_line' id='line_1_9' title="bbox 70 1250 1206 1313; baseline 0.001 -16"><span class='ocrx_word' id='word_1_35' title='bbox 70 1251 154 1313; x_wconf 88' lang='lat' dir='ltr'>glecta</span> <span class='ocrx_word' id='word_1_36' title='bbox 171 1251 319 1299; x_wconf 80' lang='lat' dir='ltr'>matrimonii</span> <span class='ocrx_word' id='word_1_37' title='bbox 334 1252 472 1307; x_wconf 82' lang='lat' dir='ltr'>sanctitate,</span> <span class='ocrx_word' id='word_1_38' title='bbox 491 1252 574 1299; x_wconf 89' lang='lat' dir='ltr'>omnia</span> <span class='ocrx_word' id='word_1_39' title='bbox 592 1252 618 1298; x_wconf 91' lang='lat' dir='ltr'>in</span> <span class='ocrx_word' id='word_1_40' title='bbox 661 1253 727 1300; x_wconf 83' lang='lat' dir='ltr'>triac</span> <span class='ocrx_word' id='word_1_41' title='bbox 742 1254 778 1300; x_wconf 89' lang='lat' dir='ltr'>sit</span> <span class='ocrx_word' id='word_1_42' title='bbox 791 1254 901 1301; x_wconf 88' lang='lat' dir='ltr'>idoneus.</span> <span class='ocrx_word' id='word_1_43' title='bbox 926 1250 1056 1301; x_wconf 88' lang='lat' dir='ltr'>Bentleius</span> <span class='ocrx_word' id='word_1_44' title='bbox 1073 1251 1099 1299; x_wconf 92' lang='lat' dir='ltr'>in</span> <span class='ocrx_word' id='word_1_45' title='bbox 1117 1250 1206 1301; x_wconf 77' lang='lat' dir='ltr'>Ouidio</span> 
     </span>
     <span class='ocr_line' id='line_1_10' title="bbox 70 1329 1208 1393; baseline 0.002 -18"><span class='ocrx_word' id='word_1_46' title='bbox 70 1329 141 1391; x_wconf 89' lang='lat' dir='ltr'>peius</span> <span class='ocrx_word' id='word_1_47' title='bbox 158 1330 259 1376; x_wconf 86' lang='lat' dir='ltr'>ruunt.”</span> <span class='ocrx_word' id='word_1_48' title='bbox 278 1331 408 1387; x_wconf 88' lang='lat' dir='ltr'>Fecunda,</span> <span class='ocrx_word' id='word_1_49' title='bbox 426 1337 454 1378; x_wconf 87' lang='lat' dir='ltr'>ut</span> <span class='ocrx_word' id='word_1_50' title='bbox 470 1331 552 1379; x_wconf 91' lang='lat' dir='ltr'>Iulius</span> <span class='ocrx_word' id='word_1_51' title='bbox 564 1331 618 1378; x_wconf 85' lang='lat' dir='ltr'>Fir·</span> <span class='ocrx_word' id='word_1_52' title='bbox 659 1336 684 1377; x_wconf 86' lang='lat' dir='ltr'>et</span> <span class='ocrx_word' id='word_1_53' title='bbox 693 1329 815 1379; x_wconf 87' lang='lat' dir='ltr'>Iuvenale</span> <span class='ocrx_word' id='word_1_54' title='bbox 826 1333 929 1393; x_wconf 87' lang='lat' dir='ltr'>patriae</span> <span class='ocrx_word' id='word_1_55' title='bbox 937 1330 1065 1377; x_wconf 85' lang='lat' dir='ltr'>substituit</span> <span class='ocrx_word' id='word_1_56' title='bbox 1078 1331 1208 1391; x_wconf 84' lang='lat' dir='ltr'>patribus,</span> 
     </span>
     <span class='ocr_line' id='line_1_11' title="bbox 70 1407 1207 1472; baseline 0.003 -19"><span class='ocrx_word' id='word_1_57' title='bbox 70 1408 151 1454; x_wconf 89' lang='lat' dir='ltr'>micus</span> <span class='ocrx_word' id='word_1_58' title='bbox 177 1407 207 1455; x_wconf 90' lang='lat' dir='ltr'>de</span> <span class='ocrx_word' id='word_1_59' title='bbox 228 1407 321 1456; x_wconf 86' lang='lat' dir='ltr'>Errare</span> <span class='ocrx_word' id='word_1_60' title='bbox 342 1408 411 1457; x_wconf 87' lang='lat' dir='ltr'>Prof.</span> <span class='ocrx_word' id='word_1_61' title='bbox 429 1409 485 1459; x_wconf 86' lang='lat' dir='ltr'>Rei.</span> <span class='ocrx_word' id='word_1_62' title='bbox 502 1425 559 1472; x_wconf 84' lang='lat' dir='ltr'>pag.</span> <span class='ocrx_word' id='word_1_63' title='bbox 577 1411 618 1458; x_wconf 90' lang='grc'>44.</span> <span class='ocrx_word' id='word_1_64' title='bbox 659 1423 750 1457; x_wconf 88' lang='lat' dir='ltr'>vocans</span> <span class='ocrx_word' id='word_1_65' title='bbox 767 1410 793 1457; x_wconf 95' lang='lat' dir='ltr'>in</span> <span class='ocrx_word' id='word_1_66' title='bbox 810 1410 931 1458; x_wconf 86' lang='lat' dir='ltr'>Iuvenale</span> <span class='ocrx_word' id='word_1_67' title='bbox 948 1409 1117 1472; x_wconf 87' lang='lat' dir='ltr'>repetitionem</span> <span class='ocrx_word' id='word_1_68' title='bbox 1126 1408 1207 1456; x_wconf 88' lang='lat' dir='ltr'>infice-</span> 
     </span>
     <span class='ocr_line' id='line_1_12' title="bbox 70 1488 1207 1550; baseline 0 -16"><span class='ocrx_word' id='word_1_69' title='bbox 70 1489 192 1536; x_wconf 77' lang='lat' dir='ltr'>Fecunda</span> <span class='ocrx_word' id='word_1_70' title='bbox 209 1489 328 1536; x_wconf 85' lang='lat' dir='ltr'>scelerum</span> <span class='ocrx_word' id='word_1_71' title='bbox 344 1491 444 1537; x_wconf 84' lang='lat' dir='ltr'>soboles.</span> <span class='ocrx_word' id='word_1_72' title='bbox 659 1495 712 1536; x_wconf 88' lang='lat' dir='ltr'>tam</span> <span class='ocrx_word' id='word_1_73' title='bbox 726 1491 961 1550; x_wconf 86' lang='lat' dir='ltr'>patriae-patriae.</span> <span class='ocrx_word' id='word_1_74' title='bbox 988 1489 1069 1537; x_wconf 89' lang='lat' dir='ltr'>Amor</span> <span class='ocrx_word' id='word_1_75' title='bbox 1086 1488 1207 1535; x_wconf 88' lang='lat' dir='ltr'>coniectu·</span> 
     </span>
    </p>

    <p class='ocr_par' dir='ltr' id='par_1_5' title="bbox 20 1566 1208 4392">
     <span class='ocr_line' id='line_1_13' title="bbox 104 1566 1207 1630; baseline 0 -16"><span class='ocrx_word' id='word_1_76' title='bbox 104 1568 164 1615; x_wconf 88' lang='lat' dir='ltr'>Hoc</span> <span class='ocrx_word' id='word_1_77' title='bbox 173 1566 250 1628; x_wconf 87' lang='lat' dir='ltr'>fonte</span> <span class='ocrx_word' id='word_1_78' title='bbox 271 1567 387 1615; x_wconf 72' lang='lat' dir='ltr'>derioma</span> <span class='ocrx_word' id='word_1_79' title='bbox 404 1568 489 1616; x_wconf 87' lang='lat' dir='ltr'>clades</span> <span class='ocrx_word' id='word_1_80' title='bbox 522 1570 557 1615; x_wconf 89' lang='lat' dir='ltr'>In</span> <span class='ocrx_word' id='word_1_81' title='bbox 574 1583 619 1630; x_wconf 88' lang='lat' dir='ltr'>pa·</span> <span class='ocrx_word' id='word_1_82' title='bbox 660 1583 702 1616; x_wconf 93' lang='lat' dir='ltr'>rae</span> <span class='ocrx_word' id='word_1_83' title='bbox 719 1583 778 1617; x_wconf 82' lang='lat' dir='ltr'>suae</span> <span class='ocrx_word' id='word_1_84' title='bbox 795 1569 842 1616; x_wconf 88' lang='lat' dir='ltr'>hoc</span> <span class='ocrx_word' id='word_1_85' title='bbox 858 1568 939 1617; x_wconf 89' lang='lat' dir='ltr'>dicere</span> <span class='ocrx_word' id='word_1_86' title='bbox 955 1567 1026 1616; x_wconf 87' lang='lat' dir='ltr'>iussit</span> <span class='ocrx_word' id='word_1_87' title='bbox 1042 1568 1127 1616; x_wconf 83' lang='lat' dir='ltr'>virum</span> <span class='ocrx_word' id='word_1_88' title='bbox 1138 1581 1207 1629; x_wconf 87' lang='lat' dir='ltr'>prae-</span> 
     </span>
     <span class='ocr_line' id='line_1_14' title="bbox 71 1645 1208 1708; baseline -0.002 -14"><span class='ocrx_word' id='word_1_89' title='bbox 71 1647 151 1694; x_wconf 82' lang='lat' dir='ltr'>triam</span> <span class='ocrx_word' id='word_1_90' title='bbox 165 1648 335 1708; x_wconf 78' lang='lat' dir='ltr'>populumque</span> <span class='ocrx_word' id='word_1_91' title='bbox 345 1646 437 1708; x_wconf 73' lang='lat' dir='ltr'>flumt.</span> <span class='ocrx_word' id='word_1_92' title='bbox 469 1645 551 1697; x_wconf 84' lang='lat' dir='ltr'>Credo</span> <span class='ocrx_word' id='word_1_93' title='bbox 569 1661 619 1695; x_wconf 89' lang='lat' dir='ltr'>me·</span> <span class='ocrx_word' id='word_1_94' title='bbox 660 1647 833 1695; x_wconf 88' lang='lat' dir='ltr'>clarissimum.</span> <span class='ocrx_word' id='word_1_95' title='bbox 868 1649 935 1696; x_wconf 89' lang='lat' dir='ltr'>Nam</span> <span class='ocrx_word' id='word_1_96' title='bbox 957 1647 1000 1695; x_wconf 92' lang='lat' dir='ltr'>ille</span> <span class='ocrx_word' id='word_1_97' title='bbox 1020 1660 1069 1695; x_wconf 90' lang='lat' dir='ltr'>non</span> <span class='ocrx_word' id='word_1_98' title='bbox 1086 1646 1208 1694; x_wconf 82' lang='lat' dir='ltr'>nesciebat</span> 
     </span>
     <span class='ocr_line' id='line_1_15' title="bbox 71 1724 1207 1789; baseline 0.001 -17"><span class='ocrx_word' id='word_1_99' title='bbox 71 1725 122 1772; x_wconf 85' lang='lat' dir='ltr'>lius</span> <span class='ocrx_word' id='word_1_100' title='bbox 139 1725 258 1787; x_wconf 86' lang='lat' dir='ltr'>seriptum</span> <span class='ocrx_word' id='word_1_101' title='bbox 274 1724 316 1772; x_wconf 86' lang='lat' dir='ltr'>iri:</span> <span class='ocrx_word' id='word_1_102' title='bbox 342 1728 401 1775; x_wconf 89' lang='lat' dir='ltr'>Hoc</span> <span class='ocrx_word' id='word_1_103' title='bbox 412 1725 488 1787; x_wconf 84' lang='lat' dir='ltr'>sente</span> <span class='ocrx_word' id='word_1_104' title='bbox 504 1727 620 1774; x_wconf 84' lang='lat' dir='ltr'>derivata</span> <span class='ocrx_word' id='word_1_105' title='bbox 660 1741 712 1775; x_wconf 84' lang='lat' dir='ltr'>esse</span> <span class='ocrx_word' id='word_1_106' title='bbox 728 1726 828 1789; x_wconf 76' lang='lat' dir='ltr'>elegans</span> <span class='ocrx_word' id='word_1_107' title='bbox 844 1733 870 1774; x_wconf 92' lang='lat' dir='ltr'>et</span> <span class='ocrx_word' id='word_1_108' title='bbox 879 1727 1011 1775; x_wconf 88' lang='lat' dir='ltr'>Latinum:</span> <span class='ocrx_word' id='word_1_109' title='bbox 1032 1727 1158 1774; x_wconf 82' lang='lat' dir='ltr'>Tuciuenr</span> <span class='ocrx_word' id='word_1_110' title='bbox 1168 1726 1207 1773; x_wconf 91' lang='lat' dir='ltr'>de-</span> 
     </span>
     <span class='ocr_line' id='line_1_16' title="bbox 71 1803 1208 1866; baseline -0.002 -14"><span class='ocrx_word' id='word_1_111' title='bbox 71 1805 146 1852; x_wconf 84' lang='lat' dir='ltr'>labcs.</span> <span class='ocrx_word' id='word_1_112' title='bbox 180 1803 218 1853; x_wconf 90' lang='lat' dir='ltr'>Ut</span> <span class='ocrx_word' id='word_1_113' title='bbox 233 1803 326 1866; x_wconf 83' lang='lat' dir='ltr'>Virgil.</span> <span class='ocrx_word' id='word_1_114' title='bbox 344 1804 379 1852; x_wconf 91' lang='lat' dir='ltr'>II.</span> <span class='ocrx_word' id='word_1_115' title='bbox 405 1804 471 1852; x_wconf 87' lang='lat' dir='ltr'>Aen.</span> <span class='ocrx_word' id='word_1_116' title='bbox 489 1806 529 1855; x_wconf 89' lang='grc'>97.</span> <span class='ocrx_word' id='word_1_117' title='bbox 549 1806 621 1854; x_wconf 89' lang='lat' dir='ltr'>Hinc</span> <span class='ocrx_word' id='word_1_118' title='bbox 660 1807 721 1853; x_wconf 87' lang='lat' dir='ltr'>disti</span> <span class='ocrx_word' id='word_1_119' title='bbox 738 1806 849 1866; x_wconf 88' lang='lat' dir='ltr'>patriae.</span> <span class='ocrx_word' id='word_1_120' title='bbox 893 1807 946 1854; x_wconf 88' lang='lat' dir='ltr'>Fac</span> <span class='ocrx_word' id='word_1_121' title='bbox 970 1809 1001 1852; x_wconf 92' lang='lat' dir='ltr'>ut</span> <span class='ocrx_word' id='word_1_122' title='bbox 1021 1805 1087 1852; x_wconf 85' lang='lat' dir='ltr'>idem</span> <span class='ocrx_word' id='word_1_123' title='bbox 1106 1804 1208 1864; x_wconf 81' lang='lat' dir='ltr'>patriae</span> 
     </span>
     <span class='ocr_line' id='line_1_17' title="bbox 71 1881 1207 1945; baseline 0 -16"><span class='ocrx_word' id='word_1_124' title='bbox 71 1884 136 1930; x_wconf 79' lang='lat' dir='ltr'>milri</span> <span class='ocrx_word' id='word_1_125' title='bbox 149 1884 235 1945; x_wconf 84' lang='lat' dir='ltr'>prima</span> <span class='ocrx_word' id='word_1_126' title='bbox 252 1885 314 1931; x_wconf 85' lang='lat' dir='ltr'>mali</span> <span class='ocrx_word' id='word_1_127' title='bbox 328 1885 401 1932; x_wconf 84' lang='lat' dir='ltr'>lobes.</span> <span class='ocrx_word' id='word_1_128' title='bbox 418 1884 475 1933; x_wconf 89' lang='lat' dir='ltr'>Liv.</span> <span class='ocrx_word' id='word_1_129' title='bbox 488 1883 619 1932; x_wconf 84' lang='lat' dir='ltr'>XXXIX.</span> <span class='ocrx_word' id='word_1_130' title='bbox 660 1886 695 1933; x_wconf 84' lang='lat' dir='ltr'>sit</span> <span class='ocrx_word' id='word_1_131' title='bbox 712 1887 791 1933; x_wconf 89' lang='lat' dir='ltr'>utilis.</span> <span class='ocrx_word' id='word_1_132' title='bbox 822 1882 946 1933; x_wconf 79' lang='lat' dir='ltr'>ovidiana</span> <span class='ocrx_word' id='word_1_133' title='bbox 961 1889 1027 1932; x_wconf 88' lang='lat' dir='ltr'>recte</span> <span class='ocrx_word' id='word_1_134' title='bbox 1044 1888 1128 1931; x_wconf 87' lang='lat' dir='ltr'>tuetur</span> <span class='ocrx_word' id='word_1_135' title='bbox 1143 1881 1207 1930; x_wconf 89' lang='lat' dir='ltr'>Bur·</span> 
     </span>
     <span class='ocr_line' id='line_1_18' title="bbox 73 1961 1208 2027; baseline -0.001 -18"><span class='ocrx_word' id='word_1_136' title='bbox 73 1963 96 2010; x_wconf 89' lang='lat'>9.</span> <span class='ocrx_word' id='word_1_137' title='bbox 116 1964 205 2012; x_wconf 89' lang='lat' dir='ltr'>Huius</span> <span class='ocrx_word' id='word_1_138' title='bbox 221 1965 284 2012; x_wconf 85' lang='lat' dir='ltr'>mali</span> <span class='ocrx_word' id='word_1_139' title='bbox 302 1965 369 2011; x_wconf 84' lang='lat' dir='ltr'>labes</span> <span class='ocrx_word' id='word_1_140' title='bbox 385 1979 416 2012; x_wconf 80' lang='lat' dir='ltr'>en</span> <span class='ocrx_word' id='word_1_141' title='bbox 433 1965 548 2013; x_wconf 84' lang='lat' dir='ltr'>Etruria</span> <span class='ocrx_word' id='word_1_142' title='bbox 571 1967 620 2012; x_wconf 85' lang='lat' dir='ltr'>Ro·</span> <span class='ocrx_word' id='word_1_143' title='bbox 661 1978 778 2023; x_wconf 90' lang='lat' dir='ltr'>mannus,</span> <span class='ocrx_word' id='word_1_144' title='bbox 791 1978 863 2019; x_wconf 90' lang='lat' dir='ltr'>usus,</span> <span class='ocrx_word' id='word_1_145' title='bbox 875 1964 942 2027; x_wconf 90' lang='lat' dir='ltr'>qnod</span> <span class='ocrx_word' id='word_1_146' title='bbox 953 1969 1038 2025; x_wconf 90' lang='lat' dir='ltr'>postea</span> <span class='ocrx_word' id='word_1_147' title='bbox 1047 1963 1109 2020; x_wconf 91' lang='lat' dir='ltr'>vidi,</span> <span class='ocrx_word' id='word_1_148' title='bbox 1122 1961 1208 2010; x_wconf 88' lang='lat' dir='ltr'>eodem</span> 
     </span>
     <span class='ocr_line' id='line_1_19' title="bbox 72 2042 1207 2105; baseline -0.002 -15"><span class='ocrx_word' id='word_1_149' title='bbox 72 2058 150 2102; x_wconf 75' lang='lat' dir='ltr'>marre,</span> <span class='ocrx_word' id='word_1_150' title='bbox 166 2045 234 2091; x_wconf 84' lang='lat' dir='ltr'>celut</span> <span class='ocrx_word' id='word_1_151' title='bbox 251 2043 394 2104; x_wconf 82' lang='lat' dir='ltr'>cmttaqiene</span> <span class='ocrx_word' id='word_1_152' title='bbox 411 2042 619 2102; x_wconf 72' lang='lat' dir='ltr'>acerbipenetra-</span> <span class='ocrx_word' id='word_1_153' title='bbox 660 2043 727 2091; x_wconf 89' lang='lat' dir='ltr'>Livii</span> <span class='ocrx_word' id='word_1_154' title='bbox 755 2042 869 2105; x_wconf 87' lang='lat' dir='ltr'>exemplo</span> <span class='ocrx_word' id='word_1_155' title='bbox 895 2049 919 2090; x_wconf 88' lang='lat' dir='ltr'>et</span> <span class='ocrx_word' id='word_1_156' title='bbox 941 2042 1024 2091; x_wconf 85' lang='lat' dir='ltr'>Accii:</span> <span class='ocrx_word' id='word_1_157' title='bbox 1052 2044 1207 2092; x_wconf 73' lang='lat' dir='ltr'>Portentum</span> 
     </span>
     <span class='ocr_line' id='line_1_20' title="bbox 72 2118 1189 2184; baseline 0.002 -17"><span class='ocrx_word' id='word_1_158' title='bbox 72 2122 119 2168; x_wconf 84' lang='lat' dir='ltr'>vit.</span> <span class='ocrx_word' id='word_1_159' title='bbox 136 2120 294 2184; x_wconf 76' lang='lat' dir='ltr'>Quamquam</span> <span class='ocrx_word' id='word_1_160' title='bbox 312 2121 451 2171; x_wconf 82' lang='lat' dir='ltr'>Gronovius</span> <span class='ocrx_word' id='word_1_161' title='bbox 468 2119 501 2167; x_wconf 92' lang='lat' dir='ltr'>ibi</span> <span class='ocrx_word' id='word_1_162' title='bbox 518 2119 619 2169; x_wconf 87' lang='lat' dir='ltr'>eMss.</span> <span class='ocrx_word' id='word_1_163' title='bbox 660 2123 764 2183; x_wconf 90' lang='lat' dir='ltr'>populo,</span> <span class='ocrx_word' id='word_1_164' title='bbox 779 2123 882 2184; x_wconf 87' lang='lat' dir='ltr'>patriae</span> <span class='ocrx_word' id='word_1_165' title='bbox 897 2125 1048 2169; x_wconf 78' lang='lat' dir='ltr'>verruncent</span> <span class='ocrx_word' id='word_1_166' title='bbox 1065 2121 1131 2169; x_wconf 82' lang='lat' dir='ltr'>bene.</span> <span class='ocrx_word' id='word_1_167' title='bbox 1186 2118 1189 2122; x_wconf 53' lang='lat'><strong><em>⁴</em></strong></span> 
     </span>
     <span class='ocr_line' id='line_1_21' title="bbox 73 2198 1208 2262; baseline -0.003 -14"><span class='ocrx_word' id='word_1_168' title='bbox 73 2199 189 2248; x_wconf 85' lang='lat' dir='ltr'>restituat</span> <span class='ocrx_word' id='word_1_169' title='bbox 205 2203 279 2249; x_wconf 84' lang='lat' dir='ltr'>tabes.</span> <span class='ocrx_word' id='word_1_170' title='bbox 312 2199 420 2248; x_wconf 90' lang='lat' dir='ltr'>Librarii</span> <span class='ocrx_word' id='word_1_171' title='bbox 436 2206 558 2262; x_wconf 88' lang='lat' dir='ltr'>perpetuo</span> <span class='ocrx_word' id='word_1_172' title='bbox 574 2200 620 2246; x_wconf 88' lang='lat' dir='ltr'>has</span> <span class='ocrx_word' id='word_1_173' title='bbox 694 2199 785 2248; x_wconf 87' lang='lat' dir='ltr'>Motus</span> <span class='ocrx_word' id='word_1_174' title='bbox 802 2202 883 2248; x_wconf 85' lang='lat' dir='ltr'>doceri</span> <span class='ocrx_word' id='word_1_175' title='bbox 899 2201 991 2261; x_wconf 85' lang='lat' dir='ltr'>qaudet</span> <span class='ocrx_word' id='word_1_176' title='bbox 1008 2199 1106 2247; x_wconf 75' lang='lat' dir='ltr'>Ionicos</span> <span class='ocrx_word' id='word_1_177' title='bbox 1118 2198 1208 2246; x_wconf 87' lang='lat' dir='ltr'>Matu-</span> 
     </span>
     <span class='ocr_line' id='line_1_22' title="bbox 73 2277 1206 2339; baseline -0.003 -13"><span class='ocrx_word' id='word_1_178' title='bbox 73 2293 146 2327; x_wconf 80' lang='lat' dir='ltr'>roces</span> <span class='ocrx_word' id='word_1_179' title='bbox 163 2277 339 2328; x_wconf 84' lang='lat' dir='ltr'>confuderunt:</span> <span class='ocrx_word' id='word_1_180' title='bbox 358 2278 409 2326; x_wconf 83' lang='lat' dir='ltr'>vid.</span> <span class='ocrx_word' id='word_1_181' title='bbox 426 2279 572 2339; x_wconf 88' lang='lat' dir='ltr'>interpretes</span> <span class='ocrx_word' id='word_1_182' title='bbox 589 2279 620 2324; x_wconf 89' lang='lat' dir='ltr'>ad</span> <span class='ocrx_word' id='word_1_183' title='bbox 661 2292 692 2324; x_wconf 89' lang='lat' dir='ltr'>ra</span> <span class='ocrx_word' id='word_1_184' title='bbox 713 2279 788 2339; x_wconf 83' lang='lat' dir='ltr'>airqo.</span> <span class='ocrx_word' id='word_1_185' title='bbox 823 2278 918 2325; x_wconf 88' lang='lat' dir='ltr'>Vocem</span> <span class='ocrx_word' id='word_1_186' title='bbox 939 2282 1044 2324; x_wconf 85' lang='lat' dir='ltr'>matura</span> <span class='ocrx_word' id='word_1_187' title='bbox 1065 2280 1206 2337; x_wconf 87' lang='lat' dir='ltr'>corruptam</span> 
     </span>
     <span class='ocr_line' id='line_1_23' title="bbox 74 2354 1205 2420; baseline -0.005 -14"><span class='ocrx_word' id='word_1_188' title='bbox 74 2356 123 2406; x_wconf 84' lang='lat' dir='ltr'>Sil.</span> <span class='ocrx_word' id='word_1_189' title='bbox 140 2355 198 2404; x_wconf 83' lang='lat' dir='ltr'>Ital.</span> <span class='ocrx_word' id='word_1_190' title='bbox 215 2355 292 2404; x_wconf 90' lang='lat' dir='ltr'><strong>VIII.</strong></span> <span class='ocrx_word' id='word_1_191' title='bbox 309 2357 349 2405; x_wconf 82' lang='lat'>21.</span> <span class='ocrx_word' id='word_1_192' title='bbox 384 2356 452 2404; x_wconf 88' lang='lat' dir='ltr'>Puto</span> <span class='ocrx_word' id='word_1_193' title='bbox 475 2356 567 2420; x_wconf 91' lang='lat' dir='ltr'>ubique</span> <span class='ocrx_word' id='word_1_194' title='bbox 585 2359 620 2404; x_wconf 89' lang='lat' dir='ltr'>la·</span> <span class='ocrx_word' id='word_1_195' title='bbox 662 2368 755 2403; x_wconf 87' lang='lat' dir='ltr'>censeo.</span> <span class='ocrx_word' id='word_1_196' title='bbox 789 2355 856 2402; x_wconf 89' lang='lat' dir='ltr'>Nam</span> <span class='ocrx_word' id='word_1_197' title='bbox 874 2355 938 2417; x_wconf 88' lang='lat' dir='ltr'>quod</span> <span class='ocrx_word' id='word_1_198' title='bbox 959 2355 1032 2416; x_wconf 82' lang='lat' dir='ltr'>virgo</span> <span class='ocrx_word' id='word_1_199' title='bbox 1047 2360 1151 2402; x_wconf 86' lang='lat' dir='ltr'>matura</span> <span class='ocrx_word' id='word_1_200' title='bbox 1168 2354 1205 2400; x_wconf 90' lang='lat' dir='ltr'>di-</span> 
     </span>
     <span class='ocr_line' id='line_1_24' title="bbox 73 2432 1206 2497; baseline -0.003 -14"><span class='ocrx_word' id='word_1_201' title='bbox 73 2437 128 2483; x_wconf 82' lang='lat' dir='ltr'>bem</span> <span class='ocrx_word' id='word_1_202' title='bbox 148 2448 200 2483; x_wconf 83' lang='lat' dir='ltr'>esse</span> <span class='ocrx_word' id='word_1_203' title='bbox 222 2434 390 2492; x_wconf 87' lang='lat' dir='ltr'>scribendum,</span> <span class='ocrx_word' id='word_1_204' title='bbox 417 2435 516 2497; x_wconf 86' lang='lat' dir='ltr'>quando</span> <span class='ocrx_word' id='word_1_205' title='bbox 538 2435 620 2496; x_wconf 83' lang='lat' dir='ltr'>agitur</span> <span class='ocrx_word' id='word_1_206' title='bbox 662 2437 714 2479; x_wconf 87' lang='lat' dir='ltr'>scat</span> <span class='ocrx_word' id='word_1_207' title='bbox 739 2438 821 2479; x_wconf 88' lang='lat' dir='ltr'>motus</span> <span class='ocrx_word' id='word_1_208' title='bbox 845 2433 956 2489; x_wconf 86' lang='lat' dir='ltr'>Ionicos,</span> <span class='ocrx_word' id='word_1_209' title='bbox 981 2432 1027 2480; x_wconf 87' lang='lat' dir='ltr'>hoc</span> <span class='ocrx_word' id='word_1_210' title='bbox 1048 2432 1075 2479; x_wconf 91' lang='lat' dir='ltr'>in</span> <span class='ocrx_word' id='word_1_211' title='bbox 1095 2432 1206 2480; x_wconf 90' lang='lat' dir='ltr'>moribus</span> 
     </span>
     <span class='ocr_line' id='line_1_25' title="bbox 73 2511 1206 2575; baseline -0.003 -14"><span class='ocrx_word' id='word_1_212' title='bbox 73 2514 106 2562; x_wconf 89' lang='lat' dir='ltr'>de</span> <span class='ocrx_word' id='word_1_213' title='bbox 122 2529 200 2563; x_wconf 88' lang='lat' dir='ltr'>causa</span> <span class='ocrx_word' id='word_1_214' title='bbox 216 2519 242 2562; x_wconf 92' lang='lat' dir='ltr'>et</span> <span class='ocrx_word' id='word_1_215' title='bbox 257 2515 352 2575; x_wconf 82' lang='lat' dir='ltr'>oriqine</span> <span class='ocrx_word' id='word_1_216' title='bbox 368 2513 435 2562; x_wconf 89' lang='lat' dir='ltr'>mali.</span> <span class='ocrx_word' id='word_1_217' title='bbox 470 2512 521 2575; x_wconf 90' lang='lat' dir='ltr'>Ipsi</span> <span class='ocrx_word' id='word_1_218' title='bbox 541 2512 620 2571; x_wconf 90' lang='lat' dir='ltr'>malo,</span> <span class='ocrx_word' id='word_1_219' title='bbox 661 2518 713 2558; x_wconf 90' lang='lat' dir='ltr'>tam</span> <span class='ocrx_word' id='word_1_220' title='bbox 734 2511 818 2573; x_wconf 85' lang='lat' dir='ltr'>pravis</span> <span class='ocrx_word' id='word_1_221' title='bbox 844 2526 926 2560; x_wconf 89' lang='lat' dir='ltr'>serum</span> <span class='ocrx_word' id='word_1_222' title='bbox 947 2517 991 2559; x_wconf 89' lang='lat' dir='ltr'>est.</span> <span class='ocrx_word' id='word_1_223' title='bbox 1029 2511 1206 2572; x_wconf 84' lang='lat' dir='ltr'>Exspectasses</span> 
     </span>
     <span class='ocr_line' id='line_1_26' title="bbox 72 2589 1206 2656; baseline -0.002 -15"><span class='ocrx_word' id='word_1_224' title='bbox 72 2593 141 2656; x_wconf 89' lang='lat' dir='ltr'>qnod</span> <span class='ocrx_word' id='word_1_225' title='bbox 158 2594 239 2649; x_wconf 86' lang='lat' dir='ltr'>adest,</span> <span class='ocrx_word' id='word_1_226' title='bbox 255 2606 328 2654; x_wconf 90' lang='lat' dir='ltr'>saepe</span> <span class='ocrx_word' id='word_1_227' title='bbox 343 2591 432 2640; x_wconf 89' lang='lat' dir='ltr'>melius</span> <span class='ocrx_word' id='word_1_228' title='bbox 449 2591 565 2639; x_wconf 79' lang='lat' dir='ltr'>convenit</span> <span class='ocrx_word' id='word_1_229' title='bbox 583 2597 620 2639; x_wconf 90' lang='lat' dir='ltr'>ta·</span> <span class='ocrx_word' id='word_1_230' title='bbox 661 2591 744 2652; x_wconf 87' lang='lat' dir='ltr'>potius</span> <span class='ocrx_word' id='word_1_231' title='bbox 760 2593 907 2648; x_wconf 73' lang='lat' dir='ltr'>truncatura,</span> <span class='ocrx_word' id='word_1_232' title='bbox 924 2590 991 2653; x_wconf 89' lang='lat' dir='ltr'>quod</span> <span class='ocrx_word' id='word_1_233' title='bbox 1008 2589 1089 2637; x_wconf 88' lang='lat' dir='ltr'>multo</span> <span class='ocrx_word' id='word_1_234' title='bbox 1100 2589 1206 2652; x_wconf 87' lang='lat' dir='ltr'>turpius.</span> 
     </span>
     <span class='ocr_line' id='line_1_27' title="bbox 72 2669 1207 2731; baseline -0.002 -11"><span class='ocrx_word' id='word_1_235' title='bbox 72 2674 121 2720; x_wconf 76' lang='lat' dir='ltr'>bes.</span> <span class='ocrx_word' id='word_1_236' title='bbox 146 2671 235 2720; x_wconf 89' lang='lat' dir='ltr'>lustin.</span> <span class='ocrx_word' id='word_1_237' title='bbox 252 2670 375 2719; x_wconf 79' lang='lat' dir='ltr'><strong>XVIII.</strong></span> <span class='ocrx_word' id='word_1_238' title='bbox 393 2671 467 2718; x_wconf 87' lang='lat' dir='ltr'>Haec</span> <span class='ocrx_word' id='word_1_239' title='bbox 479 2671 520 2717; x_wconf 89' lang='lat' dir='ltr'>illi</span> <span class='ocrx_word' id='word_1_240' title='bbox 535 2671 620 2731; x_wconf 87' lang='lat' dir='ltr'>prima</span> <span class='ocrx_word' id='word_1_241' title='bbox 662 2671 773 2719; x_wconf 88' lang='lat' dir='ltr'>Matura</span> <span class='ocrx_word' id='word_1_242' title='bbox 790 2669 864 2717; x_wconf 90' lang='lat' dir='ltr'>etiam</span> <span class='ocrx_word' id='word_1_243' title='bbox 880 2670 947 2717; x_wconf 89' lang='lat' dir='ltr'>male</span> <span class='ocrx_word' id='word_1_244' title='bbox 967 2670 1081 2718; x_wconf 86' lang='lat' dir='ltr'>convenit</span> <span class='ocrx_word' id='word_1_245' title='bbox 1097 2683 1154 2717; x_wconf 88' lang='lat' dir='ltr'>curn</span> <span class='ocrx_word' id='word_1_246' title='bbox 1171 2683 1207 2718; x_wconf 86' lang='lat' dir='ltr'>se-</span> 
     </span>
     <span class='ocr_line' id='line_1_28' title="bbox 72 2747 1207 2812; baseline -0.003 -14"><span class='ocrx_word' id='word_1_247' title='bbox 72 2752 136 2800; x_wconf 80' lang='lat' dir='ltr'>moti</span> <span class='ocrx_word' id='word_1_248' title='bbox 152 2753 230 2809; x_wconf 78' lang='lat' dir='ltr'>labes,</span> <span class='ocrx_word' id='word_1_249' title='bbox 258 2753 302 2799; x_wconf 75' lang='lat' dir='ltr'>troc</span> <span class='ocrx_word' id='word_1_250' title='bbox 326 2749 429 2798; x_wconf 86' lang='lat' dir='ltr'>initium</span> <span class='ocrx_word' id='word_1_251' title='bbox 454 2749 621 2810; x_wconf 81' lang='lat' dir='ltr'>impendentis</span> <span class='ocrx_word' id='word_1_252' title='bbox 662 2749 805 2812; x_wconf 87' lang='lat' dir='ltr'>quentibus,</span> <span class='ocrx_word' id='word_1_253' title='bbox 831 2750 876 2798; x_wconf 91' lang='lat' dir='ltr'>ubi</span> <span class='ocrx_word' id='word_1_254' title='bbox 907 2750 993 2798; x_wconf 89' lang='lat' dir='ltr'>eadem</span> <span class='ocrx_word' id='word_1_255' title='bbox 1023 2749 1094 2812; x_wconf 84' lang='lat' dir='ltr'>virgo</span> <span class='ocrx_word' id='word_1_256' title='bbox 1119 2747 1207 2796; x_wconf 88' lang='lat' dir='ltr'>dicitur</span> 
     </span>
     <span class='ocr_line' id='line_1_29' title="bbox 71 2826 1205 2893; baseline -0.002 -15"><span class='ocrx_word' id='word_1_257' title='bbox 71 2831 165 2878; x_wconf 84' lang='lat' dir='ltr'>ruinae</span> <span class='ocrx_word' id='word_1_258' title='bbox 177 2831 244 2893; x_wconf 85' lang='lat' dir='ltr'>fuit.</span> <span class='ocrx_word' id='word_1_259' title='bbox 278 2827 416 2878; x_wconf 84' lang='lat' dir='ltr'>Gualterus</span> <span class='ocrx_word' id='word_1_260' title='bbox 438 2826 578 2876; x_wconf 86' lang='lat' dir='ltr'>Alexandr.</span> <span class='ocrx_word' id='word_1_261' title='bbox 597 2827 619 2875; x_wconf 95' lang='lat' dir='ltr'>I.</span> <span class='ocrx_word' id='word_1_262' title='bbox 662 2844 756 2878; x_wconf 89' lang='lat' dir='ltr'>amores</span> <span class='ocrx_word' id='word_1_263' title='bbox 772 2831 877 2879; x_wconf 88' lang='lat' dir='ltr'>incestos</span> <span class='ocrx_word' id='word_1_264' title='bbox 893 2829 1006 2878; x_wconf 86' lang='lat' dir='ltr'>meditari</span> <span class='ocrx_word' id='word_1_265' title='bbox 1022 2830 1205 2877; x_wconf 86' lang='lat' dir='ltr'>deteneroun·</span> 
     </span>
     <span class='ocr_line' id='line_1_30' title="bbox 71 2907 1206 2972; baseline -0.002 -16"><span class='ocrx_word' id='word_1_266' title='bbox 71 2909 130 2958; x_wconf 83' lang='lat'><strong>466.</strong></span> <span class='ocrx_word' id='word_1_267' title='bbox 153 2911 226 2959; x_wconf 84' lang='lat' dir='ltr'>Unde</span> <span class='ocrx_word' id='word_1_268' title='bbox 233 2910 371 2958; x_wconf 74' lang='lat' dir='ltr'>melilotos</span> <span class='ocrx_word' id='word_1_269' title='bbox 386 2916 411 2958; x_wconf 85' lang='lat' dir='ltr'>et</span> <span class='ocrx_word' id='word_1_270' title='bbox 424 2908 513 2969; x_wconf 85' lang='lat' dir='ltr'>prima</span> <span class='ocrx_word' id='word_1_271' title='bbox 519 2908 620 2970; x_wconf 68' lang='lat' dir='ltr'>effluxit</span> <span class='ocrx_word' id='word_1_272' title='bbox 660 2909 710 2968; x_wconf 80' lang='lat' dir='ltr'>qui.</span> <span class='ocrx_word' id='word_1_273' title='bbox 728 2909 810 2972; x_wconf 83' lang='lat' dir='ltr'>Lego,</span> <span class='ocrx_word' id='word_1_274' title='bbox 823 2910 900 2958; x_wconf 89' lang='lat' dir='ltr'>literis</span> <span class='ocrx_word' id='word_1_275' title='bbox 914 2909 1030 2971; x_wconf 89' lang='lat' dir='ltr'>paullum</span> <span class='ocrx_word' id='word_1_276' title='bbox 1041 2907 1206 2970; x_wconf 85' lang='lat' dir='ltr'>transpositis:</span> 
     </span>
     <span class='ocr_line' id='line_1_31' title="bbox 71 2984 1208 3052; baseline -0.004 -14"><span class='ocrx_word' id='word_1_277' title='bbox 71 2991 142 3052; x_wconf 75' lang='lat' dir='ltr'>oripo</span> <span class='ocrx_word' id='word_1_278' title='bbox 166 2990 247 3038; x_wconf 82' lang='lat' dir='ltr'>Iliaci</span> <span class='ocrx_word' id='word_1_279' title='bbox 262 3003 341 3038; x_wconf 86' lang='lat' dir='ltr'>casus.</span> <span class='ocrx_word' id='word_1_280' title='bbox 364 2984 501 3034; x_wconf 84' lang='lat' dir='ltr'>Adulteria</span> <span class='ocrx_word' id='word_1_281' title='bbox 518 2984 619 3033; x_wconf 87' lang='lat' dir='ltr'>fuerunt</span> <span class='ocrx_word' id='word_1_282' title='bbox 662 2985 752 3035; x_wconf 90' lang='lat' dir='ltr'>Motus</span> <span class='ocrx_word' id='word_1_283' title='bbox 767 2989 850 3036; x_wconf 80' lang='lat' dir='ltr'>doceri</span> <span class='ocrx_word' id='word_1_284' title='bbox 865 2989 957 3050; x_wconf 87' lang='lat' dir='ltr'>qaudet</span> <span class='ocrx_word' id='word_1_285' title='bbox 979 2988 1077 3036; x_wconf 84' lang='lat' dir='ltr'>Ionicos</span> <span class='ocrx_word' id='word_1_286' title='bbox 1093 3001 1109 3032; x_wconf 87' lang='lat' dir='ltr'>a</span> <span class='ocrx_word' id='word_1_287' title='bbox 1126 2988 1208 3033; x_wconf 89' lang='lat' dir='ltr'>matre</span> 
     </span>
     <span class='ocr_line' id='line_1_32' title="bbox 71 3063 1207 3130; baseline -0.004 -17"><span class='ocrx_word' id='word_1_288' title='bbox 71 3065 127 3114; x_wconf 81' lang='lat' dir='ltr'>fons</span> <span class='ocrx_word' id='word_1_289' title='bbox 136 3067 241 3116; x_wconf 86' lang='lat' dir='ltr'>labentis</span> <span class='ocrx_word' id='word_1_290' title='bbox 252 3067 396 3130; x_wconf 88' lang='lat' dir='ltr'>disciplinae</span> <span class='ocrx_word' id='word_1_291' title='bbox 405 3063 524 3128; x_wconf 91' lang='lat' dir='ltr'>publicae</span> <span class='ocrx_word' id='word_1_292' title='bbox 532 3071 557 3112; x_wconf 92' lang='lat' dir='ltr'>et</span> <span class='ocrx_word' id='word_1_293' title='bbox 567 3065 617 3127; x_wconf 91' lang='lat' dir='ltr'>pri·</span> <span class='ocrx_word' id='word_1_294' title='bbox 660 3066 735 3127; x_wconf 80' lang='lat' dir='ltr'>sirpo.</span> <span class='ocrx_word' id='word_1_295' title='bbox 763 3065 854 3115; x_wconf 88' lang='lat' dir='ltr'>Secula</span> <span class='ocrx_word' id='word_1_296' title='bbox 870 3064 1064 3128; x_wconf 87' lang='lat' dir='ltr'>inquinaverunt</span> <span class='ocrx_word' id='word_1_297' title='bbox 1080 3063 1207 3112; x_wconf 88' lang='lat' dir='ltr'>matrimo-</span> 
     </span>
     <span class='ocr_line' id='line_1_33' title="bbox 72 3142 1207 3208; baseline -0.002 -16"><span class='ocrx_word' id='word_1_298' title='bbox 72 3151 154 3193; x_wconf 83' lang='lat' dir='ltr'>vatae.</span> <span class='ocrx_word' id='word_1_299' title='bbox 188 3144 278 3194; x_wconf 82' lang='lat' dir='ltr'>Clades</span> <span class='ocrx_word' id='word_1_300' title='bbox 294 3144 420 3208; x_wconf 89' lang='lat' dir='ltr'>aliquanto</span> <span class='ocrx_word' id='word_1_301' title='bbox 441 3144 518 3191; x_wconf 88' lang='lat' dir='ltr'>serius</span> <span class='ocrx_word' id='word_1_302' title='bbox 535 3150 620 3192; x_wconf 86' lang='lat' dir='ltr'>secuta</span> <span class='ocrx_word' id='word_1_303' title='bbox 660 3144 702 3191; x_wconf 86' lang='lat' dir='ltr'>nia</span> <span class='ocrx_word' id='word_1_304' title='bbox 726 3145 861 3193; x_wconf 86' lang='lat' dir='ltr'>adulteriis.</span> <span class='ocrx_word' id='word_1_305' title='bbox 896 3143 1008 3191; x_wconf 87' lang='lat' dir='ltr'>Transiit</span> <span class='ocrx_word' id='word_1_306' title='bbox 1029 3142 1170 3205; x_wconf 82' lang='lat' dir='ltr'>corruptela</span> <span class='ocrx_word' id='word_1_307' title='bbox 1191 3157 1207 3190; x_wconf 86' lang='lat' dir='ltr'>a</span> 
     </span>
     <span class='ocr_line' id='line_1_34' title="bbox 70 3221 1207 3287; baseline -0.002 -15"><span class='ocrx_word' id='word_1_308' title='bbox 70 3230 121 3272; x_wconf 86' lang='lat' dir='ltr'>est:</span> <span class='ocrx_word' id='word_1_309' title='bbox 143 3239 224 3287; x_wconf 84' lang='lat' dir='ltr'>neque</span> <span class='ocrx_word' id='word_1_310' title='bbox 245 3239 274 3272; x_wconf 89' lang='lat' dir='ltr'>ea</span> <span class='ocrx_word' id='word_1_311' title='bbox 296 3223 380 3272; x_wconf 86' lang='lat' dir='ltr'>statim</span> <span class='ocrx_word' id='word_1_312' title='bbox 401 3239 433 3272; x_wconf 86' lang='lat' dir='ltr'>ex</span> <span class='ocrx_word' id='word_1_313' title='bbox 450 3237 500 3271; x_wconf 89' lang='lat' dir='ltr'>uuo</span> <span class='ocrx_word' id='word_1_314' title='bbox 517 3224 577 3271; x_wconf 87' lang='lat' dir='ltr'>vitio</span> <span class='ocrx_word' id='word_1_315' title='bbox 593 3223 619 3270; x_wconf 91' lang='lat' dir='ltr'>in</span> <span class='ocrx_word' id='word_1_316' title='bbox 660 3222 805 3284; x_wconf 90' lang='lat' dir='ltr'>parentibus</span> <span class='ocrx_word' id='word_1_317' title='bbox 825 3223 851 3270; x_wconf 92' lang='lat' dir='ltr'>in</span> <span class='ocrx_word' id='word_1_318' title='bbox 871 3222 969 3269; x_wconf 89' lang='lat' dir='ltr'>liberos.</span> <span class='ocrx_word' id='word_1_319' title='bbox 991 3221 1072 3283; x_wconf 84' lang='lat' dir='ltr'>Virgo</span> <span class='ocrx_word' id='word_1_320' title='bbox 1090 3228 1175 3270; x_wconf 89' lang='lat' dir='ltr'>tenera</span> <span class='ocrx_word' id='word_1_321' title='bbox 1191 3237 1207 3270; x_wconf 90' lang='lat' dir='ltr'>a</span> 
     </span>
     <span class='ocr_line' id='line_1_35' title="bbox 70 3287 1206 3364; baseline -0.001 -13"><span class='ocrx_word' id='word_1_322' title='bbox 70 3287 180 3364; x_wconf 59' lang='lat' dir='ltr'>palliam</span> <span class='ocrx_word' id='word_1_323' title='bbox 196 3303 256 3352; x_wconf 90' lang='lat' dir='ltr'>fluit.</span> <span class='ocrx_word' id='word_1_324' title='bbox 287 3304 385 3352; x_wconf 90' lang='lat' dir='ltr'>Proin</span> <span class='ocrx_word' id='word_1_325' title='bbox 402 3305 518 3364; x_wconf 86' lang='lat' dir='ltr'>patriam</span> <span class='ocrx_word' id='word_1_326' title='bbox 538 3318 618 3364; x_wconf 81' lang='lat' dir='ltr'>popu·</span> <span class='ocrx_word' id='word_1_327' title='bbox 661 3309 741 3351; x_wconf 87' lang='lat' dir='ltr'>matre</span> <span class='ocrx_word' id='word_1_328' title='bbox 758 3304 829 3351; x_wconf 83' lang='lat' dir='ltr'>discit</span> <span class='ocrx_word' id='word_1_329' title='bbox 845 3302 933 3349; x_wconf 88' lang='lat' dir='ltr'>molles</span> <span class='ocrx_word' id='word_1_330' title='bbox 955 3301 1110 3358; x_wconf 85' lang='lat' dir='ltr'>saltationes,</span> <span class='ocrx_word' id='word_1_331' title='bbox 1127 3307 1206 3350; x_wconf 86' lang='lat' dir='ltr'>mater</span> 
     </span>
     <span class='ocr_line' id='line_1_36' title="bbox 70 3380 1207 3444; baseline -0.003 -14"><span class='ocrx_word' id='word_1_332' title='bbox 70 3384 173 3444; x_wconf 81' lang='lat' dir='ltr'>tumque</span> <span class='ocrx_word' id='word_1_333' title='bbox 186 3382 315 3431; x_wconf 90' lang='lat' dir='ltr'>Bentleius</span> <span class='ocrx_word' id='word_1_334' title='bbox 329 3381 442 3431; x_wconf 81' lang='lat' dir='ltr'>volebat:</span> <span class='ocrx_word' id='word_1_335' title='bbox 451 3384 621 3444; x_wconf 88' lang='lat' dir='ltr'>inquepatres</span> <span class='ocrx_word' id='word_1_336' title='bbox 660 3381 707 3444; x_wconf 92' lang='lat' dir='ltr'>ipsi</span> <span class='ocrx_word' id='word_1_337' title='bbox 724 3388 792 3429; x_wconf 88' lang='lat' dir='ltr'>artus</span> <span class='ocrx_word' id='word_1_338' title='bbox 808 3381 889 3443; x_wconf 88' lang='lat' dir='ltr'>fingit.</span> <span class='ocrx_word' id='word_1_339' title='bbox 909 3383 1015 3442; x_wconf 85' lang='lat' dir='ltr'>Finqere</span> <span class='ocrx_word' id='word_1_340' title='bbox 1030 3380 1158 3444; x_wconf 89' lang='lat' dir='ltr'>proprium</span> <span class='ocrx_word' id='word_1_341' title='bbox 1170 3387 1207 3428; x_wconf 86' lang='lat' dir='ltr'>est</span> 
     </span>
     <span class='ocr_line' id='line_1_37' title="bbox 68 3459 1206 3524; baseline 0 -16"><span class='ocrx_word' id='word_1_342' title='bbox 68 3463 244 3524; x_wconf 83' lang='lat' dir='ltr'>populumque.</span> <span class='ocrx_word' id='word_1_343' title='bbox 272 3463 330 3523; x_wconf 83' lang='lat' dir='ltr'>Ego</span> <span class='ocrx_word' id='word_1_344' title='bbox 346 3460 410 3508; x_wconf 89' lang='lat' dir='ltr'>nihil</span> <span class='ocrx_word' id='word_1_345' title='bbox 427 3464 528 3508; x_wconf 90' lang='lat' dir='ltr'>mutem.</span> <span class='ocrx_word' id='word_1_346' title='bbox 552 3460 619 3508; x_wconf 90' lang='lat' dir='ltr'>Nam</span> <span class='ocrx_word' id='word_1_347' title='bbox 660 3459 698 3507; x_wconf 91' lang='lat' dir='ltr'>illi</span> <span class='ocrx_word' id='word_1_348' title='bbox 715 3460 801 3517; x_wconf 86' lang='lat' dir='ltr'>aetati,</span> <span class='ocrx_word' id='word_1_349' title='bbox 818 3459 1007 3521; x_wconf 82' lang='lat' dir='ltr'>minusvirqlni</span> <span class='ocrx_word' id='word_1_350' title='bbox 1022 3466 1145 3508; x_wconf 87' lang='lat' dir='ltr'>maturae.</span> <span class='ocrx_word' id='word_1_351' title='bbox 1162 3460 1206 3508; x_wconf 88' lang='lat' dir='ltr'>Ni-</span> 
     </span>
     <span class='ocr_line' id='line_1_38' title="bbox 68 3537 1206 3603; baseline 0.001 -17"><span class='ocrx_word' id='word_1_352' title='bbox 68 3540 161 3602; x_wconf 87' lang='lat' dir='ltr'>patria</span> <span class='ocrx_word' id='word_1_353' title='bbox 176 3545 202 3588; x_wconf 87' lang='lat' dir='ltr'>et</span> <span class='ocrx_word' id='word_1_354' title='bbox 215 3543 325 3603; x_wconf 89' lang='lat' dir='ltr'>populus</span> <span class='ocrx_word' id='word_1_355' title='bbox 341 3555 373 3588; x_wconf 84' lang='lat' dir='ltr'>cx</span> <span class='ocrx_word' id='word_1_356' title='bbox 390 3538 495 3602; x_wconf 90' lang='lat' dir='ltr'>antiqua</span> <span class='ocrx_word' id='word_1_357' title='bbox 510 3538 619 3586; x_wconf 86' lang='lat' dir='ltr'>formula</span> <span class='ocrx_word' id='word_1_358' title='bbox 660 3537 697 3585; x_wconf 93' lang='lat' dir='ltr'>hil</span> <span class='ocrx_word' id='word_1_359' title='bbox 715 3537 816 3600; x_wconf 85' lang='lat' dir='ltr'>gravius</span> <span class='ocrx_word' id='word_1_360' title='bbox 831 3544 857 3587; x_wconf 92' lang='lat' dir='ltr'>et</span> <span class='ocrx_word' id='word_1_361' title='bbox 874 3537 991 3586; x_wconf 87' lang='lat' dir='ltr'>acerbius.</span> <span class='ocrx_word' id='word_1_362' title='bbox 1016 3538 1100 3586; x_wconf 90' lang='lat' dir='ltr'>Mater</span> <span class='ocrx_word' id='word_1_363' title='bbox 1116 3539 1206 3587; x_wconf 87' lang='lat' dir='ltr'>Roma·</span> 
     </span>
     <span class='ocr_line' id='line_1_39' title="bbox 70 3617 1206 3682; baseline -0.001 -15"><span class='ocrx_word' id='word_1_364' title='bbox 70 3619 135 3667; x_wconf 89' lang='lat' dir='ltr'>bene</span> <span class='ocrx_word' id='word_1_365' title='bbox 143 3619 336 3680; x_wconf 81' lang='lat' dir='ltr'>coniunguntur.</span> <span class='ocrx_word' id='word_1_366' title='bbox 351 3617 468 3668; x_wconf 83' lang='lat' dir='ltr'>Servavit</span> <span class='ocrx_word' id='word_1_367' title='bbox 476 3617 546 3666; x_wconf 92' lang='lat' dir='ltr'>nobis</span> <span class='ocrx_word' id='word_1_368' title='bbox 555 3618 620 3665; x_wconf 90' lang='lat' dir='ltr'>hanc</span> <span class='ocrx_word' id='word_1_369' title='bbox 660 3631 705 3676; x_wconf 90' lang='lat' dir='ltr'>na,</span> <span class='ocrx_word' id='word_1_370' title='bbox 721 3617 767 3665; x_wconf 91' lang='lat' dir='ltr'>illa</span> <span class='ocrx_word' id='word_1_371' title='bbox 777 3619 902 3682; x_wconf 88' lang='lat' dir='ltr'>quondam</span> <span class='ocrx_word' id='word_1_372' title='bbox 914 3619 974 3668; x_wconf 85' lang='lat' dir='ltr'>adeo</span> <span class='ocrx_word' id='word_1_373' title='bbox 985 3624 1054 3666; x_wconf 84' lang='lat' dir='ltr'>casta</span> <span class='ocrx_word' id='word_1_374' title='bbox 1075 3625 1099 3666; x_wconf 88' lang='lat' dir='ltr'>et</span> <span class='ocrx_word' id='word_1_375' title='bbox 1114 3633 1206 3676; x_wconf 88' lang='lat' dir='ltr'>severa,</span> 
     </span>
     <span class='ocr_line' id='line_1_40' title="bbox 71 3696 1205 3759; baseline -0.001 -13"><span class='ocrx_word' id='word_1_376' title='bbox 71 3697 206 3746; x_wconf 88' lang='lat' dir='ltr'>formulam</span> <span class='ocrx_word' id='word_1_377' title='bbox 230 3698 316 3746; x_wconf 87' lang='lat' dir='ltr'>Livius</span> <span class='ocrx_word' id='word_1_378' title='bbox 341 3698 375 3746; x_wconf 87' lang='lat' dir='ltr'>V.</span> <span class='ocrx_word' id='word_1_379' title='bbox 401 3697 441 3744; x_wconf 84' lang='lat'>41.</span> <span class='ocrx_word' id='word_1_380' title='bbox 473 3699 541 3745; x_wconf 85' lang='lat' dir='ltr'>Sunt</span> <span class='ocrx_word' id='word_1_381' title='bbox 561 3699 619 3757; x_wconf 85' lang='lat' dir='ltr'>qui,</span> <span class='ocrx_word' id='word_1_382' title='bbox 660 3697 797 3759; x_wconf 80' lang='lat' dir='ltr'>corrumpit</span> <span class='ocrx_word' id='word_1_383' title='bbox 820 3711 877 3746; x_wconf 89' lang='lat' dir='ltr'>suas</span> <span class='ocrx_word' id='word_1_384' title='bbox 894 3697 965 3746; x_wconf 88' lang='lat' dir='ltr'>filias.</span> <span class='ocrx_word' id='word_1_385' title='bbox 987 3696 1113 3744; x_wconf 82' lang='lat' dir='ltr'>Iuvenalis</span> <span class='ocrx_word' id='word_1_386' title='bbox 1130 3697 1205 3745; x_wconf 89' lang='lat' dir='ltr'>XIV.</span> 
     </span>
     <span class='ocr_line' id='line_1_41' title="bbox 20 3775 1204 3841; baseline -0.004 -15"><span class='ocrx_word' id='word_1_387' title='bbox 20 3781 30 3792; x_wconf 83' lang='lat'><strong><em>‘</em></strong></span> <span class='ocrx_word' id='word_1_388' title='bbox 71 3775 113 3826; x_wconf 87' lang='lat' dir='ltr'>M.</span> <span class='ocrx_word' id='word_1_389' title='bbox 132 3778 211 3826; x_wconf 76' lang='lat' dir='ltr'>Fabio</span> <span class='ocrx_word' id='word_1_390' title='bbox 221 3778 347 3841; x_wconf 79' lang='lat' dir='ltr'>Pontisice</span> <span class='ocrx_word' id='word_1_391' title='bbox 363 3777 473 3824; x_wconf 78' lang='lat' dir='ltr'>manime</span> <span class='ocrx_word' id='word_1_392' title='bbox 483 3776 620 3838; x_wconf 87' lang='lat' dir='ltr'>praefante</span> <span class='ocrx_word' id='word_1_393' title='bbox 662 3775 714 3826; x_wconf 88' lang='lat' dir='ltr'>Sat.</span> <span class='ocrx_word' id='word_1_394' title='bbox 725 3776 766 3826; x_wconf 77' lang='lat'>25.</span> <span class='ocrx_word' id='word_1_395' title='bbox 784 3776 909 3825; x_wconf 84' lang='lat' dir='ltr'>invehitur</span> <span class='ocrx_word' id='word_1_396' title='bbox 920 3776 946 3823; x_wconf 92' lang='lat' dir='ltr'>in</span> <span class='ocrx_word' id='word_1_397' title='bbox 961 3776 1076 3824; x_wconf 89' lang='lat' dir='ltr'>mulieres</span> <span class='ocrx_word' id='word_1_398' title='bbox 1093 3775 1131 3822; x_wconf 88' lang='lat' dir='ltr'>sui</span> <span class='ocrx_word' id='word_1_399' title='bbox 1143 3780 1204 3822; x_wconf 89' lang='lat' dir='ltr'>tem·</span> 
     </span>
     <span class='ocr_line' id='line_1_42' title="bbox 71 3855 1206 3918; baseline -0.002 -14"><span class='ocrx_word' id='word_1_400' title='bbox 71 3871 186 3914; x_wconf 86' lang='lat' dir='ltr'>carmen,</span> <span class='ocrx_word' id='word_1_401' title='bbox 210 3858 335 3905; x_wconf 65' lang='lat' dir='ltr'>deuorare</span> <span class='ocrx_word' id='word_1_402' title='bbox 351 3870 390 3904; x_wconf 88' lang='lat' dir='ltr'>eos</span> <span class='ocrx_word' id='word_1_403' title='bbox 425 3869 451 3903; x_wconf 91' lang='lat' dir='ltr'>se</span> <span class='ocrx_word' id='word_1_404' title='bbox 468 3869 517 3917; x_wconf 87' lang='lat' dir='ltr'>pro</span> <span class='ocrx_word' id='word_1_405' title='bbox 532 3857 620 3917; x_wconf 85' lang='lat' dir='ltr'>patria</span> <span class='ocrx_word' id='word_1_406' title='bbox 661 3856 739 3918; x_wconf 88' lang='lat' dir='ltr'>poris:</span> <span class='ocrx_word' id='word_1_407' title='bbox 762 3862 900 3918; x_wconf 74' lang='lat' dir='ltr'>exspectas,</span> <span class='ocrx_word' id='word_1_408' title='bbox 921 3861 952 3903; x_wconf 89' lang='lat' dir='ltr'>ut</span> <span class='ocrx_word' id='word_1_409' title='bbox 968 3871 1017 3904; x_wconf 86' lang='lat' dir='ltr'>rmn</span> <span class='ocrx_word' id='word_1_410' title='bbox 1034 3856 1070 3903; x_wconf 87' lang='lat' dir='ltr'>sit</span> <span class='ocrx_word' id='word_1_411' title='bbox 1086 3855 1206 3902; x_wconf 87' lang='lat' dir='ltr'>adultera</span> 
     </span>
     <span class='ocr_line' id='line_1_43' title="bbox 75 3934 1205 3997; baseline -0.001 -16"><span class='ocrx_word' id='word_1_412' title='bbox 75 3935 270 3996; x_wconf 79' lang='lat' dir='ltr'>Quiritibusque</span> <span class='ocrx_word' id='word_1_413' title='bbox 287 3936 409 3983; x_wconf 86' lang='lat' dir='ltr'>Romanis</span> <span class='ocrx_word' id='word_1_414' title='bbox 429 3936 544 3982; x_wconf 85' lang='lat' dir='ltr'>tradant.</span> <span class='ocrx_word' id='word_1_415' title='bbox 578 3934 620 3982; x_wconf 85' lang='lat' dir='ltr'>Ex</span> <span class='ocrx_word' id='word_1_416' title='bbox 661 3937 765 3997; x_wconf 85' lang='lat' dir='ltr'>Larqae</span> <span class='ocrx_word' id='word_1_417' title='bbox 783 3935 867 3991; x_wconf 87' lang='lat' dir='ltr'>Filia,</span> <span class='ocrx_word' id='word_1_418' title='bbox 889 3949 953 3996; x_wconf 88' lang='lat' dir='ltr'>quae</span> <span class='ocrx_word' id='word_1_419' title='bbox 968 3947 1097 3994; x_wconf 89' lang='lat' dir='ltr'>nunquam</span> <span class='ocrx_word' id='word_1_420' title='bbox 1114 3935 1205 3980; x_wconf 84' lang='lat' dir='ltr'>mater·</span> 
     </span>
     <span class='ocr_line' id='line_1_44' title="bbox 71 4009 1207 4068; baseline -0.001 -8"><span class='ocrx_word' id='word_1_421' title='bbox 71 4012 159 4060; x_wconf 83' lang='lat' dir='ltr'>eadem</span> <span class='ocrx_word' id='word_1_422' title='bbox 173 4010 280 4060; x_wconf 88' lang='lat' dir='ltr'>formula</span> <span class='ocrx_word' id='word_1_423' title='bbox 292 4011 356 4059; x_wconf 87' lang='lat' dir='ltr'>dixit</span> <span class='ocrx_word' id='word_1_424' title='bbox 368 4009 472 4061; x_wconf 90' lang='lat' dir='ltr'>Ovidius</span> <span class='ocrx_word' id='word_1_425' title='bbox 489 4013 549 4060; x_wconf 89' lang='lat' dir='ltr'>XV.</span> <span class='ocrx_word' id='word_1_426' title='bbox 567 4013 620 4062; x_wconf 93' lang='lat' dir='ltr'>Me·</span> <span class='ocrx_word' id='word_1_427' title='bbox 660 4029 705 4062; x_wconf 87' lang='lat' dir='ltr'>nos</span> <span class='ocrx_word' id='word_1_428' title='bbox 731 4015 813 4062; x_wconf 86' lang='lat' dir='ltr'>dicere</span> <span class='ocrx_word' id='word_1_429' title='bbox 836 4014 943 4061; x_wconf 82' lang='lat' dir='ltr'>moechos</span> <span class='ocrx_word' id='word_1_430' title='bbox 986 4014 1050 4059; x_wconf 80' lang='lat' dir='ltr'>Tam</span> <span class='ocrx_word' id='word_1_431' title='bbox 1077 4012 1138 4068; x_wconf 84' lang='lat' dir='ltr'>cito,</span> <span class='ocrx_word' id='word_1_432' title='bbox 1162 4025 1207 4059; x_wconf 86' lang='lat' dir='ltr'>neo</span> 
     </span>
     <span class='ocr_line' id='line_1_45' title="bbox 73 4090 1207 4154; baseline -0.002 -15"><span class='ocrx_word' id='word_1_433' title='bbox 73 4097 135 4139; x_wconf 81' lang='lat' dir='ltr'>tarn.</span> <span class='ocrx_word' id='word_1_434' title='bbox 154 4091 209 4143; x_wconf 80' lang='lat'>572.</span> <span class='ocrx_word' id='word_1_435' title='bbox 222 4093 273 4140; x_wconf 87' lang='lat' dir='ltr'>Seu</span> <span class='ocrx_word' id='word_1_436' title='bbox 282 4093 377 4140; x_wconf 84' lang='lat' dir='ltr'>laetum</span> <span class='ocrx_word' id='word_1_437' title='bbox 393 4098 442 4149; x_wconf 88' lang='lat' dir='ltr'>est,</span> <span class='ocrx_word' id='word_1_438' title='bbox 458 4095 563 4154; x_wconf 83' lang='lat' dir='ltr'>patriae</span> <span class='ocrx_word' id='word_1_439' title='bbox 572 4096 620 4141; x_wconf 86' lang='lat' dir='ltr'>lae·</span> <span class='ocrx_word' id='word_1_440' title='bbox 662 4097 733 4141; x_wconf 88' lang='lat' dir='ltr'>tento</span> <span class='ocrx_word' id='word_1_441' title='bbox 742 4092 838 4153; x_wconf 86' lang='lat' dir='ltr'>poterit</span> <span class='ocrx_word' id='word_1_442' title='bbox 854 4096 982 4139; x_wconf 82' lang='lat' dir='ltr'>contenere</span> <span class='ocrx_word' id='word_1_443' title='bbox 998 4103 1081 4146; x_wconf 89' lang='lat' dir='ltr'>cursu,</span> <span class='ocrx_word' id='word_1_444' title='bbox 1104 4090 1141 4137; x_wconf 87' lang='lat' dir='ltr'>Ut</span> <span class='ocrx_word' id='word_1_445' title='bbox 1157 4103 1207 4137; x_wconf 87' lang='lat' dir='ltr'>non</span> 
     </span>
     <span class='ocr_line' id='line_1_46' title="bbox 72 4167 1207 4232; baseline -0.003 -14"><span class='ocrx_word' id='word_1_446' title='bbox 72 4177 129 4218; x_wconf 85' lang='lat' dir='ltr'>tum</span> <span class='ocrx_word' id='word_1_447' title='bbox 139 4173 280 4232; x_wconf 86' lang='lat' dir='ltr'>populoque</span> <span class='ocrx_word' id='word_1_448' title='bbox 299 4171 412 4229; x_wconf 78' lang='lat' dir='ltr'>Quirini.</span> <span class='ocrx_word' id='word_1_449' title='bbox 421 4170 533 4219; x_wconf 89' lang='lat' dir='ltr'>Iuvenal.</span> <span class='ocrx_word' id='word_1_450' title='bbox 544 4171 620 4221; x_wconf 92' lang='lat' dir='ltr'>XIV.</span> <span class='ocrx_word' id='word_1_451' title='bbox 662 4176 701 4219; x_wconf 89' lang='lat' dir='ltr'>ter</span> <span class='ocrx_word' id='word_1_452' title='bbox 725 4171 805 4220; x_wconf 70' lang='lat' dir='ltr'>demes</span> <span class='ocrx_word' id='word_1_453' title='bbox 833 4169 953 4230; x_wconf 83' lang='lat' dir='ltr'>respiret?</span> <span class='ocrx_word' id='word_1_454' title='bbox 993 4167 1099 4217; x_wconf 86' lang='lat' dir='ltr'>Conscia</span> <span class='ocrx_word' id='word_1_455' title='bbox 1128 4168 1207 4217; x_wconf 86' lang='lat' dir='ltr'>matri</span> 
     </span>
     <span class='ocr_line' id='line_1_47' title="bbox 72 4242 1208 4313; baseline -0.004 -15"><span class='ocrx_word' id='word_1_456' title='bbox 72 4249 116 4299; x_wconf 90' lang='grc'>71.</span> <span class='ocrx_word' id='word_1_457' title='bbox 152 4249 265 4297; x_wconf 80' lang='lat' dir='ltr'>Gratum</span> <span class='ocrx_word' id='word_1_458' title='bbox 279 4242 334 4299; x_wconf 72' lang='lat' dir='ltr'>‘est</span> <span class='ocrx_word' id='word_1_459' title='bbox 360 4252 426 4313; x_wconf 84' lang='lat' dir='ltr'>quod</span> <span class='ocrx_word' id='word_1_460' title='bbox 454 4253 559 4312; x_wconf 86' lang='lat' dir='ltr'>patriae</span> <span class='ocrx_word' id='word_1_461' title='bbox 588 4252 620 4299; x_wconf 86' lang='lat' dir='ltr'>ci·</span> <span class='ocrx_word' id='word_1_462' title='bbox 666 4250 741 4310; x_wconf 84' lang='lat' dir='ltr'>Virqa</span> <span class='ocrx_word' id='word_1_463' title='bbox 759 4247 831 4309; x_wconf 79' lang='lat' dir='ltr'>fuit:</span> <span class='ocrx_word' id='word_1_464' title='bbox 854 4261 924 4296; x_wconf 85' lang='lat' dir='ltr'>ceras</span> <span class='ocrx_word' id='word_1_465' title='bbox 944 4262 1011 4297; x_wconf 88' lang='lat' dir='ltr'>nunc</span> <span class='ocrx_word' id='word_1_466' title='bbox 1031 4248 1078 4295; x_wconf 81' lang='lat' dir='ltr'>liae</span> <span class='ocrx_word' id='word_1_467' title='bbox 1095 4247 1208 4294; x_wconf 82' lang='lat' dir='ltr'>dictante</span> 
     </span>
     <span class='ocr_line' id='line_1_48' title="bbox 71 4327 1208 4392; baseline -0.002 -16"><span class='ocrx_word' id='word_1_468' title='bbox 71 4343 126 4376; x_wconf 82' lang='lat' dir='ltr'>oens</span> <span class='ocrx_word' id='word_1_469' title='bbox 141 4330 279 4391; x_wconf 87' lang='lat' dir='ltr'>populoque</span> <span class='ocrx_word' id='word_1_470' title='bbox 289 4329 392 4385; x_wconf 85' lang='lat' dir='ltr'>dedisti,</span> <span class='ocrx_word' id='word_1_471' title='bbox 413 4329 442 4377; x_wconf 83' lang='lat' dir='ltr'>Si</span> <span class='ocrx_word' id='word_1_472' title='bbox 453 4327 619 4390; x_wconf 71' lang='lat' dir='ltr'>facmutpu-</span> <span class='ocrx_word' id='word_1_473' title='bbox 660 4330 768 4392; x_wconf 84' lang='lat' dir='ltr'>pusillas</span> <span class='ocrx_word' id='word_1_474' title='bbox 789 4329 897 4391; x_wconf 87' lang='lat' dir='ltr'>Implet,</span> <span class='ocrx_word' id='word_1_475' title='bbox 918 4333 943 4376; x_wconf 91' lang='lat' dir='ltr'>et</span> <span class='ocrx_word' id='word_1_476' title='bbox 964 4329 999 4376; x_wconf 89' lang='lat' dir='ltr'>ad</span> <span class='ocrx_word' id='word_1_477' title='bbox 1020 4329 1144 4376; x_wconf 81' lang='lat' dir='ltr'>ruocchrsm</span> <span class='ocrx_word' id='word_1_478' title='bbox 1162 4327 1208 4374; x_wconf 85' lang='lat' dir='ltr'>dat</span> 
     </span>
    </p>
   </div>
   <div class='ocr_carea' id='block_1_5' title="bbox 998 4405 1074 4470">
    <p class='ocr_par' dir='ltr' id='par_1_6' title="bbox 998 4405 1074 4470">
     <span class='ocr_line' id='line_1_49' title="bbox 998 4405 1074 4470; baseline 0 0"><span class='ocrx_word' id='word_1_479' title='bbox 998 4405 1074 4470; x_wconf 43' lang='grc' dir='ltr'>141ε</span> 
     </span>
    </p>
   </div>
   <div class='ocr_carea' id='block_1_6' title="bbox 0 0 1466 5220">
    <p class='ocr_par' dir='ltr' id='par_1_7' title="bbox 0 0 1466 5220">
     <span class='ocr_line' id='line_1_50' title="bbox 0 0 1466 5220; baseline 0 0"><span class='ocrx_word' id='word_1_480' title='bbox 0 0 1466 5220; x_wconf 95' lang='lat' dir='ltr'> </span> 
     </span>
    </p>
   </div>
  </div>
 </body>
</html>
