2916 5220
557 326 731 390 Lissus
777 326 821 389 Η.

303 512 512 597 Qttampaam,
537 511 655 577 eta-eis
678 515 784 596 aptior
807 522 836 576 et
860 514 935 576 iacis

297 614 447 700 Latiaque
469 615 586 697 dietas,
610 637 672 680 aaa
695 625 746 680 sat
769 616 899 681 idoneae

340 719 475 804 Papaae
485 716 668 803 ferebaris,
693 719 751 784 sed
772 719 853 784 idem

383 821 579 885 Paciaecus
610 821 787 906 mediusque
809 820 888 887 belli.

297 923 339 988 Te
361 923 447 989 vidit
470 923 582 989 insons
605 924 763 990 Cerberus
787 948 884 990 aureo

299 1026 408 1091 Cornu
432 1026 601 1110 decorum,
626 1027 744 1093 leniter
768 1034 911 1094 atterens

344 1128 510 1213 caudam,
535 1134 569 1195 et
592 1131 776 1197 recedentis
802 1132 953 1216 trilingui

386 1231 449 1297 Ore
472 1233 570 1317 pedes
595 1233 771 1320 tetigitque
795 1257 895 1299 crura.

114 1407 139 1448 et
147 1399 264 1449 Ambros.
273 1398 347 1463 Oper.
358 1399 389 1449 Τ,
400 1400 436 1449 Π.
452 1415 509 1462 pag.
520 1399 578 1449 834.
613 1402 663 1450 Ubi
704 1402 780 1459 dono,
797 1408 822 1451 et
837 1402 938 1451 sustulit
956 1401 1068 1452 Guietus,
1094 1401 1253 1465 Aptiareho·

115 1486 176 1529 tuuc
192 1485 249 1527 erat
266 1480 385 1542 Iupiter?
418 1477 508 1528 Auia
525 1494 613 1528 aneae
629 1481 663 1527 lo·
704 1481 753 1528 reis
769 1486 797 1527 ut
808 1480 943 1529 Herodian.
955 1481 1006 1529 ΙΠ.
1018 1481 1041 1529 6.
1054 1482 1094 1538 τίς
1105 1482 1155 1545 γὰρ
1174 1481 1253 1531 αὐτοῦ

114 1558 253 1618 arcebatur?
286 1556 381 1606 Eodem
405 1555 455 1605 fere
474 1556 600 1619 pertinent
619 1555 664 1604 illa
704 1559 735 1606 ri
752 1557 916 1624 ἁβροδίαιτον
933 1559 978 1608 οὐκ
1003 1559 1082 1619 οἶδεν,
1108 1561 1142 1617 ὡς
1167 1560 1253 1623 papate

115 1632 478 1697 scenica,v.c.epud0vidium
489 1633 561 1682 Rem.
574 1633 662 1682 Amar.
704 1637 783 1687 atros
812 1638 913 1702 μᾶλλον
938 1637 1055 1702 ἁρμόζειν
1080 1639 1126 1687 τὸν
1149 1638 1212 1700 βίον
1235 1639 1252 1698 ἥ

114 1716 171 1764 384.
206 1717 312 1771 Pereat,
328 1715 356 1762 in
374 1714 548 1762 Andromache
564 1713 663 1760 Thaida
704 1715 838 1780 φάλαγξιν.

114 1796 138 1842 ei
153 1794 210 1856 quir
226 1797 295 1854 apat.
329 1790 389 1840 vid.
410 1791 519 1842 Gronov.
538 1791 570 1839 ad
588 1791 662 1841 Sene·
740 1794 775 1843 Te
790 1795 856 1843 uidit
872 1797 963 1844 imma.
989 1794 1061 1844 Serv.
1079 1793 1250 1844 adHLAen,

114 1886 156 1921 cae
179 1871 254 1920 Herc.
279 1870 340 1918 Fur.
356 1869 471 1929 initium,
493 1877 519 1919 et
534 1871 662 1933 interpret.
704 1872 743 1919 93.
761 1873 886 1921 momnis.
911 1872 955 1921 Ad
971 1872 1020 1922 IV.
1037 1872 1103 1921 Aen.
1115 1873 1173 1923 est.
1185 1881 1252 1924 recte

115 1953 146 1999 ad
163 1950 272 2000 Ausonii
288 1950 376 2012 Epigr.
393 1949 434 1997 84.
704 1949 803 2012 quidem
820 1949 911 2013 legitur
927 1953 1022 2010 insuar,
1043 1952 1086 2000 sed
1106 1968 1186 2002 curru
1206 1970 1252 2018 pro

149 2031 322 2092 Quamquam,
339 2030 433 2077 chaat
449 2028 535 2090 aptior
552 2033 577 2075 et
593 2029 661 2076 iocis.
702 2043 787 2077 cornu.

115 2109 229 2170 Quetuor
253 2121 339 2155 versus
364 2104 464 2169 sapiunt
490 2105 613 2167 glossam,
636 2105 662 2154 in
738 2107 864 2166 Ouadata,
880 2115 905 2157 et
921 2111 1064 2159 recedentis.
1089 2110 1158 2159 Bene
1175 2111 1251 2173 Upto

114 2196 223 2238 metrum
249 2188 382 2238 redactam.
421 2187 511 2238 Glossa
535 2193 588 2236 eret
612 2186 663 2236 sere
702 2200 749 2234 nus
767 2187 798 2235 ad
815 2187 917 2236 Anien.
933 2203 991 2252 pag.
1008 2189 1067 2236 222
1077 2188 1150 2251 legit:
1165 2189 1252 2238 Cama

114 2267 266 2316 huiusmodi:
287 2269 455 2330 “quamquam
475 2266 588 2315 Bacchus
609 2280 662 2314 cee-
703 2268 831 2328 acorum,
847 2274 873 2316 et
889 2269 981 2316 leuiter
997 2273 1108 2316 atterens
1127 2269 1252 2327 Cauaam,

114 2346 227 2410 teroquin
252 2345 333 2410 aptior
357 2359 410 2394 esse
434 2343 531 2392 dicetur
555 2343 613 2391 iocis
638 2350 663 2392 et
702 2347 838 2394 recedentia
854 2361 889 2408 sq.
923 2346 1037 2396 Ceudam
1054 2345 1128 2394 alicui
1140 2351 1251 2394 atterunt

113 2426 191 2484 ludis,
221 2439 302 2490 neque
331 2425 390 2473 satis
413 2424 516 2472 idoneus
540 2424 662 2486 pugnae'·
703 2423 832 2481 animalia,
849 2423 974 2472 alludunt.
1007 2423 1081 2474 Ovid.
1098 2423 1134 2471 11.
1145 2423 1250 2471 Metam

113 2502 188 2554 Ouid.
203 2503 255 2553 111.
273 2504 376 2553 Metam.
394 2503 450 2553 554.
488 2504 568 2561 Quem
586 2516 664 2564 tuque
703 2502 759 2551 864.
777 2502 807 2550 de
823 2509 909 2550 tauro:
933 2504 973 2550 Et
994 2517 1062 2551 auae
1084 2503 1191 2563 alludit,
1211 2506 1249 2552 ai·

115 2585 181 2632 bella
196 2585 301 2643 iuvant,
317 2597 362 2632 aea
379 2584 443 2643 tela,
459 2597 504 2632 aaa
520 2596 661 2644 ususequo·
702 2582 802 2643 riuique
818 2583 930 2630 exsultat
940 2582 968 2629 iu
979 2583 1063 2629 herba.
1080 2580 1251 2644 Hieronymus

113 2677 184 2722 rum,
202 2663 254 2712 Sed
269 2663 386 2711 madidus
397 2663 503 2724 myrrha
515 2661 595 2710 criuie
605 2662 663 2709 ocal·
703 2657 729 2706 in
745 2658 808 2707 Vita
824 2659 937 2708 Paullini
952 2659 1090 2707 Eremitae:
1108 2661 1201 2708 Leones
1214 2661 1251 2708 di·

114 2741 195 2803 laque
210 2755 327 2800 caenae,
348 2743 522 2802 Purpuraque
541 2745 566 2788 et
585 2740 664 2800 piatis
703 2743 770 2788 reeta
786 2754 861 2787 cursu
877 2741 912 2788 ad
923 2740 1029 2788 aadracer
1040 2740 1106 2787 beati
1117 2741 1181 2788 seua
1191 2741 1250 2788 eub-

113 2821 240 2869 iateatum
257 2821 364 2869 vatibus
380 2834 480 2868 aurum.
514 2818 562 2867 Vis
582 2822 620 2865 est
636 2816 662 2864 in
702 2820 837 2875 etiterum,
854 2819 1065 2880 adulantibusque
1081 2819 1168 2867 caudis
1184 2819 1252 2869 cirea

114 2897 259 2960 repetitione
274 2896 439 2960 pronominis:
456 2899 515 2945 “Ta
532 2896 663 2958 flectie,tu
703 2899 757 2946 eim
769 2898 995 2959 pedesaccubuere.
1025 2894 1130 2944 Pontius
1141 2895 1252 2946 Paullin.

114 2977 222 3036 coerecs3
239 2981 269 3024 tu
285 2967 412 3032 retorsisti,
428 2981 453 3024 te
469 2975 552 3024 vidit.''
579 2976 664 3025 Ardor
704 2976 763 3025 Nat.
781 2977 814 3025 V.
831 2975 932 3024 Felicis:
951 2975 1004 3023 Ceu
1020 2976 1166 3037 paremque
1176 2973 1253 3036 ferae

114 3053 245 3114 orationis,
266 3054 398 3103 interiectis
415 3059 523 3117 quatuor
540 3054 664 3115 versibus,
704 3057 800 3104 circum
816 3057 916 3104 iacuere
929 3056 1080 3117 prophetam
1099 3055 1252 3115 Oruutuque

114 3133 258 3196 refrigescit.
292 3133 478 3196 Displicuerunt
494 3133 569 3182 etiam
587 3133 664 3184 Sene·
702 3135 778 3194 pedes
795 3135 889 3196 lippata
904 3134 1008 3181 mulsere
1024 3134 1142 3195 resipuit.

607 3289 769 3317 ⁸⁴0⁶·—

500 3439 748 3523 ouuruuu
793 3436 869 3501 xx.

294 3576 381 3657 Nau
405 3591 545 3672 usitata,
571 3610 637 3653 non
661 3587 754 3654 tenui
777 3587 861 3653 ferar

295 3696 410 3761 Penne
432 3693 581 3758 biformis
604 3713 662 3777 per
685 3690 849 3776 liquidum
874 3690 1005 3756 aethere

272 3870 424 3923 GARMEN
441 3872 495 3922 XX
701 3851 747 3894 set.
773 3845 829 3894 Hoc
850 3843 975 3907 professus
997 3850 1052 3892 erat
1069 3843 1094 3891 in
1111 3841 1146 3890 II.
1164 3842 1248 3892 Carra.

497 3911 502 3921 ’
656 3970 659 3977 ,
704 3925 741 3975 17.
759 3924 790 3972 ed
807 3925 978 3974 Maecenatem
995 3923 1089 3981 morbo,
1113 3923 1158 3984 qui
1173 3922 1196 3970 ei
1213 3922 1248 3971 fa·

148 3967 280 4066 Suspicor
303 4001 438 4051 Horatium
466 4003 591 4066 scripsisse
615 4001 662 4050 hoc
700 4001 758 4050 telis
774 4002 834 4060 fuit,
857 4001 1052 4050 decumbentem.
1082 4000 1132 4049 Hic
1149 4014 1175 4048 se
1196 3999 1249 4063 ipse

112 4096 213 4132 carmen
229 4081 341 4133 omnium
357 4082 487 4143 ultimm,
499 4082 587 4146 paullo
604 4087 661 4130 ante
701 4082 792 4129 excitat
815 4080 935 4130 Horatius
956 4080 988 4128 ad
1009 4085 1114 4129 mortem
1131 4077 1249 4128 delibera·

111 4166 227 4210 mortam.
251 4160 317 4210 Ham
337 4167 443 4210 mortem
464 4161 511 4210 sibi
531 4160 584 4223 ipse
604 4174 661 4208 con·
701 4166 764 4218 tam,
782 4165 807 4208 et
823 4160 965 4208 consolatur
981 4164 1048 4207 oerta
1064 4173 1107 4222 spe
1123 4159 1249 4207 immorta-

112 4239 193 4296 scivit,
217 4237 322 4289 sonasse
338 4253 442 4298 veneno,
461 4240 505 4303 qui
520 4239 661 4288 Maecenati
701 4237 786 4285 litatis.
815 4237 947 4287 Maecenas
964 4237 1024 4286 obiit
1045 4236 1250 4287 antechristum

110 4317 163 4366 iam
180 4323 278 4367 mortuo
298 4333 424 4383 superesse
444 4319 521 4370 nollet
542 4334 587 4368 nec
607 4333 661 4382 pos-
702 4332 767 4366 enno
792 4330 858 4365 nono
887 4317 937 4364 iam
962 4317 993 4365 ui
1022 4316 1096 4365 finem
1121 4323 1251 4378 vergente,
