2916 5220
643 321 960 387 CARMINUM

455 512 599 575 Venator
623 508 656 571 in
680 507 805 592 eampis
829 506 950 570 nivalis

502 614 718 694 Haemoniae,
743 613 835 677 daret
856 618 895 676 ut
918 610 1042 676 catenis

414 718 528 783 Fatale
551 723 751 782 monstrum:
776 737 858 800 quae
880 712 1070 799 generosius

413 822 520 886 Perire
544 842 716 906 quaerens,
740 841 799 883 nec
823 816 1027 882 muliebriter

458 925 603 1009 Expavit
626 944 753 1006 ensem,
778 944 837 987 nec
860 921 1002 985 latentes

501 1026 619 1091 Classe
643 1025 709 1090 cita
732 1023 895 1110 reparavit
918 1044 1000 1087 oras.

234 1227 296 1283 bito,
314 1226 387 1288 quin,
408 1226 428 1272 si
449 1224 488 1272 vel
507 1224 532 1271 in
550 1237 601 1271 nno
617 1223 673 1273 MS.
691 1222 784 1270 inveni·
824 1228 895 1280 runt,
912 1228 941 1268 ut
958 1221 989 1268 ad
1006 1221 1102 1269 Lucan.
1119 1219 1197 1267 VIII.
1211 1218 1270 1269 675.
1295 1219 1374 1266 Fron·

234 1311 303 1354 retur
317 1305 423 1367 pranit,
448 1304 496 1350 hoc
516 1317 601 1351 omnes
624 1302 733 1365 vulgatis
748 1314 784 1350 es·
824 1300 869 1349 tin.
894 1300 943 1349 IV.
966 1300 990 1351 7.
1024 1300 1128 1348 Florum
1150 1299 1171 1347 Ι.
1196 1298 1233 1346 18.
1268 1297 1374 1347 Sueten.

235 1389 289 1432 sen
309 1382 452 1446 praelaturi.
478 1381 571 1444 virgil.
593 1382 615 1430 1.
640 1381 707 1430 nen.
726 1380 783 1428 aar.
803 1366 805 1381 '
825 1379 924 1430 caesar.
940 1381 979 1430 aa
1006 1381 1062 1428 noe
1078 1380 1114 1427 in
1130 1380 1163 1427 sn
1177 1379 1203 1427 tn
1220 1376 1275 1426 trra
1291 1378 1375 1439 pan-

236 1465 291 1510 Ant
311 1463 455 1525 spectantis
476 1462 535 1524 apri
555 1475 657 1510 caream
678 1462 785 1509 clamore
824 1474 880 1507 rum
898 1460 971 1516 locis,
987 1473 1140 1522 quamquam
1156 1459 1186 1506 de
1203 1455 1291 1506 multis
1307 1457 1375 1504 haud

233 1546 394 1602 prementem.
419 1540 469 1588 III.
491 1540 582 1602 Georg.
602 1539 659 1588 413.
693 1540 784 1601 Inpen-
826 1537 950 1586 immerito
969 1537 1076 1585 dubitari
1095 1537 1182 1600 possit:
1205 1534 1328 1582 hocloco
1346 1549 1376 1583 ea

237 1624 286 1668 tem
308 1620 416 1668 clamore
432 1634 529 1681 premes
544 1620 579 1667 ad
594 1619 661 1666 retia
677 1633 784 1666 cernam.
825 1616 973 1679 significatio
1001 1616 1099 1664 admitti
1122 1629 1172 1664 nou
1197 1621 1263 1663 recte
1286 1620 1376 1676 potest.

237 1696 309 1747 Ovid.
327 1696 377 1745 IV.
398 1696 501 1745 Heroid.
519 1698 559 1745 41.
594 1697 630 1743 In
647 1709 732 1744 nentur
747 1696 785 1743 ire
827 1694 919 1743 Paullo
939 1695 1005 1743 enim
1024 1699 1083 1742 ante
1098 1691 1246 1756 Cleopatrae
1262 1694 1307 1741 nia
1323 1708 1376 1741 arta

237 1778 307 1833 tibet,
323 1776 465 1838 pressitque
481 1777 509 1823 tn
525 1776 592 1825 retia
608 1775 699 1831 cervia
716 1775 784 1822 Har·
826 1775 899 1821 nacta
922 1772 981 1835 suit
1009 1787 1092 1834 rosires
1116 1771 1147 1819 de
1171 1783 1265 1832 magna
1288 1770 1376 1819 classe.

238 1855 291 1902 tari
315 1856 402 1904 celeres
428 1869 474 1917 per
498 1856 557 1917 iopa
581 1868 679 1902 samara
705 1867 785 1901 canes.
826 1851 902 1900 Nunc
923 1851 1008 1901 cadem
1029 1865 1080 1900 non
1101 1850 1163 1898 bene
1184 1849 1308 1898 diceretur
1323 1852 1377 1898 cita

237 1932 297 1981 Vid.
317 1933 456 1981 Burmann.
474 1931 569 1983 Seneca
584 1933 614 1981 de
630 1931 694 1980 Vita
708 1931 787 1980 &aba
826 1933 905 1979 clauae
921 1931 1034 1994 Aegypti
1047 1930 1163 1979 interiora
1174 1934 1265 1992 petere.
1287 1929 1377 1990 Neque

240 2013 278 2060 14.
307 2014 344 2060 Ut
354 2010 475 2074 serarum
491 2013 596 2075 oeattpia
611 2017 720 2074 penae.
743 2009 787 2060 Sc·
827 2024 885 2059 aras
909 2012 1052 2072 reparavit,
1079 2024 1125 2072 pro
1149 2009 1227 2066 odiit,
1252 2007 1375 2057 latinum

240 2102 301 2137 neca
333 2087 435 2152 Hippol.
467 2089 525 2138 938.
571 2089 715 2152 Protapnm
738 2103 786 2149 per
827 2096 871 2138 est.
904 2088 1037 2151 Ingeniosa
1064 2088 1192 2138 Bentleius
1218 2089 1377 2150 penetravit,

238 2181 319 2215 antaee
325 2168 447 2229 pertinax
456 2169 566 2217 latebras
574 2183 694 2230 preoram.
707 2166 785 2216 Olau-
828 2168 900 2231 idque
920 2168 1043 2230 exemplis
1058 2167 1190 2231 aptissimis
1205 2166 1376 2224 commendat,

138 2254 143 2261 ·
239 2245 306 2293 dIan.
318 2244 340 2293 1.
357 2245 443 2294 Rufin.
452 2247 509 2296 229.
538 2249 665 2309 Hyrcana
674 2261 788 2310 premens
828 2247 919 2310 quibus
935 2246 985 2295 alia
1000 2247 1090 2295 addere
1104 2247 1207 2309 possim,
1228 2260 1253 2293 v.
1270 2245 1376 2294 aFlori

239 2331 367 2388 raptorem
378 2327 601 2374 belluaPartbam.
620 2324 703 2375 Schol.
714 2324 788 2375 Statii
828 2327 878 2375 III.
895 2328 936 2383 22,
953 2327 984 2375 de
1001 2325 1121 2375 Sertorio:
1143 2327 1229 2374 Enna
1245 2333 1271 2374 et
1283 2326 1374 2389 prosa-

239 2403 288 2452 IV.
311 2403 389 2452 Theb.
412 2405 468 2453 323.
502 2404 658 2455 “Venatores
678 2419 735 2453 cum
751 2404 787 2451 in·
827 2407 980 2470 perferatis
995 2405 1066 2453 iltius
1082 2406 1196 2464 tabulae,
1208 2405 1248 2453 m‘r
1263 2420 1377 2453 samone

239 2484 375 2546 vestigant,
400 2489 499 2544 errant,
526 2499 585 2532 cum
605 2491 789 2548 prosequuntur
828 2487 938 2548 quidem,
955 2486 999 2534 sed
1014 2484 1175 2532 calamitosae
1190 2484 1307 2544 virtutis,
1324 2499 1375 2531 ma·

240 2563 442 2626 (persequuntur)
456 2564 599 2626 praenotat.u
830 2565 862 2612 lis
882 2567 936 2613 ania
957 2564 1040 2612 naaria
1065 2569 1196 2626 terrasque
1212 2565 1376 2624 parniacait,

277 2646 388 2692 Venator
409 2645 437 2691 in
454 2646 549 2705 canapis
566 2646 659 2693 nivalia
676 2647 786 2693 Haemo-
828 2648 854 2690 ct
869 2644 921 2690 iam
939 2643 1058 2706 Africae,
1074 2646 1126 2692 iam
1138 2644 1292 2692 Bahman
1307 2645 1376 2692 iatu-

241 2721 303 2769 rn'ae.
337 2719 434 2770 Comm.
464 2721 542 2784 Cruq.
576 2724 727 2772 “Thraciae
757 2726 789 2772 ab
829 2724 862 2770 tis
879 2721 1019 2785 fortunam
1039 2728 1172 2786 copertus,
1191 2723 1328 2786 miramque
1348 2726 1376 2771 in

241 2801 378 2848 Haemone.
404 2799 454 2848 Ubi
470 2799 584 2849 Oudend.
597 2809 663 2851 recte
673 2804 788 2865 corrigit:
833 2802 971 2860 Oceanum,
984 2802 1377 2864 Fortunatasr'nenlaapenetra·

241 2879 273 2925 ab
294 2879 393 2926 Haemo
415 2881 520 2928 nronte.''
552 2881 623 2929 Idem
648 2882 788 2931 annotavit:
830 2881 874 2938 ait,
891 2881 992 2929 tarrdem
1008 2881 1166 2943 Hispaniam
1177 2881 1293 2929 arowoit.
1311 2879 1377 2930 Gon·

241 2957 302 3004 “Ab
327 2971 357 3006 co
384 2965 469 3008 monte
493 2959 608 3020 Haemo,
634 2961 660 3008 in
684 2962 789 3010 confinio
830 2963 870 3006 tra
893 2959 1037 3008 Bentleium
1057 2960 1165 3021 disputat
1186 2960 1226 3007 vir
1245 2959 1331 3008 doctus
1351 2961 1377 3007 in

242 3034 365 3084 Thraciae
387 3044 412 3085 et
432 3037 575 3087 Thessaliae
595 3044 700 3102 utraque
721 3041 790 3102 regio
830 3035 934 3087 Observ.
968 3039 1107 3087 Miscellan.
1137 3039 1216 3087 Novis
1251 3038 1313 3088 Vol.
1340 3039 1377 3087 11.

241 3112 329 3161 habuit
345 3128 447 3177 nomen,
469 3123 495 3164 et
510 3131 581 3180 saepe
598 3118 663 3166 inter
679 3133 704 3167 se
721 3118 790 3168 tuere
830 3133 886 3180 pag.
904 3119 961 3166 422.
979 3118 1116 3181 explicans:
1136 3119 1269 3180 Cleopatra
1282 3133 1378 3167 omnem

241 3191 363 3241 confusae.
397 3194 495 3243 Nomen
517 3197 673 3245 Haemoniae
692 3213 719 3246 se
739 3198 789 3247 late
831 3200 973 3260 Aepyptam
999 3198 1056 3246 belli
1079 3202 1146 3246 sorte
1169 3198 1297 3246 amiserat.
1331 3197 1380 3247 Sed

242 3273 360 3321 extendit.
395 3273 473 3337 Saepe
490 3290 514 3323 v.
532 3275 555 3323 d.
574 3275 696 3326 hiemale
713 3277 787 3327 Criti-
828 3277 953 3337 patuisset
977 3278 1058 3325 citata
1082 3278 1160 3326 alacre
1182 3278 1265 3324 matta
1288 3278 1379 3326 victam

242 3365 287 3400 cen
316 3359 496 3409 exercuerunt,
533 3360 562 3401 ut
590 3355 616 3402 iu
648 3355 728 3405 Statio
753 3357 788 3405 II.
831 3356 941 3418 eripere,
974 3361 999 3404 et
1027 3356 1076 3404 cibi
1100 3370 1255 3418 recuperare.
1296 3355 1377 3419 Atqui

243 3428 306 3479 Silv.
341 3431 363 3478 6.
395 3432 435 3480 54.
477 3431 544 3480 Vide
576 3434 670 3482 Melam
703 3436 739 3484 H.
764 3437 788 3484 2.
830 3435 983 3482 contrarium
1008 3448 1040 3483 ex
1065 3433 1167 3483 historia
1190 3440 1300 3498 apparet.
1334 3434 1377 3483 Ni·

241 3506 316 3554 Voss.
338 3508 369 3555 ad
391 3508 483 3558 Catuli.
504 3525 528 3572 p.
549 3513 602 3561 195.
635 3514 745 3564 Bouhier
763 3516 789 3563 in
831 3513 867 3560 hil
900 3528 932 3562 ex
961 3514 1080 3578 Aegypto
1112 3514 1243 3573 amiserat,
1276 3513 1378 3563 minime

242 3586 322 3647 Epist.
339 3585 416 3634 Mass
433 3601 456 3648 p.
476 3588 531 3636 164.
548 3597 572 3638 et
588 3605 628 3639 me
644 3592 676 3640 ad
693 3593 788 3642 Lucan.
832 3593 944 3656 Aegypti
951 3592 1075 3642 interiora.
1097 3592 1190 3655 Pugna
1197 3593 1263 3656 apud
1272 3593 1377 3643 Actium

243 3664 354 3714 1.679.··
389 3667 532 3715 Hmmonia
547 3670 640 3720 nitatis
663 3671 724 3734 quid
741 3671 787 3720 dif-
830 3677 943 3735 pugnata
958 3679 996 3720 est
1015 3672 1085 3720 initio
1109 3673 1200 3721 mensis
1226 3672 1378 3736 Septembris

243 3742 360 3791 ficultatis
384 3743 498 3804 haberet,
523 3748 611 3797 docere
630 3759 733 3800 conatus
753 3760 790 3801 est
831 3751 890 3800 anni
905 3753 936 3800 31
953 3749 1377 3814 a.Chr.Augustusannodemnm

243 3824 382 3873 Meinekias
398 3826 424 3874 in
442 3825 622 3878 Schneidewini
638 3831 731 3881 Philol.
748 3833 791 3882 ubi
831 3831 955 3894 sequenti,
976 3845 1061 3880 mense
1081 3832 1210 3892 Ianuario,
1231 3831 1258 3880 in
1275 3833 1378 3896 Aegyp·

243 3903 345 3951 coniecit
362 3905 502 3965 Paeoniae‚·
519 3913 605 3968 postea
621 3923 788 3972 quoquecon-
832 3916 886 3958 tum
904 3910 1086 3959 Alexandriam
1103 3911 1176 3958 venit.
1206 3911 1290 3974 Igitur
1306 3911 1378 3963 Cleo·

243 3981 300 4030 iecit
317 3983 461 4032 Emathiae.
830 3998 903 4053 patra
919 3991 978 4038 satis
994 3989 1110 4052 temporis
1126 3990 1212 4038 habuit
1228 3992 1380 4052 reparandae

277 4062 331 4109 Nec
352 4062 459 4112 latente-e
485 4063 573 4114 Classe
593 4068 646 4115 cita
661 4068 792 4130 reparavit
831 4070 904 4118 classi
927 4076 952 4119 et
972 4070 1090 4132 Aegypto
1111 4069 1267 4119 muniendae.
1296 4069 1380 4119 Taceo

244 4153 309 4188 orac.
334 4140 416 4189 Locus
432 4141 551 4201 difficilis,
567 4146 610 4208 qui
626 4161 667 4195 me
682 4146 792 4194 maxime
832 4147 978 4197 sententiam
1002 4147 1062 4196 Titii
1088 4148 1118 4196 ad
1144 4146 1266 4210 Cyneget.
1300 4146 1382 4197 Gratii

245 4218 356 4267 omniurn
373 4221 480 4269 vexavit.
517 4223 616 4282 Clarae,
634 4226 731 4283 dicunt,
747 4240 791 4288 pro
810 4252 812 4263 ι
832 4241 867 4274 vs.
893 4227 950 4274 244.
975 4225 1015 4274 cui
1035 4226 1164 4274 ridebatur
1189 4225 1310 4274 Horatius
1336 4241 1379 4288 po-

246 4311 297 4344 ana
314 4313 382 4346 aare.
405 4298 461 4347 Viri
479 4300 544 4348 docti
560 4302 591 4349 de
607 4317 636 4349 eo
653 4317 724 4365 saepe
737 4318 791 4364 ege·
833 4306 909 4354 tuisse
920 4305 1026 4354 scribere
1036 4307 1172 4368 repedavit.
1190 4305 1278 4366 Longe
1290 4306 1379 4354 melius
