2916 5220
555 297 873 361 llrlllllllNUli

527 517 770 583 OARMEN
817 517 890 580 Vll.

192 683 396 761 Laudabunt
418 694 476 759 alii
500 695 622 760 claram
647 693 804 773 Rhodon,
829 699 887 756 aut
910 691 1107 775 Mitylenen,

235 799 305 862 Ant
329 796 515 882 Ephesum,
539 796 716 861 bimarisve
739 793 889 861 Corinthi

194 899 339 984 Moenia,
365 900 416 966 vel
441 900 569 966 Baccho
592 900 735 981 TbebaS,
760 898 812 962 vel
835 896 991 981 Apolline
1016 897 1161 982 Delphos

236 1003 404 1088 insignes,
428 1009 486 1067 aut
509 1002 664 1068 Thessala
687 1002 813 1086 Tempe.

193 1106 294 1188 Sunt,
318 1106 436 1191 quibus
460 1128 563 1170 unum
587 1128 669 1192 opus
694 1113 761 1187 est,
786 1105 929 1168 intactae
954 1103 1099 1168 Palladis
1124 1126 1213 1169 {arces

241 1209 388 1273 Carmine
397 1218 554 1294 perpetuo
580 1208 734 1274 celebrare
758 1218 788 1273 et

305 1396 457 1447 CARMEN
474 1398 536 1446 VII.

180 1493 317 1586 Moenia,
339 1529 378 1576 va
399 1529 500 1577 aaron
525 1530 633 1587 rnna,
655 1525 695 1576 va

148 1609 265 1670 Apolline
279 1608 396 1669 Delphos.
430 1605 461 1653 In
478 1620 528 1653 uno
545 1605 621 1657 MSS.
639 1620 694 1655 nos-

147 1694 242 1735 tronum
254 1684 315 1732 vidi:
332 1690 363 1733 at
372 1683 488 1746 Apolline
497 1686 615 1747 Delphos.
633 1683 694 1734 Cae-

146 1772 229 1813 terum
245 1769 399 1825 comparetur
416 1761 479 1809 illud
492 1760 571 1811 Cassii
584 1761 635 1821 Pii,
645 1763 693 1812 De-

147 1842 289 1890 clamatoris
306 1842 371 1903 apud
393 1839 478 1890 Senec.
501 1840 600 1891 Suasor.
627 1841 652 1900 I,
670 1842 694 1889 2.

151 1922 272 1969 Onrnibas
296 1935 344 1968 aaa
369 1921 457 1968 decom
481 1925 555 1968 eant.-
583 1920 696 1967 Athenae

147 2001 286 2063 eloquentia
306 2000 416 2061 inclytae
439 2004 513 2059 eant,
538 1999 635 2047 Thebae
655 2012 694 2046 sa-

146 2081 212 2139 cris,
230 2080 327 2142 Sparta
343 2077 428 2125 arara.

181 2159 263 2225 Sani,
279 2158 369 2219 quibua
385 2173 463 2204 anam
479 2171 542 2220 opas
559 2161 609 2216 est,
628 2158 695 2204 inta-

147 2237 329 2287 ctaePalladis
341 2251 418 2286 arces.
431 2235 508 2286 MSS.
520 2236 625 2284 varietas
634 2235 696 2284 haec

148 2324 197 2364 est:
215 2318 313 2378 orbari,
331 2315 415 2377 (etiam
432 2317 457 2364 in
475 2314 552 2365 MSS.
566 2314 656 2363 Vinar.
669 2329 694 2365 v,

148 2394 216 2445 Cort.
227 2395 259 2442 ad
270 2395 366 2443 Lucan.
378 2394 427 2444 111.
437 2394 504 2456 340).
514 2409 608 2453 arcem,
617 2409 694 2444 arces.

148 2471 306 2537 Oudendorp.
336 2475 466 2523 annotavit
494 2474 560 2536 apud
592 2472 694 2523 Vitruv.

148 2553 194 2602 IV.
216 2555 240 2606 7.
262 2569 294 2602 ex
315 2554 409 2602 duobus
427 2552 504 2603 MSS.
521 2552 594 2601 Voss.
612 2552 695 2614 legen·

147 2633 220 2680 dum:
239 2635 347 2682 Atlante
367 2636 394 2682 in
411 2648 479 2688 arce,
496 2635 524 2681 in
542 2634 630 2682 Attica
647 2634 695 2681 Sa·

147 2713 189 2759 nia
208 2714 325 2760 Palladia
345 2712 481 2762 Minervae.
520 2713 588 2760 Urbs
604 2718 630 2760 et
646 2728 695 2760 are

148 2803 220 2852 saepe
237 2791 365 2840 confusae:
382 2807 405 2839 v.
423 2791 511 2839 Burm.
523 2790 554 2837 ad
566 2791 661 2838 Lucan.
674 2792 694 2839 Ι.

148 2869 188 2917 25.
206 2869 255 2917 III.
274 2872 313 2919 59.
349 2870 398 2920 Sed
415 2869 455 2917 hio
470 2883 540 2918 arceo
551 2882 601 2917 non
611 2869 694 2931 probo.

149 2948 215 2996 Nam
232 2963 355 3011 quaenam
371 2955 430 2996 sunt
451 2949 536 2996 arcer?
569 2948 650 2996 Erant
670 2947 695 2995 in

149 3027 235 3075 multis
252 3027 367 3084 urbibus,
379 3033 404 3075 et
414 3025 531 3075 Minerva
541 3026 695 3089 πολιοῦχοςι

149 3124 171 3156 v.
204 3106 335 3170 Spanhem.
365 3106 396 3153 ad
425 3104 526 3155 Callim.
556 3120 612 3168 pag.
639 3106 695 3153 491.

150 3185 262 3236 Perizon.
280 3186 311 3235 ad
329 3186 427 3236 Aelian.
446 3186 480 3234 Π.
499 3186 538 3234 90.
563 3186 656 3235 Herod.
673 3185 695 3234 1.

151 3264 203 3313 160.
237 3266 311 3314 Beier
343 3266 482 3315 Miscellan.
512 3264 639 3327 Petropol.
664 3265 694 3313 T.

738 1370 875 1419 Palladiae
891 1384 974 1426 area,
995 1370 1048 1418 sive
1066 1371 1187 1418 Palladis
1203 1387 1287 1427 arceo,

737 1447 822 1495 eodem
837 1449 907 1497 redit.
932 1448 964 1496 In
979 1449 1084 1496 Horatio
1099 1458 1287 1511 praecesserunt

737 1526 903 1576 nobilissimae
912 1527 986 1576 urbes
995 1528 1112 1578 Graecae.
1132 1529 1208 1585 Hinc,
1220 1528 1288 1576 facta

737 1607 861 1656 mentione
882 1608 976 1656 arcium
998 1607 1126 1665 Palladis,
1150 1622 1200 1656 non
1223 1622 1287 1670 opus

737 1693 791 1733 erat
807 1686 925 1748 epitheta,
946 1701 995 1748 quo
1020 1688 1208 1736 admoneremur
1232 1700 1288 1735 esse

738 1763 869 1812 Palladem
887 1765 1007 1814 Atticam.
1036 1766 1119 1827 Quare
1136 1780 1193 1814 cum
1210 1765 1288 1814 Bent-

737 1843 785 1891 leio
810 1859 880 1894 areae
903 1843 1027 1907 praefero,
1054 1845 1119 1907 quod
1143 1850 1168 1892 et
1193 1844 1288 1906 optima

738 1921 814 1972 MSS.
826 1929 964 1981 servarunt,
976 1929 1001 1971 et
1011 1923 1087 1971 verba
1099 1924 1134 1970 ita
1144 1936 1196 1971 esse
1206 1930 1288 1971 trans-

738 2001 851 2063 ponenda
867 2001 979 2050 arbitror.
1019 2003 1077 2060 Eat,
1097 2003 1187 2064 quibas
1207 2017 1288 2051 anam

738 2096 801 2142 epae
830 2084 943 2130 intactae
970 2086 1032 2129 eant
1063 2081 1182 2129 Palladia
1207 2096 1288 2132 arca.

739 2161 803 2221 Eat,
820 2161 921 2222 quibas,
940 2167 969 2207 ut
989 2158 1103 2221 Propert.
1128 2158 1177 2206 ΠΙ.
1198 2161 1222 2211 7.
1247 2162 1286 2213 17.

739 2238 791 2285 Est
815 2241 903 2301 quibat
934 2240 1014 2288 Eleae
1042 2240 1171 2287 caruerit
1198 2241 1288 2302 paleira

738 2318 881 2381 quadripae
927 2318 977 2367 Ubi
1007 2318 1152 2380 interpretes
1182 2318 1247 2367 hanc
1272 2336 1288 2369 a

739 2394 840 2445 Graecis
861 2398 1000 2446 desumtam
1021 2397 1137 2460 loquendi
1153 2395 1287 2447 formulam

739 2475 797 2522 satis
813 2475 1010 2524 illustraverunt.
1044 2475 1099 2522 Iam
1120 2474 1246 2538 eleganter
1263 2485 1288 2525 et

738 2554 833 2614 poitica
849 2554 976 2614 facundia,
995 2557 1072 2604 Aroes
1090 2555 1210 2603 Palladia
1224 2563 1288 2605 sant

739 2634 800 2680 troili
824 2649 899 2696 apae,
921 2640 1110 2696 argumentum,
1130 2633 1156 2680 in
1177 2648 1226 2697 quo
1247 2649 1286 2683 or-

738 2712 820 2760 nando
840 2727 932 2763 versor.
966 2713 1002 2762 Ut
1027 2711 1102 2762 Corn.
1128 2711 1234 2762 Severus
1261 2716 1287 2763 in

738 2791 823 2839 Aetna
838 2807 874 2840 vs.
904 2793 923 2840 l.
959 2791 1044 2840 Aetola
1069 2793 1143 2849 illibi,
1168 2795 1289 2856 raptique

737 2871 805 2917 cavia
814 2868 965 2932 fanaeibaa
981 2872 1049 2934 ignea
1071 2897 1103 2906 -
1120 2872 1182 2934 qaid
1197 2887 1289 2921 roaros

738 2952 853 3011 torqueat
869 2956 966 3007 aestas,
986 2950 1095 2998 Catanen
1115 2951 1171 2999 erit.
1205 2951 1287 3000 Tacit.

738 3027 759 3077 Ι.
777 3028 842 3076 Hist.
863 3029 883 3076 l.
918 3029 1030 3077 Initium
1050 3029 1113 3076 mibi
1128 3029 1210 3090 operia
1229 3029 1287 3079 Ser.

741 3107 825 3156 Galba
831 3109 931 3163 iterant,
945 3110 973 3156 Τ.
986 3109 1076 3156 Vinius
1083 3109 1287 3157 amanteum.

738 3185 857 3235 Albinov.
875 3186 896 3234 I.
913 3186 970 3235 268.
1005 3189 1077 3235 Pars
1093 3187 1143 3235 erit
1159 3187 1289 3246 laetoriae,

737 3269 835 3328 lotoque
852 3268 946 3328 lepelar
963 3267 989 3312 in
1006 3268 1075 3322 orbe,
1089 3266 1168 3326 Seque
1177 3279 1240 3327 opas
1249 3265 1287 3313 in·

149 3344 183 3393 IL
217 3345 323 3409 Interpr.
341 3347 372 3393 ad
389 3344 480 3408 Virgil.
498 3345 587 3406 Eclog.
604 3342 639 3391 ΙΙ.
655 3343 695 3392 60.
736 3345 1102 3407 amiirearmimbaeqaedabit.
1122 3343 1289 3393 Similiiorma

148 3426 207 3474 Ideo
228 3427 283 3475 arci
304 3426 403 3474 additur
424 3425 560 3489 epitheton,
582 3423 603 3470 si
624 3423 695 3471 intel·
737 3421 851 3486 Propert.
874 3424 921 3472 IV.
944 3424 967 3471 9.
1001 3424 1124 3472 Herculia
1147 3425 1183 3470 ite
1204 3424 1291 3482 maen,

148 3505 250 3566 ligenda
265 3505 297 3553 sit
317 3503 492 3561 Atheniensis,
512 3501 561 3550 nisi
581 3516 635 3550 eam
659 3501 695 3548 in·
737 3508 838 3551 nostrae
854 3505 923 3551 labor
940 3503 1028 3550 altiore
1044 3503 1136 3550 clarae.
1165 3499 1238 3550 Ovid.
1251 3501 1286 3551 11.

148 3583 230 3644 telligi
244 3579 695 3632 debereexlocisentcntiavelante·
736 3580 805 3629 Fast.
823 3583 846 3629 3.
881 3582 955 3644 Eleqi
972 3609 1003 3616 -
1021 3581 1161 3643 Erigonen,
1178 3582 1288 3641 alemini,

148 3660 292 3710 cedentibus
309 3667 436 3723 appareat:
457 3675 480 3707 v.
498 3657 613 3721 exempla
630 3659 695 3720 apud
737 3675 817 3723 naper
834 3661 914 3709 eratis
930 3675 1000 3722 opas.
1026 3657 1100 3708 Ovid.
1112 3658 1146 3707 V.
1158 3659 1235 3706 Trist.
1249 3659 1286 3708 12.

147 3739 290 3790 Bentleium
307 3747 332 3788 et
347 3738 488 3787 Hemsterb.
512 3737 544 3785 ad
565 3737 694 3799 Aristoph.
740 3738 863 3786 Carmina
880 3741 974 3787 laetam
1008 3737 1076 3786 Sani
1092 3752 1162 3800 opas.
1196 3737 1285 3786 lustin.

149 3820 219 3869 Plut.
236 3833 271 3869 vs.
289 3820 346 3871 772.
379 3818 477 3867 Verum
494 3816 571 3879 igitur
591 3821 629 3864 cst
653 3832 694 3865 ar·
738 3815 799 3866 XV.
819 3819 839 3865 l.
875 3818 996 3866 Herculis
1017 3817 1139 3879 sagittae,
1159 3832 1224 3879 qaae
1240 3817 1285 3881 sa·

148 3901 202 3948 bem
218 3897 258 3947 vel
280 3914 369 3949 arcent.
402 3896 529 3945 Hactenus
551 3895 695 3945 Oudendor-
738 3900 792 3944 tarro
813 3896 903 3944 Troiae
914 3894 998 3959 fraere.
1028 3896 1099 3957 Opae
1116 3900 1200 3941 autem
1216 3910 1286 3943 usur·

147 3978 215 4040 pius,
232 3979 276 4040 qui
292 3977 354 4026 mihi
370 3990 420 4025 non
441 3976 569 4039 persuasit.
603 3975 697 4024 Docuit
737 3981 810 4037 petar
835 3974 866 4022 de
892 3973 960 4021 omni
984 3973 1122 4020 carminum
1148 3987 1238 4035 genere
1263 3981 1288 4022 et

148 4058 213 4106 enirn
240 4057 368 4106 Bentleius
397 4070 467 4105 arceo
491 4071 507 4102 a
535 4055 613 4118 po‘e'tis
647 4055 696 4103 dici
737 4053 847 4102 cuiusvis
864 4052 1017 4116 argumenti:
1034 4067 1057 4099 v.
1076 4051 1169 4099 Markl.
1188 4052 1219 4099 ad
1232 4052 1287 4102 Sta-

148 4137 223 4184 etiam
240 4137 270 4184 de
286 4152 339 4184 ana
355 4151 419 4186 arce.
453 4136 488 4184 Et
504 4135 696 4183 siclocutusest
739 4135 767 4182 tii
793 4133 854 4183 Silv.
881 4149 938 4196 pag.
964 4133 1021 4181 334.
1070 4130 1100 4181 G.
1126 4131 1288 4179 Ilermannus

149 4213 221 4264 Ovid.
246 4214 309 4263 VII.
335 4215 437 4263 Metam.
463 4214 519 4262 399.
558 4215 696 4263 Palladiae
738 4213 905 4262 coniecturam
922 4226 1003 4261 meam
1020 4211 1114 4273 probat.

149 4308 231 4350 (arcer,
247 4292 390 4354 intelligens
405 4292 526 4342 Athenas.
561 4294 620 4343 Sive
630 4294 697 4342 dicas
775 4293 893 4342 Canariae
899 4297 1020 4356 perpetuo
1029 4292 1158 4341 celebrare.
1176 4289 1287 4352 Elegans
