2916 5220
575 295 880 360 (flllllllNUlll

348 479 517 546 (iterabant
540 491 569 545 et
586 481 701 565 praelo
724 482 872 547 donintona
901 485 1015 550 Callon

346 585 393 649 Ta
416 583 496 648 bibes
518 606 624 648 acam:
649 606 715 648 aneo
739 607 794 648 nec
817 587 974 652 holande

163 731 318 793 intelligitur.
351 729 468 777 Horatl.
486 728 570 777 Carm.
580 729 615 775 12.
636 729 707 777 cuins
724 729 727 799 l
746 730 810 786 soni,
836 745 909 793 quem
934 731 1043 794 primurn
1069 732 1202 782 emisimus.
1239 735 1296 783 Ple-

163 813 257 859 reeinet
272 813 352 858 measa
374 810 470 857 Nomen
484 810 571 869 iaaopo.
588 808 644 855 Hoc
657 814 706 862 cst,
726 854 727 861 ,
747 822 823 870 raque
844 816 956 859 veterum
977 811 1043 866 loca,
1064 811 1113 859 nuc
1133 814 1297 876 pertinentia,

163 892 246 951 imago
267 888 345 947 vocis,
371 901 434 950 quae
459 900 548 934 nomon
573 886 706 943 cecinerat,
747 887 848 950 collegit
864 890 900 938 Μ.
919 890 1070 940 Schooclriua
1091 893 1117 940 in
1138 893 1243 942 Dissert.
1267 895 1298 942 dc

163 969 226 1017 illud
244 969 342 1016 recinet.
377 965 463 1014 Valer.
483 964 565 1012 Flacc.
584 965 633 1012 ΙΙΙ.
651 965 706 1013 396.
726 984 728 1023 r
751 969 853 1015 Natura
871 969 932 1016 Soni
947 976 972 1017 et
983 972 1077 1020 thur.
1102 971 1190 1034 Neque
1204 973 1299 1023 erravit

165 1053 266 1097 Retrans
283 1048 382 1108 Hylan,
399 1052 424 1094 et
440 1059 531 1092 rursus
548 1046 647 1105 Hylan,
663 1060 709 1106 per
750 1046 877 1095 Ausonius
890 1047 997 1095 scribens
1010 1049 1034 1096 in
1053 1049 1180 1112 optarat.
1192 1068 1296 1115 perena·

164 1133 234 1191 lonpa
257 1128 378 1176 reclamat
400 1124 479 1172 Auia:
502 1129 650 1186 responsant
665 1125 708 1170 n'l-
727 1186 729 1194 Ι
748 1141 789 1173 rur
810 1128 841 1173 ab
861 1130 947 1175 antris
970 1129 1056 1178 Sermo
1077 1132 1158 1190 redit,
1181 1133 1250 1179 redit
1273 1139 1298 1182 et

163 1225 219 1266 eae,
241 1214 266 1256 et
286 1223 349 1268 napa
374 1209 456 1254 certae
480 1206 569 1264 imapo.
603 1202 653 1250 Ubi
677 1216 709 1250 ex
727 1216 729 1223 ·
749 1220 873 1253 neruorum
891 1207 981 1254 uocalis
997 1209 1084 1269 tnupo.
1119 1208 1186 1257 Nam
1205 1224 1239 1258 ex
1252 1212 1296 1258 ad·

167 1289 238 1350 Hyla
252 1281 729 1349 Hylareclamatointclligiturimaqo1
749 1283 799 1331 dito
824 1286 916 1333 vocalia
939 1287 1060 1334 cernimus
1084 1288 1218 1350 imaginem
1244 1304 1299 1339 esse

163 1367 291 1421 clamoris,
312 1364 377 1427 quod
395 1363 477 1425 ipsum
498 1360 562 1408 dixit
579 1360 656 1410 Silius
674 1361 708 1409 X.
728 1342 730 1399 i
749 1365 825 1420 soen,
842 1379 906 1426 quac
922 1380 937 1412 a
957 1365 1099 1414 nemoribus
1121 1367 1191 1417 redit.
1226 1369 1300 1418 Lati·

163 1446 220 1493 365.
246 1445 340 1494 clamat
363 1444 471 1503 scopatio
488 1444 604 1491 clarirorio
620 1443 709 1503 irnapo.
727 1418 729 1495 i
749 1456 810 1490 nnm
832 1451 895 1492 crat:
913 1445 959 1491 “ut
976 1444 1043 1508 ripae
1060 1445 1167 1495 fluminis
1184 1457 1208 1498 et
1225 1463 1299 1498 mons

163 1524 259 1573 Auson.
282 1521 370 1571 XXV.
392 1521 471 1583 Epist.
490 1522 512 1568 9.
548 1522 709 1582 Respondent
727 1536 729 1589 ζ
750 1520 888 1570 Vaticanus
901 1524 945 1572 tibi
956 1523 1040 1573 laudes
1052 1526 1204 1576 redderent.”
1223 1529 1299 1578 Nunc

163 1610 188 1654 et
203 1619 268 1653 sono
289 1602 397 1660 horiiinlj
418 1613 551 1662 perornans
571 1601 604 1647 ab
625 1602 709 1647 antris
728 1594 729 1665 l
749 1606 773 1647 et
791 1600 837 1649 hoc
854 1601 980 1664 ingratum
998 1611 1046 1663 est,
1067 1607 1132 1668 qnod
1150 1606 1212 1655 bene
1230 1609 1297 1657 dixe·

165 1684 251 1732 Sermo
267 1681 415 1736 redit,redil
433 1684 458 1727 et
474 1693 601 1725 martorum
616 1681 710 1728 coculis
728 1674 730 1723 l
750 1680 780 1727 rit
797 1683 870 1743 ripae
886 1684 1004 1740 reddunt,
1021 1690 1074 1732 tum
1093 1684 1158 1733 male
1175 1686 1299 1737 addiderit

163 1765 251 1824 imapo.
279 1759 333 1807 Hoc
350 1759 482 1819 estimago
496 1757 573 1818 vocis,
587 1756 708 1805 Echone-
728 1765 730 1833 q
749 1760 831 1822 lmaapo
853 1763 943 1808 nimitas
964 1765 1085 1812 redderet.
1118 1764 1235 1816 Fortasse
1256 1782 1298 1816 vo«

163 1854 267 1889 morum.
301 1837 440 1886 Meinelrius
465 1838 555 1885 nuntie
578 1837 709 1896 longinum
728 1854 730 1871 ·
749 1836 808 1886 luit:
829 1846 857 1887 ut
873 1843 955 1902 tairago
971 1841 1038 1903 ripae
1055 1842 1175 1903 fluminis,
1192 1852 1217 1893 et
1228 1861 1298 1896 mon-

163 1935 213 1968 non
240 1931 343 1982 prorsus
371 1917 460 1974 reiicit,
492 1930 547 1964 cum
577 1917 709 1976 irrraqinem
750 1919 781 1964 tis
800 1918 918 1967 Vaticani
935 1921 1055 1970 redderet.
1087 1924 1154 1972 Nam
1171 1927 1256 1985 Echo,
1277 1930 1297 1976 si

163 2001 238 2048 etiam
260 1999 285 2045 in
306 1996 405 2059 vulgari
422 2009 534 2045 sermone
550 1997 586 2043 ita
602 1995 709 2042 dixerint
727 1994 730 2047 i
750 1997 852 2048 sortasse
869 2000 949 2048 maior
964 2002 989 2048 in
1007 2010 1102 2067 monte,
1124 2013 1206 2055 tamen
1229 2018 1255 2058 et
1272 2013 1298 2059 in

163 2080 259 2135 Latini,
284 2085 312 2126 ut
332 2091 404 2125 nemo
424 2076 554 2137 quisquam
578 2074 607 2121 de
628 2071 709 2134 ellipsi
728 2116 729 2129 ,
749 2079 815 2138 ripis
831 2079 985 2127 audiebatur.
1011 2081 1060 2130 Sed
1077 2089 1142 2132 totus
1159 2085 1230 2135 locus
1246 2089 1298 2138 Ho-

163 2161 228 2207 eocit
243 2159 374 2219 cogitaret,
389 2155 468 2204 ueluti
484 2168 541 2202 cum
558 2154 643 2201 Varro
658 2153 707 2200 III.
727 2132 730 2229 i
749 2157 811 2204 ratio
828 2163 865 2204 cst
881 2156 1005 2219 indignus.
1038 2160 1139 2221 Quanto
1160 2164 1298 2229 elegantior

163 2237 193 2286 R.
205 2237 236 2285 R.
249 2237 286 2285 16.
298 2236 335 2283 12.
361 2236 473 2284 alvearia
496 2235 532 2282 ibi
551 2233 708 2294 potissimum
749 2235 788 2283 hic
814 2244 849 2284 est
879 2236 1011 2286 Claudian.
1037 2241 1067 2288 de
1092 2241 1171 2290 Laud.
1198 2246 1297 2299 Stiliclr,

157 2318 281 2378 facienda
297 2331 350 2366 esse
365 2316 425 2363 dicit
441 2315 483 2362 ubi
500 2314 585 2360 nullae
596 2318 708 2360 resonent
728 2344 730 2360 i
750 2316 804 2362 403.
831 2318 988 2378 Pompeiana
1004 2319 1102 2367 debiam
1117 2329 1225 2383 quantos
1238 2343 1297 2388 pro-

163 2399 290 2460 lanapinea.
317 2395 366 2446 Sed
383 2396 429 2443 hoc
446 2400 495 2448 est,
513 2392 539 2438 ni
556 2390 636 2448 fallor,
648 2393 707 2439 ima·
748 2397 830 2442 scenio
858 2397 979 2457 plautus!
1021 2399 1064 2445 Aa
1087 2401 1180 2449 eoelum
1200 2408 1299 2466 quoties

162 2477 232 2538 gines
249 2478 303 2524 soni
320 2480 440 2523 resonent.
475 2473 509 2519 Et
525 2485 605 2520 senno
622 2472 708 2533 vulga·
728 2498 730 2564 p
750 2476 824 2522 collis
835 2476 882 2523 tibi
894 2475 1080 2525 Murciuducet
1098 2480 1205 2539 Nomen,
1217 2484 1298 2532 Aaou·

163 2556 207 2612 ris,
229 2555 295 2618 qnod
316 2553 455 2602 Meinekius
481 2551 581 2598 minime
598 2551 708 2613 ignorat,
751 2554 803 2600 tino
827 2555 1009 2616 Pallanteoque
1032 2560 1140 2603 recessu!
1173 2557 1213 2607 Ibi
1237 2561 1297 2611 Ges-

163 2634 235 2682 valde
262 2634 381 2695 discrepat
402 2646 418 2679 a
437 2632 543 2693 po'e'tico,
563 2632 708 2693 praesertim
749 2645 824 2679 ncrus
846 2632 937 2680 sontem
958 2633 1061 2681 istorum
1083 2650 1199 2686 versuum
1225 2652 1298 2691 vocat

163 2715 261 2778 Lyrico.
296 2712 367 2772 Quod
392 2710 490 2772 quidem
515 2710 646 2758 discrimen
673 2718 709 2758 est
749 2711 893 2769 Horatium,
923 2727 1008 2775 quem,
1038 2717 1167 2764 suavitatis
1196 2733 1297 2781 caussa,

162 2802 272 2852 tantum,
291 2800 319 2839 ut
337 2791 423 2853 poetae
439 2790 531 2836 multas
549 2788 645 2837 dicendi
662 2788 707 2837 for·
750 2792 858 2852 apponit.
900 2791 1028 2854 Limpidos
1062 2809 1119 2842 vcra
1148 2797 1230 2857 rivos,
1264 2815 1297 2849 ex

135 2862 138 2867 ’
162 2873 244 2920 mulas
268 2869 413 2925 vitaverint,
438 2873 568 2930 propterea
592 2870 657 2930 quod
682 2872 707 2918 in
750 2869 817 2918 fonte
842 2879 893 2919 tam
919 2872 1017 2920 turbido
1042 2873 1170 2924 deductos!
1208 2879 1298 2942 Neque

161 2966 274 3001 sermone
283 2948 382 3012 vulgari
390 2946 617 3009 frequentabantur.
631 2949 708 3011 Eqm-
749 2950 795 2997 hoc
816 2950 992 3008 omittendum,
1017 2954 1152 3001 secundam
1172 2957 1297 3019 syllabam

161 3032 217 3080 dem
239 3030 306 3078 hand
327 3027 468 3077 defendam:
494 3026 567 3074 “Hoc
590 3027 616 3073 in
637 3028 708 3090 poeta
748 3028 773 3076 in
800 3031 918 3078 Vaticani
939 3045 954 3078 a
973 3031 1046 3093 pocta
1069 3047 1123 3082 esse
1145 3033 1297 3099 correptam,

160 3125 210 3158 non
227 3121 329 3173 prorsus
344 3106 504 3155 reiiciendum
520 3112 568 3164 cst,
585 3121 642 3154 cnm
659 3108 708 3156 La-
749 3123 812 3171 quae
829 3109 860 3156 ab
877 3109 932 3157 aliis
949 3111 1064 3158 omnibus
1080 3114 1233 3173 producitur.
1269 3117 1298 3166 Si

160 3190 205 3237 tini
231 3195 256 3236 et
280 3188 306 3235 in
328 3186 426 3248 vulgari
451 3199 563 3234 sermone
579 3187 614 3234 ita
630 3186 708 3236 locuti
752 3190 893 3238 Vaticanus
917 3195 1000 3237 ortum
1022 3189 1053 3238 sit
1074 3191 1106 3239 ab
1126 3194 1298 3256 antiquissimo

160 3270 232 3319 sint.”
267 3266 377 3317 Unicum
394 3265 499 3327 deniqne
515 3267 707 3329 cstcxemplum
748 3267 838 3329 oppido
859 3270 961 3324 Vatiae,
978 3269 1036 3317 licet
1052 3271 1118 3332 apud
1129 3271 1257 3321 historicos
1268 3274 1296 3321 il-

160 3350 277 3412 irnagn'nis
294 3347 328 3394 sic
344 3346 448 3407 positae,
465 3351 490 3392 et
506 3359 520 3392 e
536 3344 652 3394 Varrone
667 3362 707 3408 pe-
749 3345 797 3394 lius
814 3347 896 3409 oppidi
913 3347 1006 3396 mentio
1026 3364 1076 3397 non
1097 3351 1152 3409 liat,
1174 3353 1239 3413 quod
1260 3359 1297 3400 ta-

160 3428 247 3486 titnm,
273 3427 389 3487 scriptore
410 3424 522 3486 antique,
542 3431 567 3472 ct
589 3425 630 3487 qui
654 3425 707 3473 lan·
749 3426 962 3475 men·verosimile
978 3434 1023 3486 est,
1037 3427 1297 3480 etNiebulrrioetiam

160 3507 217 3554 dem
242 3504 379 3565 elegantiae
405 3517 492 3564 pnrnrn
519 3503 621 3550 curavit.
658 3503 707 3552 Sed
726 3543 728 3575 Ι
749 3506 783 3552 ita
801 3507 911 3564 ridetur,
929 3507 1040 3570 sequitur
1057 3516 1173 3557 naturam
1189 3511 1296 3559 suisuli-

160 3599 233 3634 nemo
254 3598 365 3646 unquam
382 3582 452 3629 Echo
469 3582 603 3643 appellarit
619 3585 706 3645 iinapi·
726 3581 728 3633 Ῑ
749 3585 856 3632 stantivi.
879 3585 945 3634 Nam
961 3581 1078 3637 Vaticani
1088 3590 1296 3651 pronuntiabant,

160 3682 215 3714 areta
236 3665 340 3718 anantio,
361 3664 440 3709 siloae
461 3661 500 3709 vel
523 3663 587 3709 suni.
621 3662 708 3726 Neque
726 3638 728 3719 i
748 3679 797 3713 non
820 3654 947 3714 Vaticani:
967 3674 996 3714 ut
1014 3669 1147 3724 Laeuiano,
1166 3669 1297 3725 Saticula,

160 3746 239 3794 dicere
256 3741 342 3805 potuit.
380 3740 446 3787 Nam
471 3739 517 3787 hoc
542 3749 604 3788 esset
628 3744 709 3805 ieriapo
749 3744 780 3791 ab
803 3744 903 3807 antiquo
930 3747 1030 3804 Sation,
1058 3745 1114 3793 alia.
1156 3745 1297 3793 Meinelrius

159 3821 336 3873 continuatis.
371 3818 475 3868 Veteres
495 3821 567 3882 pocta
588 3821 649 3870 bene
666 3837 707 3870 no·
748 3825 861 3871 excusari
882 3838 952 3886 posse
979 3824 1104 3873 licentiam
1125 3831 1211 3886 putat,
1237 3826 1297 3888 qnia

159 3908 247 3951 verant
262 3913 362 3948 caussas
378 3900 431 3947 soni
452 3902 597 3962 repercussi,
618 3915 708 3965 easque
750 3917 798 3950 rex
816 3903 924 3965 alioquin
943 3905 1028 3951 versui
1045 3911 1107 3952 esset
1121 3904 1211 3966 inepta.
1238 3905 1296 3953 Non

159 3979 208 4025 ianr
226 3977 355 4040 perspicuo
369 3979 441 4026 modo
454 3981 569 4042 exposuit
577 3981 708 4029 Lucretius
749 3988 815 4044 puto.
840 3982 906 4029 Nam
920 3982 999 4030 bonus
1015 3983 1088 4044 po'e'ta
1104 3983 1130 4029 in
1148 3982 1192 4030 tali
1208 3998 1298 4032 caussa

160 4057 207 4104 IV.
225 4057 281 4106 548.
298 4072 333 4120 sq.
369 4058 456 4119 Imago
479 4060 545 4106 rocis
563 4074 612 4107 non
629 4061 708 4107 estin
750 4075 808 4108 voce
825 4061 930 4108 abstinet
947 4067 971 4108 et
990 4060 1060 4109 facile
1077 4061 1158 4117 uliud,
1175 4061 1296 4111 lococon-

160 4145 256 4192 montc,
278 4151 357 4198 ncqnc
383 4136 439 4185 inde
465 4139 534 4186 redit.
570 4139 630 4187 Vox
655 4139 709 4201 ipsa
750 4140 861 4194 veniens,
880 4140 980 4186 invenit.

159 4230 188 4260 eo
205 4216 284 4272 venit,
305 4224 330 4262 et
352 4230 492 4277 repercussa
515 4219 586 4267 redit.
623 4219 650 4268 Si
672 4233 707 4266 re·
787 4221 827 4266 Tu
844 4220 909 4265 laibos
926 4233 1010 4265 aavatan.
1044 4218 1103 4267 Cod.
1122 4219 1194 4266 Voss.
1213 4227 1236 4267 ct
1254 4220 1298 4267 alii

158 4293 241 4350 client,
264 4294 373 4341 redditur
396 4295 465 4342 nobis
492 4296 571 4358 iinapo
599 4299 707 4346 eiusdem
751 4300 818 4346 bibis.
858 4299 890 4346 Et
916 4299 961 4346 hoc
992 4298 1132 4360 postulabat
1163 4300 1298 4350 sententia.

11 4554 158 4901 't
