2916 5220
544 295 863 360 CARMINUM

313 479 409 543 Nunc
433 484 466 544 et
488 478 623 544 lateatis
646 479 793 564 proditor
815 478 934 544 intimo

314 581 435 647 Gratus
459 582 588 667 puellae
611 582 696 647 risus
720 582 762 647 ab
785 582 925 667 angulo,

359 684 550 770 Pignusque
573 685 744 770 dereptum
767 684 914 766 lacertis,

403 787 473 853 Aut
496 787 602 874 digito
624 788 710 853 male
733 787 904 873 pertinaci.

135 948 249 1007 busdam,
271 957 299 997 ut
320 951 380 999 leuia
400 955 425 998 et
445 950 506 998 lenis
527 949 617 998 cedant
636 963 681 997 sno
724 948 756 996 tis
772 948 897 1011 pertinaci.
931 946 989 994 Vid.
1008 945 1110 995 Ruhnk.
1128 946 1158 994 ad
1171 945 1276 996 Sueten.

134 1031 205 1078 laeui.
726 1025 827 1076 Caesar.
852 1041 909 1090 pag.
937 1026 976 1077 Ἠ.
1007 1029 1032 1073 et
1055 1025 1144 1074 Vellei.
1174 1025 1275 1074 Patere.

167 1108 222 1156 Aut
239 1109 318 1170 stipite
335 1110 399 1157 trente
413 1109 549 1170 pertinaci.
574 1106 633 1155 Non
647 1121 683 1154 sa·
727 1105 763 1155 ΙΙ.
784 1106 838 1155 109.

619 1301 778 1332 ⁴0.-

536 1443 779 1509 OARMEN
824 1443 867 1507 X.

311 1595 464 1676 Mercuri
486 1610 643 1692 facunde,
669 1631 769 1694 nepos
792 1608 957 1691 Atlantis,

313 1712 376 1792 Qui
399 1712 484 1778 feros
508 1713 616 1778 cultus
640 1713 812 1778 hominum
835 1716 1002 1777 recentum

313 1815 400 1881 Voce
423 1815 575 1880 formasti
598 1819 690 1881 catus
722 1819 755 1881 ot
777 1814 910 1880 decorae

401 1919 491 1984 More
513 1918 712 2004 palaestraez

311 2020 353 2085 Te
376 2042 508 2104 canam,
532 2021 646 2106 magni
670 2020 757 2086 Iovis
782 2026 815 2087 et
839 2021 982 2084 Deorum

314 2123 481 2189 Nuncium
510 2147 689 2210 curvaeque
712 2125 801 2210 lyrae
818 2129 1006 2210 parentem,

312 2226 496 2311 Callidum,
521 2227 680 2314 quidquid
703 2228 844 2313 placuit,
869 2227 977 2292 iocoso

399 2332 545 2398 Condere
567 2332 664 2398 furto

310 2435 370 2518 Te,
395 2436 493 2501 boves
518 2435 598 2501 olim
620 2436 686 2502 nisi
710 2435 907 2501 reddidisses

311 2538 373 2604 Per
392 2538 505 2605 dolum
527 2545 675 2622 amotas,
700 2560 838 2624 puerum
856 2538 978 2604 minaci

304 2729 456 2780 CARMEN
474 2732 507 2779 X·
722 2719 779 2752 cum
809 2704 961 2768 Porphyrio:
992 2704 1140 2752 Facundum
1171 2700 1274 2751 Mercu-

722 2786 791 2832 rium
815 2786 896 2840 attuit,
920 2785 980 2846 quia
1003 2782 1125 2832 orationis
1149 2782 1274 2829 inuentor.

165 2825 307 2909 Mercuri
317 2860 446 2921 facunde,
467 2875 541 2922 nepos
557 2859 680 2909 Atlantis.
726 2864 846 2924 Nepotem
864 2860 989 2922 Atlantis,
1005 2863 1067 2923 quta
1084 2858 1173 2908 Maiae
1183 2860 1270 2921 filius.

131 2937 265 2987 Diomedes
282 2943 307 2986 et
322 2938 480 2996 Victorinus,
502 2943 598 3000 praeter
619 2938 680 2987 alios
723 2941 759 2989 Et
774 2928 907 2989 sicHorat.⁴
915 2941 935 2989 Ι.
945 2940 1030 2989 Carm.
1042 2939 1080 2986 12.
1096 2939 1274 3000 peccatums-

132 3014 326 3073 Grammaticos,
353 3016 421 3065 hunc
445 3031 544 3065 versum
568 3017 680 3067 laudaut.
724 3021 942 3081 naepatcratque
952 3023 1046 3076 custos,
1072 3018 1137 3065 Orte
1155 3015 1272 3065 Saturno.

133 3093 182 3144 Sed
206 3094 233 3141 in
255 3094 435 3157 distinguendis
456 3096 583 3158 poetarum
606 3095 681 3144 versi·
758 3099 832 3146 More
854 3099 1007 3160 palaestrae.
1054 3094 1088 3143 D.
1113 3093 1200 3142 Heius.
1227 3096 1273 3142 tiu·

131 3173 190 3229 bus,
207 3174 286 3236 magis
302 3175 449 3233 videndum,
472 3175 530 3238 quid
552 3190 611 3223 vera
627 3191 680 3225 sen·
724 3193 791 3226 more
813 3179 963 3240 palaestrae.
1001 3173 1129 3224 Infelicem
1151 3171 1274 3222 coniectu-

131 3253 209 3301 tcntia
233 3253 354 3315 postulet,
380 3270 455 3318 quam
481 3255 541 3317 quid
562 3255 639 3305 MSS.
657 3262 682 3304 ct
724 3268 791 3311 ram,
808 3260 865 3303 ante
881 3254 1036 3311 Bentleium,
1053 3251 1159 3316 explosit
1174 3251 1273 3299 Brouk-

132 3331 293 3382 Grammatici
316 3333 403 3383 ferant.
440 3333 570 3384 Bentleius
592 3335 681 3383 maluit
724 3333 778 3381 hus.
795 3333 901 3381 laudans
916 3333 1003 3381 Barth.
1021 3331 1128 3380 Advers.
1140 3329 1275 3379 XXVIII.

127 3411 242 3472 facunde
264 3427 339 3475 nepos
357 3415 486 3473 Atlantis,
504 3428 551 3476 ego
568 3413 682 3463 Mercuri
723 3411 745 3461 I.
780 3411 888 3461 Gronov.
905 3410 1012 3460 Diatrib.
1031 3411 1095 3461 Stat.
1112 3424 1168 3473 pag.
1183 3409 1237 3456 149.
1248 3415 1276 3456 et

125 3489 249 3549 flectente.
288 3491 380 3541 Poetae
401 3492 427 3540 in
450 3492 549 3555 hymnis
571 3506 610 3540 res
632 3493 681 3540 sin·
724 3490 782 3549 alia,
799 3491 887 3540 deinde
904 3505 919 3538 a
934 3489 1050 3539 Bentleio
1066 3493 1192 3552 occupata.
1221 3486 1273 3536 Ou-

132 3569 204 3628 gnlas
221 3576 352 3618 exornant.
386 3573 470 3634 Nepos
492 3573 511 3618 Α
518 3573 619 3627 ttaatta,
644 3578 682 3619 est
724 3570 840 3632 (lendorp.
862 3569 957 3617 addidit
979 3568 1042 3618 sut.
1064 3568 1112 3616 IV.
1134 3567 1213 3615 Theb.
1231 3569 1272 3616 66.

132 3646 188 3694 laus
213 3649 312 3709 propria
333 3649 437 3709 generis.
479 3649 617 3698 Mercurius
632 3651 679 3712 sa·
723 3648 799 3696 Fabri
816 3648 933 3711 Agonist.
952 3647 1029 3696 Sacra
1045 3647 1066 3694 I.
1087 3646 1124 3694 16.
1159 3644 1272 3694 Ciceron.

131 3729 244 3783 arandae,
262 3726 360 3789 propria
376 3727 432 3774 laus
448 3727 548 3789 ingenii.
565 3729 600 3776 Et
615 3729 681 3777 Mer·
724 3726 744 3773 1.
763 3725 834 3775 Offic.
854 3727 891 3775 19.
928 3728 1031 3775 Onerum
1043 3740 1135 3774 rnorem
1147 3726 1272 3774 Lacedae·

132 3804 215 3851 onnus
240 3802 358 3852 formavit
380 3804 505 3867 homines,
523 3805 598 3854 ctiam
623 3806 682 3869 quia
726 3804 1275 3868 aneatorumtestamcutumessecuptditate

131 3889 184 3930 erat
208 3881 348 3940 facundus,
374 3898 424 3931 non
449 3883 507 3946 quia
531 3890 585 3932 erat
605 3899 681 3948 nepos
723 3885 846 3933 uincendi.
881 3883 948 3934 Vide
973 3888 997 3932 ct
1017 3882 1109 3944 Virgil.
1131 3880 1180 3930 VI.
1206 3882 1273 3930 Aen.

132 3961 252 4010 Atlantis.
283 3962 311 4012 si
324 3962 489 4026 profananda
500 3963 621 4026 posuisset
629 3964 680 4013 Ho-
724 3962 781 4010 853.
816 3965 944 4025 Pariaque
968 3963 1093 4024 imponere
1118 3976 1219 4008 acorem.
1249 3968 1274 4009 ct

131 4039 208 4087 ratius
231 4041 298 4089 aliud
323 4040 459 4104 epitheton,
484 4057 507 4091 ν.
533 4057 554 4092 c.
580 4043 681 4101 nobilia,
723 4038 1162 4102 BibliothecamCrit.Wyttenbachii
1173 4038 1237 4087 VII.
1248 4041 1272 4087 5.

132 4115 220 4166 serrem
247 4118 428 4168 distinctionem
455 4120 570 4170 Bentleii.
613 4121 680 4169 Nam
762 4123 815 4169 Per
839 4121 924 4169 dotum
948 4125 1052 4168 annotat.
1086 4118 1144 4166 Non
1170 4123 1272 4166 namtas.

132 4194 181 4241 talo
198 4195 323 4256 epitheton
342 4198 373 4244 ad
390 4212 468 4260 genus
480 4199 593 4260 pertinet.
625 4199 678 4250 On·
725 4198 768 4248 Sil.
787 4197 844 4246 Ital.
862 4196 912 4245 VI.
930 4197 986 4246 629.
1021 4197 1173 4258 Spectacula
1183 4200 1274 4258 captas

131 4271 280 4335 dendorpins
306 4273 363 4322 facit
387 4291 443 4324 cum
468 4277 589 4327 Bentloio.
624 4280 678 4328 Me·
725 4282 799 4328 Mira
817 4281 892 4327 bones.
906 4292 929 4326 v.
941 4277 1045 4340 Rupert.
1058 4275 1089 4324 ad
1102 4274 1157 4327 Silii
1168 4276 1218 4325 ΠΙ.
1231 4276 1271 4323 39.

13 4734 156 4904 h
