2916 5220
166 286 231 348 134

570 284 887 347 (lrlllMlNUM

560 507 803 573 OAliMEN
849 508 906 571 VI.

345 656 504 757 Septimi,
530 671 638 738 Gades
662 672 789 736 aditure
812 693 941 736 mecum
972 677 1006 736 et

347 776 548 841 Cantabrum
572 775 741 840 indoctum
765 775 844 859 iuga
866 773 948 839 serre
972 780 1083 840 nostra
1114 780 1146 838 ct

344 878 504 944 Barbarus
527 878 655 962 Syrtes,
680 877 736 943 ubi
761 878 876 942 Maura
899 899 1027 962 semper

434 983 576 1048 Aestuat
598 983 702 1065 unda,

271 1082 273 1087 ’
345 1086 460 1168 Tibur,
485 1087 593 1171 Argeo
615 1085 762 1171 positum
786 1085 916 1167 colono,

344 1188 396 1254 Sit
418 1211 510 1255 meae
534 1190 628 1255 sedes
652 1189 782 1254 utinam
807 1193 972 1264 senectae,

346 1291 397 1357 Sit
418 1293 536 1358 modus
560 1293 648 1357 lasso
674 1291 775 1356 maris
800 1295 834 1356 et
856 1290 999 1373 viarum,

431 1398 646 1482 Militiaeque.

322 1538 475 1590 CARMEN
500 1539 548 1588 VI.

196 1632 238 1717 N
241 1683 273 1717 on
293 1676 331 1718 est
351 1670 446 1718 consilii
467 1670 516 1718 mei
532 1668 659 1730 disputare
680 1667 711 1716 de

161 1756 284 1810 tempore,
301 1763 351 1811 quo
358 1748 478 1798 Horatius
489 1747 588 1810 singula
600 1746 713 1795 carmina

160 1827 334 1887 composuerit.
367 1827 497 1876 Interdum
514 1833 597 1874 tamen
613 1823 711 1882 accidit,

162 1911 191 1953 ut
207 1906 254 1954 hoe
270 1920 320 1953 non
336 1905 416 1955 facere
432 1920 483 1955 non
498 1905 602 1968 possim,
624 1906 643 1953 si
660 1904 711 1953 Ho-

162 1987 253 2033 ratium
274 1987 331 2035 iade
355 1986 444 2036 melius
468 1986 576 2049 intelligi
600 1986 711 2034 arbitrer.

162 2063 252 2113 Refero
268 2065 315 2113 hoc
325 2079 426 2116 carmen
439 2067 556 2115 adfinem
568 2066 627 2113 anni
638 2065 710 2114 XLI.

162 2142 203 2192 vel
220 2143 319 2192 initium
330 2144 388 2194 XL.
405 2151 463 2193 ante
479 2143 539 2194 Chr.
552 2143 638 2192 Fuerit
650 2144 711 2193 adeo

162 2235 242 2269 unum
259 2237 273 2271 e
290 2223 389 2286 primis,
415 2239 480 2287 quae
502 2223 606 2286 scripsit.
640 2223 708 2271 Non-

162 2300 338 2351 dumhabebat
354 2305 484 2367 praedium
500 2304 526 2351 in
544 2303 643 2353 Sabinis
660 2302 711 2350 sive

162 2394 224 2442 agro
248 2381 381 2431 Tiburtino
402 2384 470 2446 (nam
491 2383 556 2431 illud
582 2382 711 2444 praedium

163 2466 216 2507 erat
241 2461 266 2508 in
283 2463 395 2511 confiniis
412 2464 540 2525 utriusque
559 2460 624 2524 agri)
645 2461 711 2523 quod

163 2552 184 2586 a.
202 2538 362 2591 XXXVIII.
374 2544 542 2591 aMeeeenate
552 2539 657 2604 accepit,
670 2540 712 2588 cui

163 2632 186 2665 a.
204 2618 334 2670 XXXIX.
352 2623 551 2677 commendatus,
567 2627 593 2669 et
608 2621 634 2667 in
651 2621 711 2667 ami·

163 2696 246 2744 citiam
266 2707 379 2762 receptus
399 2708 459 2748 erat.
485 2700 574 2762 Itaque
594 2705 619 2746 et
639 2697 708 2746 Mae·

163 2788 236 2822 cenas
256 2783 314 2824 voto
339 2778 380 2825 hic
400 2777 539 2840 significato
560 2784 613 2824 tum
638 2777 709 2824 satis-

163 2851 226 2901 fecit.
244 2855 363 2903 Horatius
372 2857 524 2920 aliquamdiu
536 2863 710 2918 postpugnam

163 2932 360 2997 Philippensem,
377 2942 405 2983 ut
419 2937 492 2984 etiam
503 2935 644 2997 Septimius,
661 2935 710 2984 Ro-

163 3027 230 3060 mam
253 3014 332 3063 rediit.
359 3014 495 3077 Septimius
516 3013 584 3061 fideli
604 3014 712 3062 amicitia

163 3097 188 3139 ct
205 3107 289 3141 amore
305 3094 437 3142 Musarum
449 3093 555 3142 Horatio
565 3093 711 3141 coniunctis-

163 3169 240 3219 simus
268 3172 402 3221 Horatium
430 3173 529 3222 videtur
561 3174 712 3224 consuluisse

163 3250 194 3299 de
211 3251 277 3311 loco,
294 3253 337 3300 ubi
354 3253 512 3316 inposterum
521 3259 601 3302 essent
618 3253 711 3302 habita·

163 3331 223 3379 turi:
242 3347 268 3381 se
285 3332 467 3391 habitaturum,
477 3331 520 3380 ubi
532 3333 649 3381 Horatius
661 3335 711 3382 vel·

162 3409 209 3467 let,
231 3426 310 3474 neque
335 3412 367 3459 ab
391 3426 420 3460 eo
441 3412 612 3460 discessurum.
642 3413 712 3462 Hace

163 3490 225 3536 ratio
245 3491 336 3552 optime
351 3493 466 3541 convenit
486 3506 544 3539 cum
566 3499 712 3554 argumento

163 3570 278 3617 carminis
303 3577 327 3617 et
348 3570 506 3618 difficultates
527 3572 624 3629 recidit,
649 3586 712 3633 quae

162 3647 188 3694 in
197 3646 366 3710 chronologia
372 3650 535 3712 interpretum
543 3650 710 3699 inveniuntur.

197 3728 313 3790 Septimi,
328 3729 411 3777 Gades
419 3730 521 3777 aditure
531 3745 632 3779 erocum.
642 3731 711 3780 Bene

162 3804 259 3855 Comm.
288 3808 380 3856 “Dicit
398 3808 548 3868 Septimium
571 3810 619 3856 sibi
637 3815 711 3858 terete

161 3887 260 3945 prutina
281 3889 461 3937 recessitediee
481 3889 645 3946 adstrictum,
669 3895 710 3946 ut,

161 3967 185 4012 ei
201 3968 269 4024 uelit,
286 3968 325 4014 uel
341 3969 376 4015 ad
396 3968 500 4015 ulrieree
521 3969 608 4014 ricuardi
623 3974 711 4028 perrea

159 4045 286 4106 preficiat-i
295 4046 400 4108 passast*
417 4045 486 4093 Illud
502 4048 583 4107 pessit
595 4060 643 4094 non
655 4047 710 4094 vul-

161 4130 249 4182 gatum
266 4132 309 4172 cst.
341 4124 454 4188 Propert.
477 4125 497 4173 I.
519 4127 542 4173 6.
565 4127 587 4173 3.
620 4128 710 4175 Tecum

162 4203 288 4262 liiphacee
306 4206 400 4264 possim
426 4207 586 4253 cereeeeudere
609 4211 708 4253 erronice.

161 4279 234 4339 Quod
252 4295 301 4328 non
323 4281 384 4329 bene
401 4282 518 4329 sollicitat
539 4283 709 4331 Burmannus.

752 1510 800 1558 Hic
824 1509 915 1558 similia
939 1510 1067 1572 poetarum
1092 1508 1148 1556 loca
1171 1510 1203 1557 de
1224 1510 1303 1558 slmili

751 1603 858 1652 maguae
875 1588 996 1637 amicitiae
1012 1589 1159 1636 documento
1169 1602 1302 1651 compara-

752 1670 796 1718 vit.
814 1669 914 1718 Addam
920 1674 1018 1716 tantum
1030 1666 1155 1716 Theocriti
1162 1667 1302 1730 Fragmen-

752 1755 820 1796 tum:
838 1750 893 1796 Νῦν
908 1749 955 1811 μὲν
967 1747 998 1806 er)
1009 1744 1071 1812 κήπὶ
1084 1747 1116 1793 τὰ
1127 1745 1223 1809 χρύσεα
1239 1746 1301 1810 μᾶλ’

752 1825 833 1876 ’ἕνεκεν
858 1825 930 1875 σέθεν
951 1825 1039 1887 Βαίην,
1061 1825 1103 1872 καὶ
1124 1825 1238 1890 φύλακον
1259 1843 1302 1874 νε-

752 1906 819 1955 κύων
836 1906 899 1956 uida
915 1904 1052 1970 Κέρβερον,

788 1985 946 2033 Cantabrum
956 1986 1082 2033 audactum
1093 1985 1153 2045 iupa
1159 1982 1235 2045 serre
1245 1998 1302 2031 eos-

753 2070 803 2111 tre.
813 2064 1023 2126 Interpretautur:
1034 2061 1171 2111 “Cantabri
1180 2061 1300 2125 victiqui-

753 2143 820 2203 dem,
845 2144 888 2191 sed
913 2157 963 2190 non
987 2142 1012 2189 in
1034 2142 1081 2189 fide
1105 2143 1302 2204 permanentes.”

753 2223 794 2272 Ita
810 2221 928 2271 nimirum
945 2236 986 2270 eos
996 2221 1153 2283 interpretari
1162 2220 1245 2283 coegit
1253 2236 1302 2269 sua

752 2301 815 2349 ratio
831 2299 1020 2362 chronologica,
1037 2298 1168 2348 referentes
1185 2300 1233 2349 hoc
1248 2316 1302 2350 car·

753 2395 811 2429 men
819 2381 850 2428 ad
859 2394 954 2427 annum
965 2379 1016 2427 fere
1026 2378 1088 2427 XX.
1106 2378 1155 2428 Sed
1165 2379 1301 2442 Augustus

752 2458 802 2506 iam
819 2474 840 2507 a.
857 2459 939 2508 XXV
954 2458 1092 2508 Cantabros
1108 2457 1179 2515 vicit,
1192 2459 1234 2505 cni
1250 2474 1301 2507 non

752 2546 854 2600 gratum
869 2546 944 2596 osset,
962 2538 1102 2588 Cantabros
1123 2538 1164 2585 hic
1180 2538 1302 2600 appellari

751 2621 862 2669 ieaee'etea
887 2621 913 2669 N
915 2635 955 2668 am
972 2619 1019 2666 hoc
1035 2623 1072 2684 est
1088 2619 1199 2666 indoctos
1215 2619 1302 2679 urceum

746 2699 826 2760 serre.
856 2700 974 2748 Indoctus
993 2703 1043 2752 eat,
1064 2696 1146 2744 adhuc
1170 2697 1302 2745 docendus.

752 2780 885 2842 Augustus
902 2784 985 2827 autem
1002 2778 1053 2824 iam
1070 2777 1193 2823 docuerat.
1223 2775 1303 2837 Quid-

753 2860 813 2920 quid
837 2858 997 2915 rebellarent,
1018 2857 1068 2904 iam
1089 2855 1224 2918 aliquando
1240 2855 1302 2903 didi-

752 2945 845 2987 cerant.
881 2938 972 2987 Florus
993 2935 1028 2985 11.
1054 2936 1090 2986 17.
1123 2936 1303 2983 Ferociseieues

751 3025 776 3066 et
794 3021 828 3066 ed
843 3019 871 3066 e'd
887 3023 985 3078 tempus
1000 3017 1092 3064 liberes
1107 3019 1192 3075 centes
1207 3015 1303 3061 sevire

752 3099 896 3146 moererent.
922 3095 982 3144 Val.
1004 3095 1074 3142 Max.
1096 3093 1143 3140 IV.
1167 3093 1189 3139 l.
1223 3093 1300 3139 Mer-

752 3177 836 3232 eellus‚
848 3179 892 3239 que'
899 3178 998 3237 petreius
1009 3179 1033 3222 et
1044 3175 1074 3220 H
1076 3173 1218 3220 curticulam
1227 3173 1302 3227 venei,

752 3261 777 3304 et
796 3258 937 3316 Syracusas
949 3254 1006 3314 cepi
1015 3267 1085 3314 pesse
1096 3252 1187 3300 decuit.
1206 3249 1303 3299 Seneca

753 3334 827 3382 Herc.
846 3333 900 3383 Oet.
917 3333 974 3381 260.
993 3334 1102 3392 Serpens
1118 3332 1209 3392 iffleeru
1225 3332 1302 3379 vitici.

752 3413 811 3461 Vid.
829 3414 950 3463 Arntzen.
969 3413 1000 3460 ad
1020 3410 1156 3460 Aurelium
1172 3408 1302 3457 Victorem

752 3493 783 3540 dc
794 3493 863 3540 Viris
880 3492 1024 3541 Illustribus
1040 3505 1093 3552 cap.
1103 3489 1142 3536 45.
1162 3487 1203 3537 Sic
1212 3488 1302 3538 Graeci

753 3569 896 3628 ἀδίδακτος.
931 3571 1013 3632 Quam
1034 3585 1057 3617 v.
1075 3583 1096 3617 o.
1116 3566 1238 3616 Horatius
1258 3568 1304 3615 ali-

752 3650 809 3698 cubi
817 3651 925 3712 appellat
933 3651 1083 3712 receptiorem
1092 3650 1226 3706 expertem,
1237 3645 1303 3693 hane

752 3729 790 3777 illi
807 3731 895 3794 γάμων
911 3728 1060 3776 edidere-oe:
1079 3725 1129 3773 vid.
1147 3724 1252 3773 Schrad.
1270 3724 1302 3771 ad

752 3810 886 3858 Musaeum
902 3823 958 3870 pag.
979 3807 1033 3854 142.

786 3890 827 3937 su
844 3890 931 3936 eredere
948 3889 1021 3935 lesco.
1055 3885 1125 3932 llaec
1144 3881 1219 3930 etiam
1236 3880 1301 3928 resu-

754 3972 807 4012 tant
823 3966 928 4013 aliorum
947 3962 1148 4024 chronologiam.
1174 3961 1241 4008 Nam
1254 3959 1303 4006 dici

752 4060 800 4093 non
818 4051 952 4107 potuerunt
973 4043 1004 4090 ab
1020 4057 1061 4098 eo,
1082 4040 1125 4104 qui
1145 4040 1194 4088 iam
1213 4054 1302 4088 iterem

752 4127 802 4175 scre
823 4140 900 4173 annos
922 4127 947 4172 in
972 4124 1022 4171 otio
1047 4131 1071 4170 ct
1093 4122 1176 4184 quiete
1192 4118 1302 4166 vixisset.

752 4205 836 4254 Verba
858 4210 916 4251 sunt
938 4203 1043 4250 hominis
1065 4201 1130 4248 haud
1157 4201 1192 4246 ita
1212 4198 1255 4245 diu
1277 4199 1302 4244 in

751 4285 857 4346 patriam
875 4281 976 4330 reducis.
999 4282 1086 4343 Neque
1098 4278 1228 4335 lloratius,
1242 4277 1303 4324 hacc
