2916 5220
560 312 573 337 “
647 321 959 387 CARMINUM

453 510 521 574 Nec
545 509 647 573 sumit
670 520 728 572 aut
750 507 845 592 ponit
869 529 994 572 secures

497 611 644 676 Arbitrio
668 611 835 696 popularis
859 631 963 674 aurae.

408 716 542 798 Virtus,
567 715 736 780 recludens
761 713 934 779 immeritis
958 712 1041 777 mori

408 820 563 902 Ocelum,
588 825 707 904 negata
731 824 838 883 tentat
862 818 923 883 iter
945 818 1018 898 via,

453 923 636 1007 Coetusque
660 922 810 1006 vulgares
835 927 868 986 et
891 921 990 986 udam

500 1025 632 1110 Spernit
654 1025 793 1089 humum
816 1024 965 1109 fugiente
988 1045 1104 1109 penna.

408 1130 471 1193 Est
494 1135 527 1192 et
550 1128 639 1193 fideli
664 1134 737 1192 tuta
760 1127 892 1192 silentio

408 1232 547 1297 Merces:
572 1232 704 1314 vetabe,
730 1230 786 1315 qui
811 1230 934 1295 Cereris
960 1251 1089 1294 sacrum

455 1333 609 1418 Vulgarit
632 1356 783 1415 arcanae,
809 1335 869 1398 suh
892 1333 996 1397 isdem

361 1514 364 1519 f
500 1437 552 1502 Sit
575 1438 721 1503 trabibus
744 1437 936 1522 fragilemvc
959 1457 1088 1500 mecum

410 1540 524 1605 Scluat
547 1541 728 1625 phaselum.
779 1541 881 1624 Saepe
907 1538 1071 1623 Diespiter

408 1643 585 1728 Neglectus
610 1644 734 1709 inceste
758 1643 886 1707 addidit
908 1642 1089 1727 integrum:

457 1747 542 1810 Raro
566 1748 814 1812 antecedentem
838 1747 1012 1812 scelestum

500 1851 654 1916 Deseruit
676 1851 758 1936 pede
783 1851 893 1916 Poena
915 1838 1055 1915 claudes

265 2032 318 2078 Nec
328 2030 405 2077 aurisii
416 2034 462 2076 aet
474 2027 546 2089 poerit
556 2041 663 2075 necarer.
681 2027 712 2075 In
726 2028 778 2091 qui-

230 2109 335 2157 busdum
352 2106 429 2158 MSS.
447 2108 520 2168 penit
535 2111 583 2153 οιιί
603 2108 694 2162 scrisit,
715 2113 780 2155 recte

231 2203 247 2236 a
273 2187 386 2236 Bentleio
419 2186 583 2248 repudiatum.
628 2184 696 2234 Vell.
731 2185 780 2233 Pa»

230 2273 290 2315 tero.
308 2266 344 2315 II.
361 2268 401 2315 33.
438 2267 573 2326 Pompeius
589 2267 616 2313 in
634 2267 781 2326 appetendis

230 2347 363 2394 bonoribus
380 2347 542 2404 irremedicna,
564 2347 591 2393 in
612 2347 727 2407 perendie
743 2360 781 2392 ve-

230 2425 436 2480 recundissimus,
453 2427 511 2486 qai,
526 2426 593 2486 qnod
608 2426 728 2486 cupisset,
740 2438 781 2471 ar·

230 2504 308 2551 bitrio
330 2518 375 2550 ruo
395 2509 518 2561 sterneret,
543 2506 624 2551 alieno
641 2505 781 2565 deperierat.

231 2578 336 2630 Ovidius
358 2581 424 2629 XII.
454 2583 557 2630 Metam.
579 2583 635 2632 557.
679 2583 783 2629 Sumere

230 2675 294 2722 quas
311 2662 397 2719 vellet,
421 2676 559 2723 ruinasque
578 2676 695 2722 reponere
715 2674 780 2708 ιιιοι-

232 2745 280 2787 τοο.
309 2738 406 2786 Aruob.
425 2739 460 2787 11.
477 2755 501 2803 p.
519 2740 559 2786 61.
595 2741 653 2787 Sive
670 2753 725 2786 eum
742 2753 782 2785 ιιι-

231 2819 280 2865 enit
296 2832 384 2872 onera,
399 2819 449 2865 eive
465 2831 521 2866 curn
533 2819 613 2880 ponit.
642 2816 782 2877 Pompeius,

232 2895 300 2957 apud
321 2895 501 2952 Plutarchum,
522 2893 618 2942 dicebat
637 2893 782 2955 aliquando:

232 2973 272 3022 lire
298 2975 387 3021 πᾶσαν
412 2972 495 3037 ἀρχὴν
520 2970 600 3035 λα’βοι
623 2971 745 3036 πρότερον
766 2972 782 3031 ἢ

233 3052 430 3118 προσεδόκησεν,
457 3052 498 3100 καὶ
522 3048 662 3099 κατάθοιτο
683 3050 784 3100 θᾶττον

233 3131 251 3190 ἢ
269 3129 451 3196 προσεδοκήθη.

266 3213 367 3272 ,Νιμοίιι
385 3215 468 3257 tentat
484 3211 534 3258 iter
550 3211 600 3258 vta.
629 3207 783 3259 Claudianus

232 3289 297 3338 Bell.
315 3289 371 3339 Get.
390 3288 430 3336 68.
454 3292 482 3336 ia
501 3295 575 3336 astru
594 3294 698 3351 reputas
718 3292 781 3338 Ten·

234 3374 325 3415 rerunt
347 3369 445 3416 euenire
466 3369 528 3416 cine.
556 3368 588 3416 In
605 3367 700 3416 Philos.
717 3369 782 3416 Mer.

232 3445 373 3494 Hildeberti
398 3461 423 3508 p.
441 3446 497 3496 975.
515 3445 575 3494 haec
595 3447 631 3494 ita
650 3447 781 3509 leguntur:

238 3524 327 3571 Virtus
348 3525 477 3572 recludens
498 3528 526 3573 ιἰι
545 3527 642 3574 meritis
659 3541 717 3573 riter
733 3541 783 3574 coe-

233 3603 287 3649 lam
312 3607 404 3664 rrepata
426 3608 509 3650 tentat
529 3605 784 3666 haemoniusque

233 3682 348 3742 οιιὶμιινιι
367 3685 393 3728 et
416 3682 493 3729 udam
508 3683 607 3743 spernit
623 3683 726 3729 hararum
735 3681 783 3744 su·

232 3761 315 3821 utente
328 3773 420 3820 perena.

268 3840 319 3886 Est
344 3843 368 3887 et
386 3838 462 3900 fideli
488 3842 545 3885 tutu
566 3839 664 3886 silentio
682 3854 781 3888 οιονοοι.

235 3917 298 3965 Pars
315 3916 430 3965 carminis
448 3931 526 3973 nona,
547 3916 638 3965 habens
658 3923 711 3966 octe
728 3933 781 3966 ver-

234 4011 283 4044 sus.
327 3996 472 4046 Sententia:
500 3996 640 4060 “Mysteria
663 3997 782 4059 praebent

233 4090 301 4137 spem
318 4076 438 4139 optimam
457 4075 530 4124 huius
548 4084 571 4125 ct
583 4076 681 4126 futurae
692 4077 781 4125 vitac.”

824 2028 1065 2083 mandentium,
1083 2033 1110 2074 ut
1127 2026 1288 2075 initiatorum.
1319 2025 1373 2087 Ap-

820 2108 919 2171 puleius
944 2107 994 2155 111.
1029 2106 1131 2154 Metam.
1157 2122 1180 2168 p.
1207 2108 1247 2154 53.
1284 2108 1374 2154 Sacris

819 2190 937 2249 pilaribus
961 2188 1093 2242 initiatus,
1115 2189 1182 2234 nerii
1202 2191 1320 2234 cunctam
1341 2189 1373 2232 ri-

822 2266 894 2312 leutii
904 2265 994 2326 fidem:
1012 2265 1070 2312 vide
1081 2265 1223 2313 Pricaeum.
1249 2264 1374 2312 Pratum

822 2357 869 2404 ege
900 2343 974 2390 etiam
1004 2344 1030 2390 iu
1060 2343 1136 2392 MSS.
1163 2343 1247 2391 inveni
1273 2348 1372 2391 οιωιοϊω.

822 2421 921 2469 Nedell.
948 2420 1050 2470 Observ.
1077 2422 1139 2471 Crit.
1165 2435 1218 2484 cap.
1236 2423 1260 2470 4.
1277 2422 1375 2469 coniicit

823 2503 913 2549 ιιιιιίἰο.
946 2501 990 2548 Nil
1011 2501 1168 2548 mutandum.
1203 2501 1259 2548 lam
1277 2500 1307 2548 P.
1326 2501 1375 2549 Pe·

823 2580 883 2627 titus
900 2578 1003 2629 Observ.
1021 2580 1070 2628 III.
1088 2579 1129 2627 26.
1146 2580 1302 2641 comparavit
1314 2581 1375 2628 Ari-

824 2659 925 2715 stidem,
941 2659 985 2722 qui
1003 2658 1029 2707 iu
1046 2657 1116 2708 Orat.
1130 2658 1165 2706 Π.
1178 2659 1251 2706 dixit:
1270 2662 1376 2718 Σιωπῆς

825 2735 961 2786 ἀκίνδυνον
982 2736 1071 2802 γέρας,
1097 2737 1131 2794 ὥς
1159 2755 1196 2794 τις
1218 2741 1270 2785 τῶν
1291 2738 1376 2786 Κείων

824 2816 869 2879 ἔφη
889 2816 1003 2876 ποιητής,
1038 2817 1119 2878 Quem
1140 2818 1238 2878 petitam
1257 2831 1311 2865 esse
1331 2832 1375 2865 no·

824 2895 907 2943 vimus
919 2894 1080 2943 Simonidem.
1101 2894 1222 2956 Bacchyl.
1236 2895 1302 2957 apud
1311 2895 1375 2944 Plu·

824 2975 939 3022 tarchum
960 2975 978 3022 l.
994 2974 1012 3022 l.
1038 2974 1155 3039 φάσωμεν
1180 2975 1275 3023 πιστὸν
1299 2974 1376 3032 κῦδος

824 3053 891 3116 ἔχειν
904 3053 1013 3117 ἀρετὰν,
1032 3054 1152 3110 Πλοῦτος
1164 3069 1190 3100 τε
1201 3053 1243 3101 καὶ
1255 3051 1377 3102 δειλοῖσιν

825 3132 970 3196 ἀνθρώπων
987 3133 1075 3197 ὁμιλεῖ.
1109 3132 1176 3180 Novi
1191 3138 1216 3181 et
1233 3132 1308 3181 illud:
1326 3132 1376 3197 νέῳ

825 3210 874 3275 γάρ
891 3211 944 3260 ἐστι
961 3211 1055 3275 κόσμος
1072 3209 1190 3274 ἀσφαλὴς
1207 3209 1273 3273 σιγὴ.
1296 3210 1377 3260 Cuius

825 3289 869 3349 sit,
894 3289 987 3348 nescio,
1012 3303 1058 3336 nee
1078 3289 1226 3337 meminerat
1242 3288 1375 3352 Wyttenb.

826 3370 857 3417 ad
878 3366 1009 3417 Plutarchi
1030 3366 1121 3416 Moral.
1141 3367 1172 3416 Τ.
1189 3367 1211 3416 Ι.
1238 3368 1375 3417 Animadv.

825 3465 849 3511 p.
866 3447 923 3496 328.
957 3446 1033 3495 Addo
1058 3445 1134 3495 Prov.
1161 3445 1303 3496 Salomonis
1324 3446 1375 3494 XI.

824 3527 865 3576 21.
891 3526 904 3574 d
932 3527 1042 3590 σπείρων
1067 3525 1232 3586 δικαιοσύνην
1265 3524 1375 3589 λήψεται

823 3607 917 3671 μισθὸν
933 3606 1031 3654 πιστόν.

859 3687 912 3735 Sub
929 3684 1007 3733 isdem
1033 3683 1075 3733 stt
1089 3686 1211 3733 trahebas
1239 3683 1374 3734 Graecum.

824 3764 958 3813 Platoni.
972 3765 1033 3827 Rep.
1042 3779 1066 3826 p.
1077 3764 1133 3814 417.
1155 3761 1223 3812 Ὑπὸ
1236 3764 1282 3813 τὸν
1295 3764 1376 3813 αὑτὸν

824 3843 919 3907 ὄροφον
931 3841 1002 3892 ι’ἑνοι.
1029 3841 1104 3891 Unde
1120 3841 1261 3906 ὁμωρόφιος
1276 3849 1302 3890 et
1317 3842 1376 3906 ὁμό-

824 3938 919 3984 τοιχος.
941 3921 1008 3968 Vide
1021 3919 1114 3983 Spsnh.
1129 3920 1160 3967 ud
1169 3918 1269 3969 Gallim.
1278 3921 1375 3983 Hymn.

823 3998 882 4048 Cer.
891 4001 943 4048 118.
962 3999 1086 4063 Δάματερ,
1095 4000 1130 4062 μὴ
1142 4003 1218 4059 τῆνος
1229 3999 1285 4063 ἐμὶν
1294 4000 1376 4063 φίλος,

823 4076 852 4135 ὅς
868 4097 906 4127 τοι
922 4077 1047 4142 ἀπεχθὴς,
1065 4078 1109 4137 Eia
1133 4076 1188 4142 μηδ’
1211 4077 1353 4141 ὁμότοιχος.

724 4245 885 4266 *Q*—
