2916 5220
715 295 754 302 -
1252 282 1299 321 XV

162 445 292 518 primere
330 448 463 517 possent.
506 439 587 497 Hinc
617 440 734 514 glossae
761 458 927 514 provenere
958 441 1109 498 metricae.
1152 442 1298 500 Horatius

161 561 191 597 v.
214 539 240 596 c.
263 540 396 596 dixerat:
425 535 486 594 Nil
510 534 636 593 mortale
664 535 786 612 loquer:
814 537 870 593 hoc
900 555 990 594 versu
1021 539 1299 613 interpretabantur

162 636 224 696 Nil
244 653 377 713 paruum
402 641 455 690 aut
482 630 589 689 tamttt
614 629 708 688 modo.
751 630 913 689 Diomedes
939 633 982 689 II.
1005 652 1034 708 p.
1059 635 1126 691 101.
1148 634 1191 691 ita
1211 634 1299 691 docet

162 732 236 806 quid
258 731 297 787 sit
321 728 492 786 enarratio:
528 723 728 785 Obscurorurn
758 744 891 785 11111111
922 729 1179 807 quaestionumque
1197 728 1299 806 empla-

161 827 247 885 natio
267 823 313 882 vel
332 821 503 900 requisitu,
530 838 587 896 per
614 838 704 898 quarn
729 821 954 900 uniuscuiusque
974 822 1019 880 rei
1039 822 1212 901 qualitatem
1229 827 1298 902 poi·

162 920 231 977 ticin
261 916 394 996 qlouulis
428 915 611 973 exsolvimus.
669 914 879 974 Obiioiebatur
914 917 1026 974 dictum
1061 927 1114 976 aut
1148 920 1299 977 sententia

161 1024 288 1090 propter
312 1020 432 1069 acutam
458 1010 638 1067 brevitatem
664 1011 834 1082 obscurior,
861 1012 1094 1086 amplificabant.
1141 1014 1238 1087 quue
1266 1015 1295 1070 in

163 1108 373 1184 Geographia,
396 1106 546 1176 Historia,
569 1114 600 1162 et
620 1106 782 1181 praecipue
804 1107 835 1163 in
850 1107 1039 1183 Mythologia
1054 1110 1146 1166 fiebat
1160 1109 1298 1183 frequen·

161 1208 286 1264 tissime.
328 1203 394 1260 Has
422 1202 528 1259 laudes
553 1201 597 1257 ita
625 1201 776 1276 expressit
800 1201 955 1259 Ausonius
981 1204 1012 1259 in
1034 1203 1118 1260 Prof.
1140 1204 1296 1279 Burdigal.

161 1301 261 1360 Ambo
282 1299 362 1377 loqui
373 1295 499 1376 focius,
520 1296 605 1354 ambo
625 1297 725 1354 1111111
747 1297 885 1354 carmina
899 1295 992 1370 alecti,
1016 1297 1162 1358 Callentes
1175 1300 1297 1378 mytlatln

156 1397 311 1474 plasmata
331 1401 360 1450 et
380 1392 548 1451 historiam.

203 1491 241 1547 Iu
266 1489 332 1563 ipsa
352 1487 474 1544 Horatii
499 1486 682 1556 imitatione,
709 1487 856 1544 iubebant
882 1489 1009 1544 eandem
1030 1490 1209 1546 sententiam
1230 1491 1297 1547 aliis

162 1586 264 1643 verbis
286 1583 392 1641 eodem
413 1590 508 1639 metro
524 1583 639 1652 dicere,
661 1582 760 1638 locum
776 1600 962 1639 communem
976 1602 1017 1640 ex
1031 1585 1223 1660 philosophia
1238 1587 1297 1643 ela·

161 1685 288 1751 horare,
315 1680 450 1736 diceutes
471 1675 506 1734 cle
528 1678 743 1753 teruperantiu,
769 1685 874 1735 eontra
895 1679 1076 1752 1111111111,
1101 1680 1147 1737 rei
1167 1681 1295 1738 alicuius

161 1778 323 1851 imaginem
349 1774 528 1848 depingere,
556 1773 726 1830 describere
753 1791 899 1848 pugnam,
926 1776 1039 1850 tingere
1061 1778 1243 1848 orationem,
1266 1786 1297 1834 et

161 1874 271 1933 similia
292 1877 469 1946 argumenta
491 1888 530 1926 ex
550 1869 638 1943 ipsis,
665 1887 742 1941 quae
765 1870 958 1944 legebantur,
981 1872 1163 1929 carminibus
1184 1872 1295 1947 petita,

161 1988 241 2044 quae
259 1969 334 2024 adeo
356 1965 463 2022 iisdem
485 1964 668 2020 carminibus
690 1972 760 2037 apte
782 1963 917 2021 inferciri
937 1973 1086 2039 poteraut.
1128 1966 1211 2024 Nota
1227 1976 1297 2024 sunt

160 2067 193 2121 in
215 2064 263 2120 his
285 2059 552 2135 exercitationibus
574 2059 722 2115 vocabula
739 2055 899 2132 Themista,
921 2057 1075 2132 dictiones,
1098 2059 1167 2133 loci,
1187 2061 1297 2120 ollocu

161 2160 269 2230 tiones,
292 2164 323 2213 et
344 2155 483 2230 exempla
504 2154 702 2210 inveniuntur
720 2154 753 2210 in
770 2153 895 2210 Anthol.
912 2154 1016 2212 Burm.
1034 2156 1071 2212 T.
1086 2157 1113 2213 Ι.
1140 2175 1208 2232 pag.
1227 2158 1294 2215 145.

160 2255 214 2312 ubi
236 2273 264 2310 v.
286 2250 454 2309 Burmanni
476 2249 714 2319 annotationem,
745 2257 776 2304 et
803 2248 910 2306 Heius.
940 2251 979 2308 ad
1007 2249 1168 2309 Claudiani
1188 2254 1295 2328 Epigr.

160 2347 317 2408 XXXVI.
364 2343 524 2405 Orationes
550 2345 642 2400 etiam
660 2343 748 2402 uerba
771 2346 962 2416 dicebantur,
986 2348 1127 2404 etsicuti
1147 2348 1296 2405 Rhetores

160 2453 371 2520 argumentum
392 2440 631 2497 Declamationis
657 2440 715 2496 hac
736 2459 764 2496 v.
784 2458 810 2497 c.
832 2440 960 2497 formula
978 2444 1188 2516 proponebant
1208 2449 1295 2509 Τίνας

160 2540 199 2598 ἂν
222 2542 326 2613 λόγους
352 2537 425 2594 alra
449 2536 614 2614 Ἀχιλλεύς,
648 2547 678 2592 11
704 2536 860 2593 Hannibal
886 2537 989 2610 pueris
1017 2545 1083 2593 erat
1104 2535 1294 2610 declamatio,

160 2646 195 2693 ut
218 2634 290 2691 dicit
310 2632 480 2702 Iuvenalis,
502 2631 583 2686 idem
604 2631 759 2688 faciebant
779 2637 898 2707 poetae.
941 2632 978 2688 In
993 2631 1179 2707 Anthologia
1193 2633 1296 2707 legun-

160 2741 212 2788 tur
237 2729 328 2787 11111
350 2725 480 2784 Achillis
505 2726 537 2782 in
567 2723 780 2797 Parthenone,
807 2726 877 2784 11111
899 2726 998 2785 tabern
1022 2725 1297 2787 [1111111111άὶ1-

159 2836 202 2885 set
225 2825 245 2882 ¹.
288 2824 369 2880 Hinc
390 2823 422 2878 in
439 2820 630 2880 Carminibus
645 2823 735 2879 toties
748 2823 829 2879 idem
844 2832 1066 2896 argumentum,
1090 2824 1211 2881 easdem
1225 2825 1295 2883 ima

159 2922 260 2996 gines,
284 2926 314 2974 et
336 2917 513 2987 sententias,
541 2916 642 2973 verbis
669 2917 804 2991 paullum
825 2917 962 2988 mutatis,
984 2918 1161 2976 invenimus.
1205 2919 1294 2994 Quod

159 3017 268 3073 merito
289 3011 485 3087 reprehendit
507 3011 652 3085 Scaliger.

201 3110 359 3167 Interdum
385 3124 463 3162 nova
490 3107 642 3162 dabantur
668 3113 860 3179 argumenta:
890 3125 919 3162 v.
946 3124 971 3162 c.
1000 3105 1156 3166 Horatius
1175 3108 1295 3168 Maece-

159 3215 259 3264 natem
281 3202 322 3261 acl
343 3220 461 3259 coenum
479 3201 605 3258 invitat:
629 3198 785 3258 Horatius
801 3219 830 3258 se
847 3199 1031 3258 commendat
1051 3200 1241 3260 Maecenati:
1264 3214 1295 3262 et

160 3321 228 3358 cum
251 3306 426 3373 argumento
449 3296 536 3352 simul
557 3297 646 3352 metri
666 3314 761 3369 genus
784 3297 988 3354 constitutum.
1010 3295 1061 3352 Ad
1077 3297 1131 3353 has
1149 3299 1295 3356 exercita-

159 3397 259 3452 tiones
285 3392 448 3466 discipulos
474 3392 564 3448 laude
592 3399 623 3447 et
648 3392 789 3466 praemiis
814 3392 995 3449 incitabant:
1025 3392 1078 3447 scd
1105 3393 1201 3449 maius
1228 3405 1294 3451 erat

160 3491 316 3567 publicum
336 3488 573 3544 incitamentum.
616 3487 710 3558 Nam,
733 3487 785 3560 qui
806 3487 837 3543 iu
860 3487 1023 3544 certamine
1040 3484 1211 3561 Capitolino
1232 3507 1294 3546 car-

193 3707 200 3737 ¹
220 3706 325 3767 Quintil.
342 3705 432 3753 ¹Instit.
457 3705 501 3760 11,
517 3706 541 3753 8.
586 3703 678 3751 Priami
697 3704 767 3752 rerla
785 3705 852 3767 apud
867 3703 940 3752 Achil
987 3739 994 3753 .
1021 3705 1056 3754 Et
1076 3704 1197 3755 Rhetores
1221 3719 1293 3768 saepo

159 3786 233 3834 iidem
251 3792 322 3833 erant
338 3786 437 3847 po‘e'tae,
454 3784 626 3847 habebantque
643 3784 841 3834 declamationes.
873 3785 911 3834 M.
928 3783 1021 3835 Caesar
1035 3785 1157 3835 Frontoni
1173 3784 1292 3847 magistro

159 3881 204 3914 suo
220 3864 342 3914 scribebat
367 3863 413 3926 (ed.
440 3864 501 3912 Maii
527 3879 585 3927 pag.
602 3865 644 3927 51)
672 3864 740 3911 mitte
764 3862 824 3911 11111
841 3862 949 3926 aliquid,
971 3865 1035 3926 quod
1050 3863 1093 3911 tibi
1109 3862 1291 3911 disertissimum

158 3944 284 4002 videatur,
302 3942 366 4005 quod
381 3944 470 4004 leqan,
487 3943 526 3990 uel
543 3947 624 4001 tuum,
650 3945 687 3992 111
706 3942 817 4005 Catonis,
833 3944 870 3990 vel
890 3942 1024 4004 Ciceronis,
1040 3946 1085 3990 aut
1103 3941 1230 4000 Sallustii,
1248 3947 1292 3990 ant

161 4022 279 4079 Gracchi,
306 4026 349 4068 uut
369 4021 457 4084 pallae
481 4021 595 4070 alicuius.
630 4021 720 4088 pr'Zu
737 4024 788 4088 γὰρ
806 4021 975 4083 ἁναπαύλης,
993 4021 1136 4068 1111111111
1152 4021 1292 4084 kocqenus.

157 4103 242 4151 Etiam
260 4102 281 4149 11
297 4117 345 4164 qua
361 4101 470 4148 Lucretii
486 4108 529 4150 111
547 4103 622 4150 Ennii
642 4108 755 4167 11111111
773 4103 852 4151 luber.
877 4102 1052 4165 Excerpebaut
1068 4107 1092 4150 et
1108 4102 1154 4166 ipsi
1171 4103 1291 4167 discipuli.

157 4181 315 4244 Excerpendi
332 4181 482 4230 consuetudo
498 4181 549 4231 late
565 4183 672 4246 patebat.
705 4183 748 4232 Ex
764 4183 793 4231 iis
810 4183 935 4232 interdum
951 4182 1125 4231 conficiebatur
1143 4196 1231 4246 corpus
1248 4185 1291 4232 eli-

156 4262 224 4325 quod
248 4267 434 4324 praeceptorum
459 4262 607 4321 moralium,
632 4278 695 4325 qrrae
720 4262 782 4311 falso
806 4264 905 4312 nomine
929 4263 1105 4312 vendebantur.
1148 4263 1214 4311 Hinc
1238 4270 1292 4311 orta

157 4342 272 4390 Disticha
287 4341 402 4405 Dionysii
419 4341 527 4392 Catonis.
