2916 5220
593 294 771 358 LlBllR
818 296 881 358 lll.

346 479 444 567 Dona
460 483 645 564 praesentis
667 501 747 564 cape
770 479 1003 563 tartesiorum,
1027 492 1056 546 et

436 582 559 666 Linque
580 603 697 647 seuera.

164 731 279 781 Curtium
301 733 332 780 ad
353 732 431 781 Plinii
454 734 533 796 Epist.
552 735 587 783 II.
609 735 628 780 l.
665 732 714 782 Sed
756 732 896 794 similibus,
922 741 951 783 ut
976 735 1076 798 vigebat
1102 738 1214 800 tyrannis
1240 738 1303 788 Per·

162 824 194 858 ea
216 810 282 858 vocis
303 811 463 873 significatio,
485 813 573 862 deinde
593 827 638 875 per
654 812 713 858 adu·
755 813 819 870 alea,
847 812 884 862 ita
908 820 934 864 et
958 815 1082 864 erescebat
1107 817 1240 865 verborum
1263 817 1304 864 ho-

163 889 283 938 lationem
307 889 420 947 invecta,
446 891 551 939 Horatia
575 897 629 940 erat
649 891 714 939 ineo·
755 906 807 939 nos.
834 890 939 942 Constat
956 894 1023 956 apud
1040 894 1131 944 Persas
1148 910 1246 958 quoque
1263 911 1304 958 ap-

163 969 240 1030 gnita.
274 968 428 1030 Exemplum
449 982 481 1017 ex
498 974 579 1016 aetate
596 969 716 1031 Augusta
755 969 843 1032 pellari
868 985 953 1019 omnes
979 971 1085 1030 δούλους
1104 979 1200 1036 praeter
1225 989 1304 1023 ununr

163 1060 214 1093 non
231 1047 359 1108 reperitur.
393 1046 481 1110 Neque
498 1047 646 1109 Augustus,
664 1062 715 1109 qua
755 1047 865 1110 Regem.

162 1130 218 1173 erat
234 1124 376 1186 prudentia,
394 1125 445 1173 tale
456 1124 582 1174 servitutis
595 1125 713 1174 indicium
791 1129 868 1192 Cape.
903 1128 935 1177 In
956 1129 1031 1178 Voss.
1052 1145 1135 1192 spera.
1168 1133 1231 1181 Alia
1253 1147 1303 1183 ma·

163 1202 271 1252 tulisset.
305 1202 358 1252 Sub
378 1203 492 1265 Nerone,
521 1204 664 1253 Domitiano
689 1212 714 1254 et
755 1219 803 1254 nus
820 1205 994 1270 superscripsit
1009 1223 1076 1273 cape.

652 1375 815 1398 4,-

562 1527 810 1594 ΟΑΒΜΕΝ
855 1530 914 1594 ΙΧ.

341 1683 462 1761 Donec
484 1701 598 1781 gratus
622 1719 710 1761 eram
735 1697 813 1781 tibi,

388 1799 456 1865 Nee
480 1800 654 1886 quisquam
676 1801 785 1885 potior
807 1801 940 1867 brachia
963 1802 1120 1867 candidae

342 1901 468 1970 Cerviei
491 1903 619 1969 iuvenis
644 1904 762 1987 dabat,

386 2006 559 2071 Persarum
583 2006 676 2091 vigui
698 2028 773 2092 rege
796 2007 930 2073 beatior.

339 2219 450 2284 Danaa
473 2239 540 2282 non
564 2218 630 2283 alia
652 2219 759 2304 magis

383 2320 523 2402 Arsisti,
548 2342 653 2405 neque
677 2326 746 2387 erat
769 2321 875 2405 Lydia
897 2327 974 2408 post
998 2323 1142 2404 Chloen,

339 2422 438 2487 Multi
462 2423 567 2507 Lydia
588 2424 732 2489 nominis

387 2529 536 2593 Romana
558 2528 651 2614 vigui
675 2528 791 2594 clarior
814 2527 885 2593 Ilia.

341 2739 395 2804 Me
418 2761 506 2804 nunc
528 2739 666 2803 Thressa
690 2737 791 2804 Chloe
814 2738 918 2824 regit,

385 2843 506 2907 Dulees
531 2842 627 2907 dueta
650 2842 764 2907 modos
788 2847 822 2908 et
845 2842 987 2908 citharae
1011 2842 1134 2907 sciens:

340 2946 404 3010 Pro
428 2967 492 3030 qua
515 2966 581 3009 non
604 2950 751 3010 metuam
774 2945 877 3029 mori,

386 3047 421 3114 si
444 3052 580 3133 parcent
603 3047 732 3113 animae
755 3048 825 3113 fata
848 3049 1026 3134 superstiti.

339 3259 393 3324 Me
416 3262 517 3322 torret
539 3257 610 3322 face
633 3263 749 3322 mutua

383 3360 519 3425 Thurini
543 3359 652 3425 Oalais
675 3360 764 3425 filius
789 3359 926 3444 Ornyti,

340 3464 404 3528 Pro
428 3485 492 3550 quo
514 3462 565 3529 bia
589 3463 697 3549 patiar
719 3462 818 3546 mori,

387 3569 422 3635 si
444 3573 579 3654 parcent
601 3590 701 3654 puero
725 3569 795 3634 fata
818 3567 997 3655 superstiti.

323 3760 476 3812 CARMEN
493 3762 542 3811 m
783 3731 903 3784 Marsuae
911 3733 1186 3797 ThressaCblo'e'reqit.
1204 3733 1295 3782 Iucun-

747 3812 800 3861 dior
818 3826 893 3861 sonus
909 3818 985 3869 esset,
1003 3812 1024 3861 si
1036 3811 1174 3874 legeremus
1186 3814 1296 3862 Thressa

193 3857 299 3943 Daue
315 3907 365 3942 aaa
381 3893 435 3941 alta
450 3893 538 3954 mapis.
571 3891 628 3942 ΜΒ.
646 3892 706 3941 Fra·
746 3893 811 3953 repit
835 3890 920 3939 Chloi.
953 3890 990 3939 Ut
1016 3904 1092 3938 mox:
1116 3892 1203 3952 prisca
1227 3893 1295 3939 redit

159 3972 217 4022 nek.
233 3976 259 4019 et
275 3971 389 4020 Leidens.
404 3971 489 4019 aliam.
515 3970 631 4019 Plurima
648 3985 707 4020 vero
751 3972 841 4018 Venus.
876 3969 950 4030 Quod
971 3968 997 4015 in
1014 3967 1091 4018 MSS.
1109 3968 1201 4031 legitur
1218 3970 1294 4030 ηὀοο,

159 4052 222 4099 alia.
239 4048 625 4099 Praeserendumiudicoala'am.
648 4048 707 4100 Ma·
747 4053 784 4096 est
812 4052 884 4095 notus
915 4061 984 4096 error
1012 4045 1187 4105 librariorum,
1211 4045 1294 4095 literas

157 4130 198 4190 pia
222 4127 273 4176 aaa
300 4130 407 4191 metati,
433 4130 542 4192 primum
566 4128 707 4192 legentibus
747 4126 968 4188 transponentium.

158 4207 234 4256 habet
250 4207 449 4271 ambiguitatem,
468 4209 581 4272 quamvis
598 4222 648 4257 non
664 4209 707 4257 ha·
782 4206 885 4267 Ornyti.
924 4204 966 4253 Ita
989 4204 1072 4253 Bentl.
1098 4217 1144 4265 pro
1173 4205 1294 4266 Oraptbt.

159 4287 217 4336 beat
234 4287 381 4338 sententiam
398 4287 453 4337 loco
471 4287 662 4338 convenientem.
747 4284 868 4335 Gaussam
889 4282 1033 4332 mutationis
1054 4288 1079 4332 et
1099 4281 1215 4346 exempla
1230 4289 1294 4331 attu-
