2916 5220
235 323 299 385 278
637 321 957 385 CARMINUM

368 506 421 570 Me
446 528 504 570 nec
528 505 652 571 femina
675 528 734 571 nec
758 528 839 591 puer

411 609 504 691 Iam,
528 631 588 674 nec
612 631 686 696 spes
710 609 814 675 enimi
838 609 971 675 credule
994 608 1123 691 mutui,

366 711 434 776 Neo
458 720 579 778 certare
603 713 696 778 iuvat
719 735 827 795 mero,

411 814 479 881 Nec
502 814 626 881 vincire
649 816 743 882 novis
768 813 1085 902 temperatioribus.

367 917 431 984 Sed
454 940 527 1001 our,
551 919 633 1002 heu,
658 919 834 1005 Ligurine,
858 941 916 985 cur

409 1020 525 1087 Manet
547 1044 619 1088 rara
641 1044 732 1088 meas
756 1023 902 1108 lacrymo
923 1044 982 1109 per
1005 1023 1132 1107 genes?

368 1123 434 1190 Cur
457 1124 599 1190 facunde
620 1147 738 1211 parum
763 1126 879 1191 decoro

412 1228 504 1294 Inter
526 1229 624 1294 verbs
647 1229 736 1295 eadit
759 1229 875 1316 lingue
899 1228 1055 1295 silentio?

367 1331 545 1399 Nocturnis
570 1355 630 1419 ego
655 1332 793 1399 somniis

411 1435 482 1500 Iam
506 1441 641 1521 ceptum
664 1442 776 1519 teneo,
799 1436 868 1503 iem
891 1437 1056 1503 volucrem
1081 1454 1200 1520 sequor

368 1536 410 1602 Te
432 1560 491 1623 per
512 1539 664 1623 gramina
687 1539 801 1605 Martii

414 1639 548 1727 Campi,
573 1648 606 1708 te
629 1663 688 1727 per
711 1664 831 1731 eques,
855 1642 950 1725 dure,
973 1639 1145 1707 volubiles.

233 1809 273 1857 29.
292 1807 449 1872 Oudendorp.
459 1810 491 1857 ed
505 1809 607 1860 Sueten.
624 1812 650 1858 in
662 1810 745 1861 Galba
757 1813 780 1861 l.
855 1787 996 1861 Nocturnis
1017 1823 1060 1872 eoo
1087 1807 1199 1857 somnis.
1235 1804 1377 1857 Comment.

233 1888 412 1950 interpretetur
432 1888 561 1951 “Singulis
582 1889 669 1938 diebus
686 1899 711 1939 et
727 1905 781 1953 per·
821 1889 884 1953 legit
900 1895 925 1939 te
939 1904 980 1952 epo
992 1887 1102 1938 reseniis.
1118 1885 1174 1936 Hoc
1191 1882 1256 1935 mihi
1266 1898 1321 1935 non
1332 1884 1378 1933 slis·

233 1970 309 2027 Ρθῐῠθ
327 1965 388 2015 bis·''
821 1969 904 2032 plicet.
929 1967 978 2016 Vrs
994 1974 1032 2016 est
1048 1966 1074 2015 iu
1092 1971 1155 2016 tete
1170 1962 1287 2027 repetito.

729 2114 884 2141 ⁴0⁶—-

638 2254 887 2319 OARMEN
934 2255 978 2319 ΙΙ.

412 2417 600 2497 Pindarum
625 2432 773 2517 quisquis
797 2432 909 2497 studet
931 2431 1108 2513 aemulari,

414 2534 502 2616 Iule,
527 2534 644 2600 ceretis
668 2555 729 2619 ope
757 2533 922 2598 Daedalea

405 2704 558 2754 CARMEN
583 2705 618 2753 Π
823 2674 1375 2739 ΐᾶὸῆθηδ.ΝθΠ1ΡθὶΜθΜῑίῙαωθΙὶῐθθῖΜῗίῘ,

822 2755 865 2804 sed
880 2768 952 2813 voce,
973 2769 1022 2805 usu
1043 2769 1093 2805 non
1113 2761 1224 2819 recepte,
1246 2753 1374 2804 abstinuit.

267 2800 430 2882 Pindarum
454 2835 566 2896 quisquis
590 2836 675 2883 studet
697 2849 780 2882 uernu-
822 2834 857 2885 Et
872 2833 993 2883 Horatius
1010 2835 1122 2892 imitari,
1138 2835 1207 2898 sequi
1223 2834 1306 2898 potuit
1314 2833 1375 2885 Pin·

236 2914 294 2961 lari.
327 2911 385 2960 Non
402 2917 467 2960 recte
488 2911 545 2960 hinc
566 2911 681 2960 nonnulli
697 2910 781 2960 effece·
823 2914 924 2972 darum,
946 2919 976 2962 ut
998 2920 1096 2965 secutus
1119 2920 1168 2972 est,
1189 2914 1306 2978 quemvis
1328 2914 1375 2976 ipsi

236 2995 297 3039 runt
304 2989 583 3040 HoratiumePindaro
594 2990 715 3040 imitando
729 2991 783 3040 ebs-
822 2993 948 3043 videretur
968 3006 1057 3042 revere
1076 3007 1127 3042 non
1150 2994 1293 3043 imitabilis,
1320 2993 1375 3043 Me-

235 3069 348 3119 tinuisse.
380 3069 541 3120 Refelluntur
557 3071 606 3119 iem
626 3085 677 3120 non
697 3071 783 3134 prucis
822 3073 890 3122 crob.
900 3073 935 3122 V.
947 3071 1077 3123 Saturnal.
1091 3073 1129 3124 17.
1148 3074 1293 3133 Pindarus,
1302 3089 1375 3137 quem

236 3149 380 3198 imitationis
409 3150 543 3214 exemplis,
568 3166 632 3214 quse
657 3152 783 3213 novimum
825 3154 936 3203 Flaccus
946 3153 1086 3201 imitationi
1097 3153 1251 3202 inaccessum
1260 3152 1375 3216 fatetur.

235 3236 261 3278 et
276 3229 369 3293 magis,
386 3231 470 3288 eredo,
486 3230 666 3289 refellerentur,
683 3232 703 3280 si
719 3231 782 3282 inte·
823 3232 873 3282 Ubi
888 3231 971 3295 potius
992 3231 1129 3295 legendum
1146 3230 1247 3281 videtur
1264 3232 1376 3281 aemulu-

236 3323 282 3372 gra
298 3310 447 3360 haberemus
463 3311 568 3360 Pindari
588 3309 706 3360 carmine.
731 3311 782 3361 Ne·
824 3311 895 3359 ttoni.
916 3309 999 3372 Quem
1016 3312 1209 3360 aemulationem
1225 3311 1302 3359 etiem
1314 3310 1375 3360 Vir-

192 3385 195 3388 ’
236 3403 284 3450 que
306 3391 448 3454 cogitarunt
468 3390 600 3439 discrimen
617 3390 682 3438 inter
701 3406 783 3439 aemu—
823 3387 882 3450 gilio
898 3387 1022 3439 infelicem
1039 3389 1139 3439 cessisse
1150 3388 1278 3437 iudicabat
1293 3388 1376 3439 Fero·

236 3469 355 3517 tationem
371 3476 397 3518 et
413 3471 587 3518 irritationem.
611 3469 667 3518 Hoc
683 3469 782 3532 quidem
823 3467 892 3515 rinus
917 3469 983 3530 apud
1004 3468 1039 3518 A.
1061 3467 1175 3518 Gellium
1191 3465 1283 3518 XVII.
1300 3466 1379 3518 Noct,

237 3553 274 3594 cst
290 3547 458 3604 notissimum,
479 3546 550 3595 lubet
566 3547 627 3596 mihi
644 3553 728 3597 temen
740 3563 783 3598 ex·
823 3544 901 3595 Attio.
921 3548 959 3596 10.

236 3624 348 3688 emplum
365 3625 443 3675 Plinii
459 3625 546 3674 afferre
565 3641 597 3675 ex
617 3627 680 3677 VII.
702 3628 782 3691 Epist.
857 3626 927 3682 Iule,
947 3627 1040 3675 ceretis
1064 3641 1109 3688 cpe
1128 3623 1269 3675 Daedalea.
1302 3624 1377 3675 Iulus

236 3704 276 3752 30.
305 3706 413 3754 Libellos
429 3719 494 3754 meos
510 3706 540 3753 oie
556 3707 650 3754 uitione
668 3707 785 3756 Helvidii
823 3703 878 3760 ille,
895 3703 938 3766 qui
954 3718 989 3752 vs.
1007 3705 1048 3753 26.
1075 3703 1204 3753 Antonius
1220 3701 1376 3774 appellatur,

237 3786 346 3834 crationi
360 3785 529 3835 Demosthenis
539 3786 604 3833 rari
616 3783 718 3834 Μειδίου
730 3801 784 3834 cos-
823 3798 856 3832 ex
889 3784 1011 3831 sententia
1039 3783 1203 3846 interpretum
1229 3782 1278 3831 fuit
1302 3782 1378 3832 Iulus

230 3862 301 3925 fers,
312 3879 464 3926 quarratam,
476 3878 532 3912 carn
544 3877 711 3925 consponerem
720 3865 785 3922 illos,
824 3860 960 3918 Antonius,
977 3861 1045 3911 lilius
1053 3861 1160 3913 Antonii
1172 3860 1306 3910 triumviri.
1325 3861 1378 3913 Sed

237 3944 315 3991 habui
331 3945 359 3991 in
374 3944 502 3997 manibus,
518 3957 567 3992 aas
585 3947 613 3989 ut
630 3943 785 3997 aemularer,
825 3941 865 3989 hio
881 3939 1056 3993 nominabatur
1073 3942 1160 3990 Istius
1176 3939 1313 3999 Antonius,
1324 3956 1377 3990 non

237 4023 376 4085 improbum
392 4023 458 4071 eninr
475 4036 505 4071 uc
514 4036 578 4083 perte
588 4019 786 4083 sarioeum‚sed
825 4022 909 4069 Iutae.
942 4019 1003 4069 Vid.
1029 4018 1188 4082 Oudendorp.
1215 4019 1246 4068 ad
1272 4019 1376 4070 Sueten.

238 4107 322 4149 taniea
339 4102 456 4150 imitarer
472 4115 502 4151 ac
518 4115 640 4162 sequerer.
672 4099 785 4159 Quincti·
826 4099 915 4149 Claud.
933 4101 957 4148 2.
980 4099 1024 4146 ubi
1040 4098 1087 4147 viri
1108 4099 1175 4149 docti
1189 4112 1240 4148 non
1258 4105 1327 4147 recte
1344 4114 1377 4149 ex

237 4181 318 4230 lienus
327 4177 694 4229 autemX.Inst.Orct.l.hunc
702 4180 784 4229 locum
825 4180 931 4228 Horatio
964 4178 1093 4228 restituere
1125 4178 1258 4228 voluerunt
1285 4179 1377 4237 Iulus,

238 4258 786 4322 respiciensscripsit:propterquaeHoratius
825 4260 892 4322 quod
909 4259 974 4307 idem
999 4258 1040 4306 elii
1057 4258 1083 4306 in
1100 4257 1198 4307 Velleio
1220 4258 1319 4307 Petere
1339 4258 1377 4308 II.

239 4340 385 4387 Pindarum
399 4339 488 4386 merito
500 4337 607 4386 credidit
620 4339 713 4386 nerniui
731 4340 784 4388 imi·
828 4337 882 4387 loo.
899 4338 1016 4388 fecerunt.
1034 4335 1225 4402 Oudendorpius
1240 4337 1314 4396 dicit,
1326 4337 1377 4386 sor-
