2916 5220
397 513 668 601 CARMEN
719 513 1089 601 GNOMICUM.

640 755 841 784 ωοοῦ-

375 920 444 1004 Odi
464 948 625 1023 profanum
646 948 755 1022 vulgus
777 955 807 1003 et
828 964 934 1004 arceo:

375 1043 489 1099 Favete
511 1042 639 1116 linguis:
662 1042 797 1098 carmina
818 1059 880 1097 non
901 1041 985 1115 prius

415 1137 533 1194 Audita
554 1136 713 1194 Musarum
735 1136 876 1193 sacerdos

455 1232 635 1307 Virginibus
656 1233 819 1308 puerisque
841 1239 939 1288 canto.

373 1423 490 1497 Regum
511 1423 712 1480 timendorum
733 1422 765 1479 in
786 1421 926 1498 proprios
947 1438 1070 1496 greges,

373 1519 473 1594 Reges
494 1519 526 1576 in
547 1519 629 1594 ipsos
650 1519 813 1594 imperium
834 1526 880 1574 est
900 1517 999 1586 Iovis,

414 1612 500 1672 Clari
521 1612 675 1689 Giganteo
696 1613 860 1689 triumpho,

455 1706 579 1767 Cuncta
600 1708 763 1784 supercilio
785 1707 944 1765 moventis.

375 1801 470 1861 Coelo
492 1812 647 1861 tonantem
668 1803 850 1860 credidimus
871 1803 976 1859 Iovem

374 1899 530 1972 Regnare:
552 1918 698 1974 praesens
719 1899 818 1956 Divus
838 1898 1002 1955 habebitur

414 1994 588 2069 Augustus,
611 1995 738 2052 adiectis
759 1995 916 2052 Britannis

454 2088 588 2163 Imperio
612 2089 817 2163 gravibusque
839 2087 954 2145 Persis.

371 2279 428 2335 Est
448 2287 483 2336 ut
503 2279 569 2336 viro
591 2280 638 2336 vir
658 2279 750 2336 letius
772 2279 891 2336 ordinet

368 2376 506 2432 Arbusta
528 2375 640 2445 sulcis,
661 2374 711 2431 hic
732 2374 909 2449 generosior

409 2470 586 2527 Descendat
606 2470 638 2526 in
661 2468 809 2546 Campum
829 2470 958 2545 petit0r3

451 2565 592 2623 Moribus
613 2566 674 2622 hic.
685 2566 851 2639 meliorque
873 2564 953 2622 fama

369 2657 556 2731 Contendat‚
583 2660 629 2716 illi
651 2660 740 2716 turba
767 2659 921 2715 clientium

372 2755 418 2813 Sit
439 2756 554 2812 maior:
577 2773 675 2829 aequa
697 2756 764 2830 lege
786 2754 961 2812 Necessitas

412 2848 545 2908 Sortitur
564 2850 699 2925 insignes
721 2858 752 2907 et
771 2850 861 2920 imos,

448 2942 544 3002 Omne
567 2963 666 3020 capax
687 2952 789 3002 movet
809 2963 886 3002 urna
907 2962 1024 3000 nomen.

368 3120 542 3178 Destriotus
565 3122 644 3178 ensis
666 3122 716 3178 cui
737 3140 830 3197 super
850 3122 943 3196 impia

370 3214 497 3274 Cer-vice
519 3218 646 3292 pendet,
669 3236 729 3275 non
752 3217 873 3277 Siculae
895 3217 990 3291 dapes

408 3311 539 3368 Dulcem
561 3313 763 3370 elaborabunt
784 3331 937 3387 saporem,

448 3407 519 3464 Non
540 3408 642 3465 avium
664 3409 858 3481 citharaeque
881 3416 987 3464 cantus

367 3501 510 3559 Somnum
531 3504 688 3560 reducent.
733 3504 861 3562 Somnus
882 3501 1045 3576 agrestium

366 3594 459 3654 Lenis
479 3597 613 3655 virorum
634 3617 694 3655 non
715 3599 837 3655 humilis
859 3599 962 3682 domos

405 3693 535 3750 Fastidit
559 3696 789 3768 umbrosamque
810 3695 923 3769 ripam,

446 3788 517 3846 Non
538 3790 687 3865 Zephyris
708 3791 824 3865 agitata
846 3789 971 3863 Tempe.

742 3923 890 3986 discerptum
907 3937 960 3971 osse
976 3919 1113 3983 suspicatus
1129 3933 1194 3967 sum.
1217 3919 1305 3968 Meam

193 3965 361 4051 CARMEN
379 4001 581 4052 GNOMICUM.
598 4002 653 4050 Hoc
669 4008 707 4050 est
743 4002 774 4051 de
800 4017 827 4052 ra
846 4002 962 4051 universa
979 3999 1126 4048 sententiam
1146 3997 1251 4061 cxposm
1277 4000 1304 4045 in

158 4078 222 4127 illud
230 4079 339 4130 Carmen
348 4080 505 4139 Gnomicum,
515 4082 605 4144 quoda
616 4081 705 4131 Gram-
742 4081 956 4130 Annotationibus
974 4081 1005 4128 ad
1022 4079 1093 4127 Libri
1110 4078 1159 4125 III.
1178 4077 1265 4127 Carni.
1281 4080 1303 4125 l.

156 4159 252 4207 maticis
267 4166 413 4221 corruptum
429 4166 453 4208 ct
469 4160 495 4208 in
512 4160 581 4209 varia
597 4161 707 4208 carmina
741 4159 765 4208 2.
783 4161 806 4210 3.
824 4163 846 4208 5.
865 4161 887 4208 6.
