2916 5220
579 306 899 370 CARMINUM

350 496 494 575 Quercus
520 501 553 560 et
576 494 700 579 refugit
724 501 773 578 te,
798 493 876 579 quia
898 494 997 559 luridi

395 599 519 664 Dentes
544 605 594 679 te,
620 598 697 683 quia
719 619 820 682 rugae

438 703 585 787 Turpant
614 706 647 766 et
670 701 788 787 capitis
813 701 915 767 nives.

309 862 319 873 .
348 806 416 871 Nec
441 806 526 870 Coae
549 805 694 869 referunt
716 804 784 868 iam
807 804 870 868 tibi
893 825 1056 889 purpurae

350 909 418 973 Nec
442 908 521 973 clari
546 908 672 992 lapides
697 913 860 992 tempora,
886 929 969 992 quae
993 907 1095 972 semel

396 1011 493 1077 Notis
518 1011 652 1076 condita
676 1010 771 1074 fastis

439 1115 580 1180 inclusit
603 1113 748 1178 volucris
773 1113 852 1178 dies.

355 1218 427 1296 Quo
449 1217 537 1303 fugit
560 1219 685 1282 venus?
709 1217 786 1280 heu!
812 1238 916 1300 quove
939 1216 1048 1281 color?
1071 1216 1190 1280 decens

360 1320 430 1400 Quo
454 1323 586 1386 motus?
633 1319 720 1399 Quid
742 1320 842 1384 habes
866 1319 976 1402 illius,
1001 1319 1109 1401 illius,

397 1424 487 1503 Quae
510 1424 657 1509 spirabat
679 1445 823 1506 amores,

441 1527 531 1607 Quae
553 1549 607 1591 me
631 1534 804 1611 surpuerat
826 1525 925 1607 mihi,

171 1694 252 1742 multa
268 1694 299 1742 de
315 1693 718 1756 Graecisfontibushausit,quae
761 1694 840 1742 driau
862 1694 958 1743 Marius
975 1694 1011 1743 H.
1032 1693 1074 1742 El.
1091 1693 1115 1741 4.
1141 1694 1200 1742 Noa
1220 1708 1313 1756 quoque

171 1772 316 1836 interpretes
332 1787 384 1821 non
404 1773 552 1836 effugerunt.
588 1774 636 1822 Hie
652 1787 717 1820 com-
760 1776 807 1821 nte
827 1780 898 1822 atros
922 1774 966 1820 ubi
985 1771 1099 1833 pinxerit
1122 1771 1184 1818 olba
1203 1772 1311 1832 capulos.

170 1851 296 1913 parandus
312 1858 366 1900 erat
385 1851 460 1900 Plato
473 1853 499 1899 in
518 1852 648 1915 Symposio
661 1867 719 1915 pag.
761 1853 849 1914 Neque
864 1853 951 1914 poetae
967 1850 1099 1899 orientales
1115 1865 1172 1900 eam
1187 1849 1312 1914 metapho

170 1930 227 1978 296.
258 1928 377 1978 Ἀνανθεῖ
401 1932 449 1994 γὰρ
478 1930 520 1978 καὶ
542 1930 717 1992 ἀπηνθηκότι,
761 1946 816 1979 ram
833 1930 968 1993 refugiunt.
986 1929 1143 1978 Memorstur
1159 1929 1257 1977 dictum
1270 1928 1311 1978 Sa·

171 2009 213 2057 trai
230 2009 331 2070 σώμαπὶ
341 2009 383 2057 καὶ
391 2007 463 2073 dccxv
473 2009 515 2057 καὶ
527 2009 598 2072 ἄλλῳ
610 2009 717 2072 ὁτῳοῦν,
761 2009 798 2066 di,
816 2010 880 2057 vatis
897 2015 922 2057 et
938 2007 1046 2070 guomici
1063 2007 1169 2057 Persae:
1197 2010 1255 2057 Nix
1271 2024 1314 2056 an·

172 2086 217 2143 oric
234 2086 308 2142 ἐνίζει
320 2085 409 2149 Ἔρως.
444 2085 473 2134 οὗ
490 2084 511 2134 d
513 2086 546 2134 dv
563 2087 673 2146 εὐανθής
693 2107 718 2137 τε
760 2104 851 2137 norum
867 2090 935 2136 sedet
951 2089 978 2135 in
995 2089 1078 2148 capite
1093 2103 1154 2136 meo.
1174 2089 1214 2134 Et
1233 2093 1313 2136 tamen

171 2163 214 2212 rai
232 2164 325 2222 εὐώδης
342 2163 423 2222 τόπος
433 2162 451 2230 p'
458 2201 465 2226 ,
484 2165 597 2214 ἐνταῦθα
614 2167 656 2214 καὶ
672 2164 719 2221 'ider
760 2169 854 2215 opimis
869 2182 925 2215 cum
941 2168 1044 2215 iuvenis.
1076 2165 1233 2215 sozomenus
1249 2166 1312 2214 Hist.

171 2243 214 2291 eal
235 2241 310 2306 μένει.
343 2244 491 2292 Athenaeus
512 2244 561 2292 IV.
583 2259 640 2307 pag.
665 2246 719 2294 133.
761 2245 856 2295 Eccles
874 2246 924 2294 HI.
940 2246 981 2294 20.
1005 2243 1108 2309 Λέγεται
1129 2243 1156 2292 δὲ
1172 2248 1222 2304 τῆς
1239 2255 1312 2310 aspa·

171 2324 289 2386 Φυγοῦσα
306 2321 328 2387 γ’
346 2323 392 2371 οὖν
409 2340 436 2370 σε
453 2323 494 2371 καί
512 2322 572 2380 τούς
584 2342 624 2371 σοι
635 2341 719 2387 παρα·
761 2326 809 2384 λῆς
826 2325 1000 2389 ἐφαψάμενος,
1026 2324 1078 2372 ὑπὸ
1095 2324 1193 2380 πολιᾶς
1210 2324 1312 2384 λευκῆς,

172 2401 296 2460 πλησίους
312 2400 426 2465 ἡάρετὴ,
437 2400 519 2464 ἡδονῇ
530 2402 718 2464 παρακάθηται.
762 2403 852 2452 εἰπεῖν·
871 2404 905 2460 ὡς
923 2403 1027 2462 ταυτησὶ
1054 2405 1100 2461 τῆς
1121 2401 1212 2465 χιόνος
1229 2402 1312 2450 λυθεί-

172 2477 242 2540 Quae
259 2480 406 2528 Athenaeus
424 2494 456 2528 ex
471 2480 609 2542 antiquiore
625 2481 719 2528 sumsit.
762 2501 821 2542 σης,
840 2483 922 2538 πολὺς
939 2483 1009 2530 ἔσται
1023 2481 1113 2540 πηλός.

171 2558 300 2621 Imprimis
329 2560 379 2607 huc
403 2556 523 2606 referatur
550 2558 720 2622 fragmentum
797 2563 849 2610 Nec
870 2561 935 2608 claci
957 2560 1056 2621 lapidis.
1092 2556 1172 2614 Cari,
1196 2558 1266 2620 quod
1289 2557 1313 2604 in

172 2636 351 2694 Anacreontis,
372 2637 437 2699 quod
459 2637 485 2683 in
505 2637 544 2685 ed.
561 2637 643 2685 Fisch.
662 2653 719 2700 pag.
763 2640 840 2689 MSS.
857 2639 962 2700 legitur,
980 2645 1064 2686 ortum
1084 2636 1185 2684 videtur
1208 2651 1243 2684 ex
1259 2636 1314 2684 scri·

173 2717 229 2766 431.
256 2718 290 2764 sic
310 2718 413 2778 legitur:
445 2714 525 2780 Ἔρως
549 2717 596 2779 μὲν
621 2713 720 2764 εἰσιδών
762 2724 836 2780 ptura
852 2719 936 2773 chart,
949 2722 1094 2778 corruptum
1103 2729 1134 2762 ex
1147 2716 1221 2763 clari.
1242 2714 1314 2762 Clari

171 2813 217 2859 μευ
244 2794 404 2844 ’Υποπόλιον
425 2793 538 2858 γένειον,
556 2798 719 2857 Χρυσοφαεν·
762 2795 889 2858 proprium
919 2794 970 2843 fere
994 2808 1153 2857 gemmarum
1178 2793 1313 2854 epitheton.

172 2877 227 2922 νῶν
243 2873 375 2936 πτερύγων
392 2871 482 2936 Ῥιπῇ,
509 2871 600 2927 αἰετοῖς
619 2870 719 2934 ὅμοιος,
764 2877 864 2924 Lucida
879 2889 974 2937 pemm
996 2873 1062 2936 apud
1082 2870 1209 2921 Ovidium.
1240 2872 1314 2931 Adde

173 2951 348 3015 Παρπὲταπαι.
383 2952 550 3012 [inportunus
575 2954 611 2996 est
635 2964 720 3011 super·
765 2953 827 3002 Stat.
846 2953 867 3003 Ι.
884 2953 980 3002 Achill.
993 2953 1051 3003 297.
1069 2950 1178 2999 Tertull.
1190 2950 1222 2997 de
1237 2949 1312 2999 Cultu

172 3029 225 3078 bus.
260 3030 335 3079 Unde
353 3032 452 3092 tyranni
476 3031 622 3092 importuni.
659 3029 720 3077 Vid.
762 3034 832 3081 Fem.
868 3047 922 3095 cap.
959 3030 996 3080 10.
1031 3028 1163 3078 Ammian.
1198 3028 1313 3077 Marcell.

172 3109 269 3158 Duker.
286 3110 317 3156 ad
336 3109 485 3158 Florius.
764 3111 902 3159 XXIII.6.
921 3111 992 3160 Serv.
1010 3110 1042 3172 ad
1053 3109 1076 3156 Ι.
1092 3109 1227 3157 Λευ-643.
1245 3108 1313 3156 Haec

205 3190 320 3253 Resupit.
360 3188 417 3238 MS.
442 3189 516 3237 Voss.
536 3188 633 3250 rrfipc't:
661 3203 719 3236 cum
763 3191 892 3238 annotarit
909 3189 981 3237 adh.
1000 3189 1017 3237 l.
1034 3187 1219 3236 Broukhusius.
1255 3187 1312 3250 Qui-

172 3267 255 3331 glossa
271 3269 393 3318 eradicat.
410 3267 441 3315 In
458 3267 571 3330 margine
582 3276 720 3314 correctum
764 3270 809 3318 bus
827 3270 885 3317 addi
902 3267 984 3315 multa
998 3272 1110 3330 possent,
1127 3281 1151 3315 v.
1169 3281 1191 3313 c.
1216 3265 1312 3316 Cicero·

171 3347 276 3409 refugit.
762 3350 863 3397 nemin
880 3346 993 3396 Verrinis
1014 3360 1087 3408 saepe
1103 3345 1185 3393 dicere
1201 3346 1313 3393 clarissi-

207 3426 309 3487 Cupitis
324 3428 398 3475 nivet.
432 3426 510 3474 Multi
530 3426 594 3473 hanc
612 3425 716 3473 transla·
763 3445 817 3477 mac
841 3441 959 3490 perimas,
985 3424 1041 3473 alia.
1076 3423 1126 3472 Sed
1148 3430 1174 3471 et
1199 3437 1313 3485 gemmae

172 3504 265 3552 tionem
290 3505 508 3568 reprehenderunt.
552 3505 599 3553 Est
624 3504 721 3554 Graeca
762 3523 834 3572 saepe
859 3505 1016 3569 appellantur
1039 3518 1126 3559 carce,
1152 3509 1182 3550 ut
1206 3504 1313 3552 ostendit

172 3581 249 3646 γήραϊ
275 3583 421 3646 νιφόμενος,
448 3597 553 3645 eamque
573 3597 622 3631 non
647 3583 720 3645 pauci
762 3594 787 3633 et
797 3584 904 3648 praefert
914 3582 1057 3633 Bentleius:
1075 3581 1149 3645 idque
1160 3583 1248 3631 eodem
1265 3582 1313 3630 fere

172 3676 217 3708 sua
233 3661 370 3709 imitatione
381 3663 581 3724 comprobarunt.
599 3661 719 3711 Prudent.
763 3664 836 3720 redit,
862 3664 920 3726 quia
947 3676 1010 3725 quae
1040 3663 1126 3710 clarae
1152 3666 1226 3719 sunt,
1257 3666 1314 3709 sunt

171 3739 281 3788 Praefat.
298 3740 339 3788 25.
362 3741 415 3788 Sub
431 3741 573 3801 quoprima
583 3742 721 3803 diecvrrihi,
762 3743 838 3790 etiarn
854 3758 935 3791 curae.
970 3741 1013 3789 Ad
1035 3746 1152 3787 ornatum
1173 3740 1313 3801 significan·

174 3818 259 3877 eranr
276 3821 370 3867 multas
388 3819 484 3879 hyemes
494 3819 598 3866 volverit
615 3824 720 3867 etrescs
763 3822 824 3868 dum
844 3821 923 3882 magis
939 3819 1001 3867 mihi
1017 3817 1101 3866 valere
1122 3818 1242 3867 videntur
1262 3821 1312 3868 clu·

170 3901 264 3947 Pratis
285 3907 344 3960 post
367 3899 471 3960 glaciem
500 3899 650 3957 reddiderit,
674 3901 721 3946 uix
762 3915 813 3947 rae.

169 3979 262 4040 capitis
286 3978 385 4039 probat.
423 3974 552 4023 Ennodius
573 3976 654 4038 Epist.
679 3978 720 4025 24.
797 3979 873 4025 Not-ir
894 3979 997 4025 condita
1012 3976 1101 4040 forth.
1138 3975 1262 4024 Burman.
1284 3975 1313 4023 ad

172 4058 232 4104 Tibi
247 4056 371 4118 apparuit
388 4055 550 4115 inauspicata
562 4056 608 4101 ταλτ
620 4057 720 4116 capitis.
761 4057 849 4105 Valer.
870 4055 955 4104 Flacci
976 4055 999 4102 Ι.
1022 4055 1080 4103 531.
1106 4054 1313 4117 significationem

169 4133 289 4198 Iosephus
320 4133 478 4182 Pariistanus
503 4132 533 4179 T.
558 4132 621 4181 VII.
648 4133 719 4182 Po'et.
763 4134 877 4183 adiectivi
893 4137 996 4184 condita
1015 4134 1040 4182 h.
1059 4135 1076 4182 l.
1101 4147 1152 4181 non
1177 4135 1237 4182 satis
1262 4147 1314 4196 per·

169 4213 228 4263 Ital.
245 4228 302 4276 pag.
320 4215 360 4262 82.
377 4215 499 4274 nigraque
516 4217 628 4273 tempora
641 4214 718 4275 Spar·
763 4215 855 4277 pendit.

168 4296 206 4354 pit
227 4294 347 4341 Tire-icio
364 4293 447 4339 tratre
469 4292 554 4350 hyeme
570 4292 633 4340 nice.
668 4292 719 4339 Ha·
798 4294 871 4351 Quae
897 4309 935 4342 mc
959 4298 1098 4355 surpuerat
1122 4290 1190 4340 mihi.
1239 4291 1315 4341 Silius
