2916 5220
652 346 970 411 otaMtNUM

425 533 591 617 Myrtoum
615 531 752 618 pavidus
777 537 879 597 nauta
902 534 989 594 secet
1011 550 1108 594 mare.

424 636 619 702 Luctantem
644 635 756 701 icariis
780 634 934 701 fluctibus
958 632 1108 699 Africum

424 740 584 805 Mercator
604 745 773 821 metuens,
798 738 902 803 otium
926 744 959 802 et
982 736 1094 823 oppidi

425 841 554 907 Laudat
576 864 651 907 rura
674 841 741 907 sui:
765 863 843 905 mox
865 839 970 905 reficit
992 845 1079 905 rates

274 1027 408 1088 Myrtoum
421 1027 529 1090 pavidus
544 1031 700 1075 naataeeeet
712 1039 790 1073 mare.
827 1023 916 1072 Horat.
939 1024 961 1074 Ι.
986 1022 1070 1073 Carm.
1093 1022 1130 1071 lt.
1165 1022 1214 1070 Nil
1236 1023 1315 1084 pictis
1341 1024 1375 1070 a·-

241 1104 282 1152 Ex
304 1103 415 1166 agricola
436 1118 565 1167 nunquam
583 1103 657 1152 facies
674 1110 790 1161 nautam,
827 1104 909 1151 mmta
939 1104 1028 1151 nauita
1060 1101 1189 1164 puppibus
1212 1100 1286 1163 fidit.
1329 1100 1374 1150 ci-

239 1194 272 1229 ex
296 1189 375 1231 nauta
399 1197 529 1246 nunqnam
552 1182 696 1245 agricolam.
734 1183 789 1231 Iam
826 1193 882 1229 cero
891 1182 927 1230 11.
936 1182 1012 1230 Tusa.
1023 1181 1126 1243 Qnaest.
1134 1179 1172 1227 to.
1180 1194 1212 1228 ex
1224 1180 1377 1230 Prometheo

239 1259 366 1323 epitheton
383 1261 490 1324 aliquid,
508 1268 538 1309 nt
554 1277 570 1309 a
586 1262 665 1323 pobta,
683 1259 790 1307 additur.
827 1259 967 1323 Aeschyli:
992 1261 1078 1308 navim
1103 1264 1133 1306 ut
1158 1259 1285 1307 horrisona
1298 1259 1375 1320 freto

238 1339 304 1401 Quis
325 1340 400 1389 addat
424 1343 486 1390 “Ea
507 1342 619 1402 aerieola
642 1354 690 1389 naa
705 1339 791 1401 facies
827 1340 933 1388 Noctem
961 1341 1082 1400 parmtee
1115 1338 1201 1385 timidi
1233 1341 1375 1385 annectunt

238 1423 346 1467 nautam
370 1420 524 1482 paridam?”
562 1419 652 1480 Aeque
677 1417 790 1480 ineptum
826 1419 936 1468 navitae.
956 1417 1050 1467 Seneca
1064 1415 1284 1465 nererurma
1308 1416 1371 1464 Sue·

237 1496 297 1558 hoc,
319 1504 395 1561 atque
418 1497 439 1546 si
457 1498 485 1546 in
502 1497 579 1546 altero
595 1495 706 1545 membro
723 1495 788 1544 dice-
825 1501 934 1544 currunt
958 1497 1055 1544 timidis
1082 1495 1166 1542 sidera
1182 1494 1278 1541 nautis.
1309 1493 1371 1542 Val.

237 1585 288 1621 res:
319 1576 381 1623 “Ea
407 1578 487 1624 nauta
511 1590 560 1623 non
579 1575 664 1638 faciet
686 1577 789 1636 piarum
825 1572 911 1622 Flacc.
928 1573 952 1621 1.
977 1573 1076 1635 Argon.
1087 1573 1143 1624 573.
1173 1572 1317 1635 Lumenque
1330 1575 1370 1622 in-

236 1654 398 1715 αᾳνίοοὶαηι.υ
431 1652 562 1703 Reclamat
585 1658 675 1700 natura
696 1650 789 1714 ingenii
825 1652 902 1700 noxia
912 1651 991 1714 judit
1018 1654 1183 1715 Purpureum
1202 1652 1371 1701 miseri-salim

237 1729 350 1778 hnmani.
376 1730 443 1779 Nam
458 1730 479 1778 si
490 1736 595 1793 uterque
606 1728 717 1777 davitae
728 1743 789 1777 suae
825 1731 985 1793 implorabile
1000 1733 1095 1780 nautis.
1121 1730 1176 1778 Hoc
1192 1736 1243 1790 est,
1261 1730 1287 1778 in
1304 1730 1372 1780 labo

236 1809 363 1859 curriculo
373 1816 456 1873 posset
467 1808 603 1867 demoveri,
621 1807 729 1856 rusticus
744 1807 786 1855 fie-
825 1807 906 1870 ribus,
923 1810 1034 1873 periculo
1051 1809 1116 1858 ritae
1133 1808 1303 1868 versantibus,
1321 1809 1370 1859 δει-

236 1895 274 1937 ret
289 1888 396 1952 pavidus
413 1895 505 1951 naute,
529 1894 607 1935 nanta
624 1886 694 1949 piger
711 1886 786 1934 rnsti-
824 1888 894 1950 λοῒς,
919 1892 1043 1953 μογεροῑς.
1082 1889 1124 1937 Ita
1148 1893 1174 1936 et
1198 1886 1292 1950 Virgil.
1317 1888 1370 1937 III.

237 1982 291 2016 eus.
310 1968 369 2017 Hue
386 1969 505 2032 pertinet,
523 1967 589 2031 qnod
607 1965 706 2029 scripsit
716 1966 743 2016 J.
754 1966 787 2016 Η.
825 1964 916 2029 Gcotg.
933 1968 990 2016 313.
1011 1969 1110 2016 miseria
1130 1967 1256 2016 velamina
1272 1969 1370 2016 nautia.

236 2061 286 2094 van
303 2047 347 2095 der
360 2047 433 2096 Palm
450 2047 476 2095 in
488 2047 587 2110 egregio
598 2045 662 2094 libro
673 2046 703 2094 de
712 2046 786 2095 Prov.
823 2045 887 2094 Fere
905 2052 933 2094 ut
950 2048 1037 2096 miseri
1053 2048 1175 2095 mortales
1191 2045 1243 2094 111.
1276 2044 1369 2110 Georg.

237 2124 376 2175 Salomonis
400 2127 430 2176 Τ.
452 2127 481 2186 Ι,
507 2140 530 2188 p.
548 2126 588 2175 36.
623 2125 727 2175 “Indien
750 2125 787 2173 dit
823 2123 863 2172 66.
881 2132 905 2173 et
922 2124 986 2175 Stat.
1004 2125 1055 2174 III.
1084 2124 1146 2174 silv.
1165 2124 1191 2172 2.
1208 2124 1250 2173 61.
1282 2126 1371 2174 mitari
1451 2116 1456 2135 ¹

236 2204 370 2253 missehien
390 2220 440 2252 van
461 2209 499 2253 ter
521 2204 584 2267 zijde
604 2204 647 2253 het
668 2204 786 2266 oogmerk
823 2204 974 2252 animantes.
1008 2203 1097 2252 Burm.
1118 2217 1199 2266 neque
1221 2201 1267 2262 ibi,
1288 2217 1371 2266 neque

235 2298 285 2332 ran
303 2283 404 2333 Salomo
417 2289 523 2346 geweest
539 2283 568 2342 is,
580 2283 629 2330 dan
644 2282 785 2331 ondervcnd
823 2280 855 2326 ad
871 2280 920 2329 VI.
948 2280 1046 2343 Argon.
1063 2282 1120 2330 666.
1137 2287 1232 2330 rectam
1245 2281 1370 2344 significa·

235 2362 269 2427 hij
288 2363 312 2411 al
330 2363 439 2426 spoedig‚
457 2364 500 2411 dat
517 2362 555 2410 uit
571 2363 614 2411 het
630 2361 785 2422 herderroik,
822 2357 914 2407 tionem
931 2360 1053 2422 percepit,
1071 2360 1155 2409 dicens
1171 2361 1302 2424 proprium
1319 2361 1369 2425 epi·

234 2441 260 2489 in
282 2443 312 2491 de
338 2442 480 2492 Arabische
508 2442 619 2504 woestijn
647 2442 784 2504 opgevoed,
821 2437 918 2496 theton,
941 2434 1041 2502 prbpter
1062 2441 1253 2504 naufragiorum
1271 2448 1368 2490 metam

233 2522 281 2572 wel
298 2522 471 2572 landbouwers
484 2519 728 2570 ineenvrnchtbaar
741 2534 782 2582 ge·
821 2521 846 2564 et
863 2516 1035 2580 frequentiam.
1069 2519 1163 2568 Melius
1184 2518 1253 2569 Cort.
1276 2526 1301 2569 et
1318 2521 1367 2570 La·

233 2607 295 2650 west
315 2600 415 2650 konden
437 2600 556 2663 gevormd
579 2600 692 2657 worden,
714 2613 784 2647 maar
821 2609 891 2656 gana
906 2596 938 2644 ad
955 2597 1052 2647 Lucan.
1069 2598 1149 2647 VIII.
1169 2599 1224 2650 174.
1259 2599 1367 2649 Interim

233 2678 276 2726 dat
293 2694 350 2728 men
362 2679 411 2728 hen
422 2678 581 2740 bezwaarlijk
592 2676 618 2724 in
634 2683 715 2725 stoute
730 2692 782 2726 aee-
821 2673 862 2722 hie
876 2678 986 2738 pauidus
1002 2685 1084 2727 nauta
1102 2677 1195 2741 iegitur
1211 2679 1236 2727 in
1250 2680 1368 2729 omnibns

233 2756 315 2806 lieden
333 2759 501 2821 bersaheppen
518 2757 577 2816 hon,
595 2756 672 2819 gelijk
689 2757 720 2805 de
728 2757 781 2820 Ty·
820 2754 895 2806 MSS.
919 2762 943 2804 et
964 2757 1058 2806 Donet.
1079 2759 1110 2806 ad
1128 2759 1228 2808 Terent.
1254 2759 1366 2824 Adelph.

232 2835 317 2885 riers.'’
346 2835 419 2886 Facit
435 2835 536 2899 quidem
547 2833 667 2884 Horatius
679 2842 783 2886 nautam
820 2833 857 2884 ΙΙ.
879 2835 961 2884 222.
983 2842 1007 2884 et
1028 2838 1116 2885 Lutat.
1138 2837 1170 2884 ad
1194 2837 1269 2888 Statii
1286 2840 1366 2890 Theb.

232 2921 383 2964 metuentem
393 2922 461 2975 tunc,
470 2929 548 2978 quum
557 2928 630 2963 saera
639 2920 783 2977 tempestate
819 2912 868 2962 VI.
886 2913 944 2962 283.

232 2992 258 3041 in
275 2994 339 3043 mari
356 2994 471 3044 iactatur.
493 2995 542 3046 Sed
554 2994 624 3052 vide,
642 3009 718 3057 quarn
728 2996 780 3044 exi·
855 2992 944 3041 Otium
962 2997 987 3042 et
1003 2996 1091 3057 oppidi
1120 2997 1223 3045 Laudat
1237 3012 1302 3046 rura
1315 3000 1364 3047 sui.

231 3073 276 3135 gui
293 3073 410 3138 temporis
432 3073 464 3122 sit
480 3073 523 3122 ille
539 3078 629 3122 metus.
663 3072 727 3122 Mox
740 3088 778 3123 re·
821 3070 946 3120 Mercator
972 3071 1024 3121 sive
1046 3072 1146 3133 navita,
1173 3074 1281 3124 iactatus
1303 3082 1365 3126 tem·

230 3151 283 3199 ficit
304 3158 370 3202 rates
391 3167 503 3216 quassas.
537 3154 664 3216 Legamus
685 3153 781 3216 petiam
818 3155 925 3212 pestate,
946 3165 987 3200 eos
1010 3150 1093 3201 felices
1112 3151 1253 3213 existimat,
1275 3153 1364 3217 quiin

231 3231 365 3293 Myrtoum
381 3233 524 3295 impauidus
536 3237 618 3281 nauta
628 3237 691 3281 secet
702 3247 779 3282 mare.
818 3229 907 3292 oppido
928 3229 978 3278 tuti
997 3229 1086 3279 vivunt
1103 3238 1128 3279 et
1145 3247 1218 3295 agros
1235 3232 1302 3282 eirca
1319 3248 1363 3298 op-

230 3306 285 3356 Hoc
311 3316 349 3357 est
373 3309 502 3373 proprium
526 3315 618 3358 nautae
642 3308 779 3372 epitheton,
817 3307 905 3371 pidum
922 3308 1030 3359 iacentes
1048 3310 1145 3370 colunt,
1165 3312 1191 3360 in
1208 3327 1258 3376 quo
1273 3313 1365 3376 oppido

229 3387 271 3435 eni
282 3387 361 3451 primo
372 3389 492 3438 Horatius
503 3392 580 3439 robur
589 3396 614 3438 et
628 3403 670 3438 aes
684 3392 780 3453 triplea
816 3383 881 3450 ipse,
908 3385 929 3434 si
954 3386 980 3434 in
1006 3393 1073 3438 terra
1095 3389 1140 3449 sit,
1166 3390 1271 3438 habitat.
1305 3392 1365 3454 Ipse

229 3468 433 3531 circumportat
458 3467 554 3516 tribuit.
597 3466 667 3516 Idem
689 3467 742 3517 Sat.
756 3468 779 3516 Ι.
817 3466 877 3514 adeo
894 3465 947 3515 fieri
964 3467 1040 3516 vellet
1053 3468 1170 3518 rusticus.
1203 3469 1259 3519 Vix
1275 3470 1364 3520 salvas

231 3544 252 3593 l.
274 3543 315 3593 29.
346 3551 487 3608 nautaeque
509 3561 556 3608 per
581 3561 652 3594 omne
673 3547 779 3595 audaces
816 3542 842 3591 in
859 3543 923 3591 illud
940 3544 1061 3608 oppidum
1077 3546 1198 3610 pervenit,
1215 3552 1239 3595 et
1253 3547 1364 3608 lucrum,

228 3637 299 3670 mare
311 3623 356 3684 qui
368 3629 485 3672 currunt.
506 3623 564 3672 Non
575 3622 714 3672 audiendus
730 3623 777 3686 igi·
815 3622 932 3685 perieulis
943 3623 1094 3687 quaesitum,
1112 3626 1203 3689 partim
1218 3627 1364 3688 consumsit,

227 3707 271 3748 tur
287 3707 419 3750 comment.
445 3700 522 3765 Cruq.
537 3708 671 3751 annotans:
689 3705 776 3765 “paat-
815 3717 895 3765 quarn
918 3704 998 3753 vitam
1020 3705 1149 3769 antiquam
1167 3707 1268 3769 repetit,
1289 3707 1362 3757 indo-

227 3783 287 3839 dus,
315 3778 445 3843 proprium
470 3780 596 3844 epitheton
616 3784 777 3832 nautarum'·
815 3782 870 3832 cilis
888 3790 987 3834 tenuem
1005 3786 1052 3834 sibi
1070 3787 1165 3836 vietum
1183 3787 1264 3836 multo
1277 3787 1364 3836 labore

228 3858 296 3920 (Nisi
312 3859 364 3924 ipse
375 3859 502 3923 scripserit
512 3861 674 3924 impavidas).
697 3861 777 3923 Quasi
814 3877 931 3926 quaerere
956 3872 981 3914 et
1009 3881 1086 3929 parvo
1111 3874 1242 3916 contentus
1263 3867 1363 3930 degere.

227 3953 285 3988 vero
310 3945 392 3989 essent
416 3938 522 4002 lepores,
547 3939 577 3988 de
598 3938 689 4002 quibus
711 3938 777 3990 idem
814 3942 908 3991 Navita
929 3950 998 4008 optat
1021 3945 1101 3995 otium
1122 3952 1148 3995 et
1170 3961 1257 4009 agros,
1274 3947 1317 3995 sed
1334 3947 1363 3996 in

226 4019 258 4066 ad
275 4019 355 4082 Epod.
372 4018 408 4068 11.
425 4019 466 4068 35.
500 4020 645 4078 “Paaidur,
662 4020 776 4069 naturale
813 4028 967 4086 tempestate.
1001 4025 1088 4087 Quum
1109 4025 1131 4073 ei
1152 4039 1205 4074 esse
1223 4024 1299 4073 liceat
1316 4040 1360 4074 ru·

225 4097 351 4161 epitheton
368 4099 505 4162 leporum.''
523 4101 647 4164 Tempora
655 4099 776 4150 nimirum
812 4101 887 4162 atico,
904 4117 954 4150 non
971 4102 1035 4152 vult.
1069 4104 1165 4152 Eadem
1185 4103 1259 4166 plane
1276 4103 1363 4167 imago

224 4177 251 4225 in
274 4177 320 4226 hoc
342 4192 431 4241 genere
452 4178 627 4241 distinguenda
643 4184 710 4227 sunt.
743 4179 775 4227 In
812 4188 850 4230 est
875 4180 900 4228 in
922 4181 975 4231 Sat.
993 4181 1016 4229 I.
1043 4181 1064 4229 1.
1086 4182 1110 4230 6.
1147 4183 1245 4232 Contra
1263 4198 1360 4233 merca·

225 4255 342 4319 periculis
364 4264 389 4305 et
411 4256 525 4320 procellis
542 4263 634 4305 nautae
650 4256 713 4306 bene
729 4272 772 4320 ap·
814 4265 867 4318 tar,
891 4261 977 4308 mentm
993 4260 1152 4310 iactantibus
1168 4262 1279 4310 austris.-
1303 4262 1360 4310 ut-

225 4334 351 4398 pellantnr
376 4336 473 4395 timidi,
499 4337 600 4399 pauidi,
629 4343 653 4383 et
678 4338 773 4386 memmi.
812 4339 872 4387 litia
889 4344 926 4387 est
942 4339 1037 4400 patior.
1056 4338 1200 4388 Doctissimi
1213 4339 1362 4403 interpretes
