2916 5220
509 309 562 370 L]
578 307 643 369 lili
657 307 684 368 ll
731 305 787 368 lV.

299 498 421 578 Vultu,
447 508 480 560 et
503 517 560 580 per
584 494 752 557 obstantes
777 501 921 555 ‹tritervas

347 598 518 683 Explicuit
541 619 601 661 sua
623 596 727 659 vietor
749 615 848 658 arina..

255 706 332 768 Nou
348 702 564 787 possidentem
586 699 684 764 multu
707 702 863 763 receneris

254 810 349 872 Recte
371 806 507 871 beatum:
531 807 646 868 rectius
669 812 799 888 occupet

304 910 428 974 Nomou
451 907 550 990 beuti,
575 911 628 992 qui
650 908 792 971 Deorum

344 1010 528 1077 Muneribus
550 1014 710 1095 supienter
732 1015 780 1074 uti
868 1063 872 1071 .

257 1118 443 1200 Durumque
466 1113 558 1178 cullei
574 1117 765 1199 pauper-uu
782 1120 874 1200 puli,

255 1221 411 1304 Pelusque
435 1217 493 1282 leto
503 1217 668 1304 flupitiuru
692 1221 795 1282 limet:

303 1322 379 1385 Nou
403 1320 456 1385 ille
472 1341 539 1404 pro
561 1324 647 1384 curis
670 1324 779 1386 amicis

345 1425 412 1489 Aul
429 1427 547 1508 putria
568 1423 697 1488 timidus
714 1429 836 1508 perire.

78 1584 133 1633 152.
168 1583 302 1638 Blandus,
327 1584 352 1628 et
372 1579 477 1640 irnperio
497 1590 627 1638 nunquam

72 1666 157 1724 puter.
190 1658 278 1707 Valer.
304 1657 374 1705 Mam
401 1656 435 1704 V.
460 1657 480 1703 l.
518 1654 626 1712 Caesar,

75 1741 168 1788 oblitam
193 1740 286 1796 hostis,
311 1737 390 1786 secui
412 1737 512 1784 vultum
532 1735 626 1783 inaruit.

667 1578 759 1626 tionem
785 1578 885 1628 Curtius
906 1581 1020 1644 exposuit
1041 1582 1148 1631 Sallust.
1170 1583 1215 1631 Iu-

667 1657 750 1720 gurth.
776 1657 915 1707 LXXXV.
946 1660 982 1708 12.
1025 1663 1094 1708 Nom
1118 1677 1217 1723 perere,

667 1752 743 1798 quum
761 1736 825 1798 fieri
848 1739 986 1798 posterius,
1019 1753 1047 1785 re
1071 1743 1147 1800 utque
1171 1753 1218 1785 usu

75 1821 174 1872 Auson.
192 1819 271 1881 Epist.
288 1816 337 1866 IV.
353 1817 395 1866 25.
418 1818 446 1865 in
461 1821 562 1878 portem
578 1829 627 1864 eer-
665 1815 740 1875 prius
756 1820 801 1862 est.
835 1815 905 1864 Haec
925 1816 992 1865 enim
1013 1816 1049 1863 ita
1072 1821 1130 1863 sunt
1147 1815 1217 1863 intel-

76 1901 156 1949 lerum
183 1900 211 1947 de
235 1898 317 1946 iudice
338 1897 440 1943 transit.
474 1895 561 1944 Theon
583 1894 627 1942 ille

76 1979 211 2040 Pogonus,
229 1976 260 2024 ad
276 1988 351 2038 quem
363 1974 455 2036 scripta
466 1979 504 2022 est
516 1972 626 2035 epistola,

76 2057 126 2105 fuit
148 2055 297 2112 Irenarcha,
319 2060 348 2100 ut
369 2060 436 2115 puto.
470 2051 552 2101 Plura
571 2051 628 2099 ride

76 2136 143 2199 apud
160 2135 246 2183 Heius.
263 2139 288 2182 et
299 2132 438 2181 Burmann.
451 2132 482 2179 ad
494 2130 566 2182 ovid.
578 2130 627 2179 VI.

76 2215 140 2264 Met.
164 2213 221 2262 629.
251 2211 319 2261 Cort.
346 2211 377 2258 ad
402 2211 498 2259 Lucan.
525 2208 547 2258 1.
572 2210 626 2257 131.

77 2293 186 2344 Gronov.
205 2289 309 2340 Observ.
331 2290 354 2338 1.
375 2290 399 2336 6.
429 2287 557 2351 Cuperem
578 2286 628 2336 Ob·

77 2388 141 2423 serv.
167 2373 187 2421 1.
214 2371 237 2420 8.
263 2376 288 2417 ot
312 2367 448 2417 Ruhnken.
475 2366 506 2413 ad
528 2366 627 2415 Terent.

77 2468 135 2515 pag.
146 2451 205 2501 254.
239 2447 373 2498 Caeterum
389 2445 487 2495 Lollius
505 2450 558 2492 erat
572 2458 628 2491 eun·

78 2532 132 2592 sul,
148 2545 199 2580 non
215 2529 290 2578 unius
309 2527 380 2584 anni,
398 2526 440 2575 sed
455 2524 550 2588 quoties
561 2523 630 2572 iusti*

80 2612 158 2668 tiam,
186 2609 272 2672 spretis
296 2605 457 2664 muneribus,
483 2604 629 2652 ostenderet.

80 2690 159 2740 Multi
174 2689 292 2736 dicuntur
309 2683 436 2744 consules,
453 2683 496 2748 qui
513 2698 564 2732 non
581 2697 630 2732 me·

80 2775 180 2826 rentur,
197 2781 276 2829 neque
287 2779 314 2814 re
325 2779 385 2813 vera
398 2771 464 2812 sunt.
482 2763 569 2813 Cicero
581 2764 630 2814 IX.

80 2849 159 2912 Epist.
179 2848 216 2896 14.
252 2847 399 2895 Dolabellae
416 2852 459 2892 luo
476 2850 499 2893 et
516 2846 632 2906 protutor

80 2933 106 2976 et
125 2929 225 2989 pretias
245 2941 303 2987 opo:
327 2940 398 2987 quem
418 2925 518 2985 quidem
533 2927 591 2984 post
608 2928 632 2970 te

81 3007 204 3055 consulem
223 3006 304 3054 solum
323 3016 457 3065 possumus
473 3016 529 3049 uma
546 3015 632 3050 cousu-

82 3086 130 3132 lem
147 3084 234 3133 dmere.
270 3082 390 3131 Prudent.
413 3080 499 3129 Perist.
522 3079 557 3128 11.
575 3080 631 3128 559.

86 3164 166 3222 Quem
185 3163 268 3211 Romo
289 3161 395 3210 coelestis
411 3160 461 3208 sibi
482 3159 555 3220 Lepit
573 3174 631 3221 per·

81 3257 169 3291 ornem
204 3240 342 3289 Consulem.
378 3236 518 3287 Trebellius
552 3237 634 3286 Pollio

82 3322 108 3368 in
131 3319 269 3370 Valeriano
289 3332 343 3380 cap.
364 3320 387 3367 2.
426 3318 558 3366 Valeriani
578 3320 634 3366 aito

82 3415 190 3450 eeurrro
204 3405 249 3447 eat.
288 3399 441 3446 Valerianus
452 3411 469 3443 a
478 3398 564 3459 primo
573 3410 634 3456 pue·

82 3481 148 3528 seua
167 3493 253 3529 cerum
267 3478 334 3541 fuit.
373 3476 513 3527 Stoicorum
535 3481 632 3524 senten-

83 3558 145 3607 tiam
157 3571 256 3621 quoque
265 3555 386 3618 expressit
394 3554 545 3604 Ambrosius
558 3555 589 3603 T.
598 3553 633 3602 II.

84 3654 141 3703 pag.
159 3638 215 3686 934
251 3636 357 3697 sepiem
381 3649 478 3696 serrrper
502 3635 564 3682 liter
585 3639 634 3691 est,

83 3732 182 3781 seraper
194 3719 341 3772 inamatus,
357 3729 453 3777 seraper
464 3715 498 3770 ie,
509 3715 552 3775 qui
561 3729 635 3775 prae·

83 3799 118 3845 sit
135 3797 236 3858 lepllus.
269 3792 355 3843 Minue
377 3799 443 3842 reeta
465 3792 496 3840 ad
513 3792 577 3840 hanc
594 3807 633 3840 ra·

667 1894 778 1958 ligeuda:
797 1895 863 1943 Nam
874 1909 913 1944 res
924 1895 1026 1944 bellicas
1038 1909 1131 1958 gerere,
1143 1885 1219 1956 quani

668 1975 795 2023 consulem
812 1974 877 2034 fieri,
899 1974 965 2036 apud
985 1974 1045 2021 istos
1065 1973 1157 2022 nobiles
1174 1986 1216 2036 po·

668 2054 757 2102 sterius
775 2060 823 2112 est,
849 2054 892 2102 sed
915 2068 942 2102 re
963 2053 1017 2116 ipsa
1036 2059 1061 2100 ct
1077 2066 1125 2099 usu
1141 2053 1218 2115 prius.

668 2133 744 2181 Prius
761 2133 883 2181 debebant
899 2148 938 2182 res
955 2147 1052 2196 gerere,
1070 2147 1145 2194 quam
1162 2146 1219 2180 con·

669 2213 735 2261 sulas
752 2212 822 2270 fieri,
840 2213 951 2260 homines
967 2212 1125 2275 praeposteri.

703 2293 840 2354 Explicuit
856 2306 904 2340 orsu
920 2294 1002 2341 victor
1018 2307 1098 2338 urruu.
1125 2291 1220 2339 Seneca

671 2370 799 2419 Phoeniss.
816 2371 872 2419 628.
907 2373 980 2420 Licet
998 2386 1072 2418 urrrru
1089 2372 1158 2432 lonpe
1175 2372 1219 2418 uai-

671 2452 704 2498 les
720 2456 744 2499 ei
756 2453 808 2499 late
818 2451 933 2512 explicet.
959 2449 1069 2497 Animus
1085 2449 1164 2496 victor
1175 2463 1221 2495 sua

671 2546 744 2578 ernau
761 2532 883 2593 explicet,
900 2544 977 2592 aeque
993 2527 1076 2575 minus
1089 2527 1219 2575 ferendum

672 2616 800 2672 astatque
818 2608 951 2671 superiora.

712 2687 769 2736 Nou
794 2691 957 2749 praesidentem
982 2689 1063 2735 mulia
1088 2689 1220 2735 eocrtcerr'r.

673 2768 770 2817 Lollius
790 2767 907 2815 laudatus
929 2773 983 2816 erat
999 2773 1127 2829 tamquam
1145 2766 1220 2813 absti-

673 2862 733 2896 nens
751 2853 776 2897 et
796 2847 856 2896 utile
873 2848 975 2896 honeste
997 2852 1156 2908 postponens,
1177 2847 1222 2894 ita-

674 2941 722 2991 que
744 2928 817 2976 rebus
838 2927 889 2974 suis
905 2924 1042 2974 (linteatus.
1073 2924 1220 2987 Amplifica·

674 3008 708 3055 tio
725 3008 860 3055 sententiae
878 3021 922 3069 per
938 3016 993 3053 octo
1010 3020 1096 3058 versus
1112 3005 1223 3061 debetur,

674 3092 752 3149 puto,
780 3085 917 3148 glossatori.
971 3084 1015 3133 Ad
1045 3090 1221 3146 argumentum

675 3165 774 3228 quidem
795 3164 912 3212 carminis
936 3164 1010 3226 plane
1034 3176 1084 3209 non
1105 3161 1222 3223 pertinet:

675 3258 760 3292 versus
790 3258 908 3305 magnam
935 3247 1030 3304 partem
1060 3255 1092 3288 ex
1118 3240 1223 3288 Horatio

675 3330 733 3372 sunt
749 3322 859 3380 conflati,
876 3328 900 3370 ct
916 3320 962 3369 illa
978 3336 1026 3368 nou
1043 3324 1109 3369 reete
1125 3322 1223 3367 beatum

676 3403 814 3458 vocaveris,
838 3404 933 3450 rectius
957 3415 1043 3448 nomeu
1067 3399 1134 3447 beuti
1155 3413 1222 3447 oecu-

674 3488 738 3544 pat,
767 3481 841 3529 valde
870 3479 1003 3528 abhorrent
1029 3493 1044 3525 a
1069 3477 1222 3539 reliquorum

677 3562 807 3624 gravitate.

710 3629 764 3676 Aul
780 3627 869 3689 putriu
886 3625 989 3672 tineidus
1003 3626 1095 3685 perire.
1127 3622 1157 3668 In
1175 3636 1226 3667 uno

676 3713 773 3767 nostro,
798 3712 827 3754 ut
851 3706 877 3754 in
902 3704 957 3752 aliis
982 3703 1098 3751 aliorum:
1123 3700 1223 3763 peribit.

678 3787 761 3850 Supra
777 3786 948 3839 emendatum,
963 3784 1055 3844 perire.

579 4048 738 4076 «σου-
