2916 5220
257 259 278 296 ll
800 274 841 282 -

296 420 404 491 ltaque
427 439 485 476 non
507 421 599 476 miror
619 428 662 487 te,
693 438 784 491 (prum
807 440 833 474 a.
856 436 1031 476 Mltcocxw.
1054 422 1185 478 natalem
1207 422 1395 479 Academiae

257 513 471 588 Groningauae
502 514 737 570 diuentesimum
766 515 972 571 celebraturus
996 515 1181 587 Groningam
1204 520 1352 588 venisseS,
1377 539 1395 575 a

255 610 389 665 Ruardio
412 617 463 665 tuo
485 609 586 665 multis
608 628 675 665 cum
697 610 851 682 lacrymis,
879 620 910 665 ut
938 611 1030 667 lilium
1058 632 1075 667 a
1103 622 1201 685 patre,
1230 614 1320 669 titisse
1344 632 1396 669 cx·

255 714 390 778 ceptum:
408 705 548 776 dictuque
565 704 681 760 difficile
698 713 752 774 est,
770 722 858 775 qnmn
870 706 1014 778 gauderet
1032 716 1060 762 te
1077 707 1188 777 videre,
1206 709 1394 765 ordinandae

254 800 298 856 rei
320 799 521 856 Academicus
544 800 774 872 septemvirum.
807 799 854 854 Ibi
878 809 1057 873 postremam
1080 804 1172 858 nostri
1188 804 1395 878 praeceptoris

254 913 357 950 vocem
378 895 560 963 audivimus,
583 913 674 966 iprum
696 894 744 949 die
767 893 842 949 sesto
865 897 1053 969 praeclarum
1075 898 1149 954 illud
1172 918 1291 955 carmen
1314 901 1395 956 dice-

254 992 320 1059 bat,
350 998 507 1064 praesente
535 987 698 1046 Guilielmo
725 988 904 1057 Nemaviae,
935 992 1053 1061 eodem,
1083 1012 1169 1064 quem
1193 1004 1295 1050 natum
1317 993 1395 1052 Gni-

255 1085 354 1141 lielmo
375 1084 406 1140 V
427 1084 505 1158 patri
528 1083 659 1139 carmine
682 1082 751 1138 olim
774 1094 839 1139 erat
858 1085 1036 1157 gratulatus.
1067 1088 1136 1143 Fuit
1154 1088 1209 1143 ista
1226 1089 1305 1145 senis
1319 1109 1392 1145 vere

255 1197 370 1253 cygnea
392 1179 505 1248 cantio,
533 1178 656 1249 eiusque
679 1187 818 1247 mortem,
845 1181 963 1250 quoties
992 1183 1146 1253 praeteriti
1170 1185 1311 1257 temporis
1332 1204 1393 1240 nie-

254 1275 378 1330 moriam
392 1273 567 1348 repetimuS,
590 1272 724 1327 dolemus
738 1280 890 1343 tamquam
905 1285 1066 1331 recentem.
1089 1277 1196 1349 Neque
1212 1278 1370 1335 immerite.

295 1369 340 1424 Te
363 1369 483 1441 quidem
505 1368 528 1423 si
552 1367 656 1423 dixero
679 1385 746 1422 eum
768 1385 846 1438 esse,
874 1386 962 1440 (piem
988 1369 1032 1424 tui
1059 1371 1139 1425 cives
1166 1381 1267 1427 amant
1293 1381 1323 1429 et
1345 1392 1392 1429 su-

254 1465 398 1539 spiciunt,
428 1463 491 1518 scio
512 1463 590 1517 hanc
611 1460 745 1531 laudem,
773 1479 862 1533 quam
888 1462 943 1518 tibi
970 1463 1095 1535 quisque
1118 1465 1237 1536 tribuit,
1260 1485 1323 1523 esse
1346 1488 1392 1524 re·

255 1569 441 1627 cusaturum,
464 1556 521 1612 nisi
543 1555 678 1612 Ruardio
699 1573 770 1628 pars
790 1557 940 1614 reseratur
962 1570 1096 1633 accepta.
1141 1561 1210 1616 Vim
1233 1564 1311 1619 enirn
1333 1566 1390 1621 tibi

254 1656 374 1711 insitam
396 1650 538 1727 prudenti
560 1650 697 1706 doctrina
718 1653 879 1724 promovit,
902 1653 1033 1709 animum
1053 1664 1135 1710 recto
1156 1657 1238 1713 cultu
1254 1661 1392 1716 corrobo-

254 1759 351 1806 ratum
373 1765 462 1804 sensu
483 1745 554 1802 boni
575 1744 753 1818 pulchrique
775 1746 895 1814 imbuit,
923 1756 953 1802 et
978 1749 1188 1806 honestissimo
1210 1754 1390 1827 optimarum

254 1843 479 1917 disciplinarum
509 1858 609 1896 amore
639 1840 782 1895 incendit.
825 1841 932 1913 Itaque
964 1843 994 1898 in
1025 1846 1181 1918 republica
1211 1851 1333 1905 turbata
1361 1861 1392 1906 et

254 1958 323 1995 mox
354 1939 384 1994 in
417 1939 564 1995 Francam
596 1935 771 1991 servitutem
803 1935 936 2006 abiecta,
970 1939 1167 2012 cogitationes
1196 1945 1389 2018 apraesenti

253 2052 387 2091 moerore
409 2034 448 2089 ad
469 2033 624 2089 literarum
646 2032 746 2087 studia
767 2049 909 2099 avocare,
932 2032 1022 2105 inque
1039 2034 1195 2092 Musarum
1216 2039 1322 2094 solatio
1338 2040 1392 2095 ali-

254 2137 398 2202 quantum
429 2128 620 2200 acquiescere
647 2126 780 2201 potuisti.
825 2123 919 2182 Cuius
948 2127 1137 2201 diligentiae,
1168 2143 1289 2206 praeter
1313 2135 1388 2203 alia,

254 2226 431 2282 documento
453 2232 522 2280 sunt
543 2223 689 2290 carmina,
718 2235 955 2277 a.uocccxv11.
978 2231 1047 2277 ate
1070 2225 1165 2295 edita,
1188 2227 1391 2300 pulcherrima

252 2322 305 2377 illa
327 2329 357 2376 et
378 2320 503 2388 Latina,
527 2328 557 2373 et
578 2318 696 2385 schola,
720 2336 735 2372 e
757 2333 817 2387 qua
838 2312 992 2389 profectus
1014 2335 1062 2387 es,
1086 2320 1240 2394 perdigna.

293 2415 356 2471 Vix
371 2423 471 2471 autem
486 2414 524 2470 ad
540 2412 755 2486 rempublicam
770 2409 932 2480 accessisti,
949 2428 1040 2482 quum
1052 2415 1181 2488 populus
1197 2417 1281 2487 vidit,
1298 2436 1389 2489 quam

252 2520 333 2569 recte
355 2512 425 2580 tibi,
453 2511 552 2583 legato
574 2527 643 2577 suo,
674 2526 728 2563 sua
755 2506 918 2561 commoda·
936 2513 966 2561 et
991 2507 1057 2563 iura
1080 2511 1282 2568 commisisset.
1325 2513 1388 2568 Diu

253 2607 332 2663 enim
357 2606 542 2676 multumque
569 2603 599 2658 in
625 2601 750 2657 historia
776 2600 907 2655 omnium
935 2602 1089 2659 nationum
1118 2614 1267 2677 versatus,
1291 2608 1388 2679 deque

252 2702 289 2757 iis
310 2718 380 2756 vere
402 2700 552 2768 iudicans,
580 2716 657 2770 quae
685 2695 795 2752 Franci
821 2714 922 2751 rernm
944 2716 1089 2754 novarum
1111 2717 1229 2774 semper
1250 2709 1391 2758 auctores

253 2803 437 2870 pepererunt
458 2801 488 2850 et
510 2791 696 2867 parturiunt,
720 2790 789 2844 dum
811 2799 845 2845 ut
866 2789 994 2864 improbi
1012 2792 1142 2849 artifices
1164 2795 1244 2850 domi
1265 2805 1295 2851 et
1315 2796 1390 2854 foris

253 2909 328 2964 opus
349 2895 513 2961 quaerunt,
536 2906 595 2942 non
616 2886 725 2959 hospes
747 2884 777 2939 in
800 2885 898 2941 locum
919 2885 1065 2942 illustrem
1082 2888 1239 2960 prodibas,
1257 2886 1316 2946 sed‘
1328 2892 1389 2948 iam

252 3002 351 3040 rerum
373 2983 501 3057 peritus,
525 2990 555 3037 et
576 2981 672 3036 iustae
695 2979 842 3035 libertatis
864 2979 1005 3053 diligens3
1028 2999 1083 3036 nec
1105 2983 1193 3039 modo
1209 2986 1390 3042 sententiam

251 3089 334 3135 tuam
363 3077 444 3135 facili
471 3086 501 3133 et
528 3077 640 3132 diserta
666 3073 800 3129 oratione
829 3073 1018 3147 explicabas,
1052 3076 1103 3131 sed
1133 3078 1212 3134 bona
1241 3080 1331 3135 etiam
1359 3090 1391 3136 et

252 3176 395 3232 salutaria
418 3173 602 3247 expediebas
624 3170 762 3239 consilia,
790 3169 905 3241 tibique
935 3172 966 3226 in
989 3190 1090 3228 amore
1118 3175 1234 3247 patriae
1257 3183 1287 3231 et
1308 3176 1390 3249 regis

251 3272 419 3328 constabas

292 3369 398 3425 Talem
420 3375 449 3423 te
471 3367 522 3422 diu
543 3372 710 3439 spectatum
731 3361 847 3435 magnis
868 3362 993 3419 subinde
1016 3365 1180 3422 honoribus
1205 3367 1309 3441 augeri
1329 3368 1391 3423 lae·

250 3465 393 3520 tabantur
419 3480 534 3531 omnes,
561 3461 697 3535 plerique
720 3457 763 3512 sic
784 3456 967 3528 iudicantes,
996 3460 1019 3514 si
1042 3461 1113 3532 quid
1135 3461 1205 3518 inde
1227 3462 1265 3517 ad
1287 3469 1316 3518 te
1340 3483 1390 3518 ve-

250 3558 343 3613 nisset
368 3556 547 3626 ornamenti,
575 3573 634 3611 non
661 3553 758 3608 minus
783 3550 888 3606 eodem
909 3553 1032 3610 redisse.
1075 3556 1177 3628 Atque
1206 3557 1249 3612 ita
1269 3557 1314 3613 illi
1336 3559 1390 3615 im-

250 3651 352 3725 primis
378 3651 525 3720 iudicant,
555 3650 607 3721 qui
632 3656 662 3704 te
684 3647 781 3701 virum
803 3646 928 3718 antiqua
950 3657 980 3704 et
1002 3650 1156 3708 Hollanda
1176 3653 1328 3727 probitate
1351 3673 1388 3710 ae

249 3745 439 3820 simplicitate
462 3743 672 3818 cognoverint,
694 3741 847 3810 librosque
870 3748 938 3797 tuos
965 3745 1001 3800 de
1020 3744 1028 3781 ¹
1055 3746 1196 3803 laudibus
1221 3748 1389 3805 Hollando·

248 3859 314 3896 rum
339 3840 370 3895 in
397 3840 503 3911 quavis
523 3846 587 3895 arte
610 3845 640 3893 et
661 3834 797 3891 doctrina
820 3838 1002 3912 conspicuis,
1025 3842 1215 3914 praeclarum
1237 3850 1298 3898 tam
1321 3845 1387 3898 uni-

248 3953 353 3990 versae
375 3934 506 4009 patriae,
529 3952 619 4006 quam
640 3931 756 3988 auctori
776 3941 1013 4004 monumentum,
1037 3935 1174 4008 legerint.

300 4029 448 4102 Equidem
469 4030 541 4086 mihi
563 4029 721 4104 pulchrum
744 4026 834 4093 dirce,
862 4026 952 4099 idque
975 4030 1100 4101 glorior,
1123 4048 1141 4084 a
1163 4040 1206 4098 te,
1229 4032 1283 4087 tali
1304 4034 1384 4097 viro,

283 4232 290 4262 ¹
308 4233 409 4281 Titulus
426 4233 494 4291 libri,
511 4237 645 4285 vernacula
660 4237 748 4300 lingua
765 4238 907 4301 conscripti,
925 4243 973 4284 est:
991 4234 1128 4283 “Hollanda
1146 4235 1216 4282 Roem
1234 4235 1260 4282 in
1274 4234 1383 4285 Karsten

248 4326 277 4357 ea
304 4313 509 4377 ll'eteasclappen.
545 4316 600 4365 Met
623 4317 833 4381 Aanteelceninqea
858 4333 887 4364 ea
909 4317 1058 4379 Bijdrapea‚
1083 4316 1141 4364 door
1168 4313 1275 4362 Hendrilc
1300 4314 1382 4362 Barea
