2916 5220
651 320 691 328 ·-
1126 304 1235 344 XXXIII

101 464 220 524 consilii
248 467 307 522 mei
335 465 425 535 ratio,
452 473 486 522 ut
512 483 614 521 omnes
634 464 832 538 interpretum
854 463 1018 520 sententias
1039 482 1236 521 recenserem.

101 562 191 636 Quod
212 563 239 619 si
259 561 414 633 fecissem,
436 561 583 618 Horatius
603 578 703 630 meus,
731 577 820 632 quem
841 578 921 616 nunc
942 578 1002 616 uno
1023 561 1173 617 volumine
1195 561 1238 616 in·

100 658 192 728 clusi,
214 657 359 713 crevisset
379 655 410 711 in
433 656 575 728 quinque.
610 654 696 713 Solos
714 654 895 728 interpretes
915 654 1067 711 nominavi
1086 673 1153 726 eoa,
1169 673 1240 728 quo-

99 771 169 810 rum
201 751 382 808 sententiam
407 750 560 824 pertinere
589 749 761 806 arbitrabar
788 750 827 805 ad
854 749 900 819 id,
928 750 1009 821 quod
1035 750 1239 807 demonstrare

99 847 176 903 mihi
190 863 415 921 proposueram.
448 844 599 917 Equidem
617 844 767 900 neminem
782 851 957 916 contemno,
973 845 1105 901 omnium
1119 845 1239 901 minime

100 942 237 1016 insignes
259 940 396 997 doctrina
419 947 449 995 et
469 939 591 1013 ingenio
608 936 795 995 Germanos:
811 946 902 1011 teque
917 939 1060 996 maiorem
1073 940 1105 994 in
1120 940 1240 996 modum

101 1056 194 1111 rogo,
223 1043 272 1105 ut,
303 1036 539 1108 quibuscumque
569 1033 683 1108 possis,
710 1033 767 1089 hoc
792 1052 859 1090 meo
881 1035 1000 1090 nomine
1023 1034 1188 1108 significes;
1211 1042 1241 1089 et

102 1135 144 1190 ab
165 1131 335 1188 huiusmodi
356 1131 476 1205 ineptae
502 1129 740 1203 importunitatis
761 1129 931 1203 suspicione
953 1137 1112 1204 tantopere
1134 1130 1241 1185 abhor-

102 1247 172 1299 reo,
195 1236 230 1285 ut
250 1234 411 1301 propterea
432 1226 481 1282 vel
502 1244 563 1281 non
582 1225 780 1295 intercedam,
797 1225 970 1298 quominuS,
986 1227 1012 1281 si
1026 1227 1110 1282 locus
1125 1234 1155 1282 et
1170 1235 1242 1282 tem·

104 1343 164 1400 pus
185 1323 379 1399 permittant,
402 1322 561 1396 epistolam
582 1322 661 1377 hanc
682 1340 778 1377 meam
799 1322 831 1377 in
852 1322 950 1378 lucem
972 1322 1055 1378 odas.

149 1415 311 1476 Caeterum
331 1417 419 1473 valde
441 1434 529 1490 spero
551 1415 628 1486 fore,
651 1423 701 1486 ut,
724 1415 805 1488 quod
826 1423 855 1471 te
876 1415 1025 1472 facturum
1048 1434 1111 1472 esse
1128 1417 1240 1486 dixisti,

104 1516 138 1571 in
159 1533 239 1570 nova
259 1512 381 1569 Horatii
403 1512 534 1568 editione
550 1530 632 1568 meas
647 1512 857 1568 annotationes
872 1512 915 1568 sic
929 1529 1126 1586 percenseas,
1142 1529 1243 1584 quem·

106 1610 269 1666 admodum
297 1609 424 1665 Wolfius
445 1606 621 1664 Marklandi
643 1614 674 1662 et
695 1606 826 1665 Gesneri
847 1608 1059 1664 annotationes
1079 1609 1111 1663 in
1134 1608 1243 1664 oratio·

107 1723 162 1760 nes
192 1702 332 1761 Ciceroni
358 1703 487 1759 tributas
513 1702 696 1777 percensuit.
734 1701 802 1758 Hac
831 1720 863 1758 re
891 1710 922 1758 et
947 1703 1019 1759 mihi
1049 1713 1079 1760 et
1106 1703 1244 1760 omnibus

107 1800 265 1855 literarum
286 1797 457 1854 amantibus
478 1796 586 1852 feceris
607 1795 818 1869 gratissimum.
857 1795 986 1868 Quando
1008 1797 1184 1872 perveneris
1205 1797 1244 1853 ad

108 1894 194 1951 Libr.
220 1893 276 1950 IV.
309 1894 337 1949 4.
360 1893 408 1948 40.
436 1892 567 1966 corrige,
601 1910 728 1964 quaeso,
764 1910 896 1947 errorem
924 1891 1037 1964 Orelli,
1070 1894 1122 1966 qui
1148 1912 1245 1967 nuper

108 1990 271 2047 Horatium
292 1989 394 2045 edidit.
430 1987 557 2044 Hieme
580 1987 655 2043 salso
677 1988 830 2044 accusavit
856 1989 957 2044 nescio
983 1990 1068 2045 cuius
1095 1989 1247 2063 negligen-

108 2087 180 2142 tiae.
214 2084 335 2143 Orellus
355 2084 387 2139 in
408 2083 510 2140 multis
531 2101 550 2138 a
570 2101 617 2138 me
640 2083 785 2139 dissentit.
819 2083 964 2139 Liberum
986 2084 1013 2140 ei
1035 2093 1095 2155 est,
1118 2103 1189 2154 nec,
1213 2092 1246 2139 ut

110 2181 211 2250 vides,
241 2198 331 2253 aegre
363 2177 444 2234 fero:
477 2179 530 2234 sed
559 2179 617 2235 hoc
644 2197 733 2252 aegre
759 2178 838 2248 fero,
865 2180 946 2251 quod
970 2179 1085 2235 iudices
1111 2178 1245 2235 nonnulli

111 2275 273 2332 Horatium
293 2292 393 2330 meum
414 2273 457 2329 sic
477 2274 595 2346 legunt,
618 2280 653 2328 ut
674 2291 777 2344 canes,
801 2274 881 2346 quod
903 2274 1028 2344 dicitur,
1051 2293 1090 2329 ex
1111 2274 1183 2331 Nilo
1205 2274 1247 2330 bi·

111 2372 197 2426 bunt.
240 2369 333 2439 Vale,
356 2367 517 2453 clarissime
540 2367 714 2436 Eichstadi,
737 2377 768 2423 et
788 2386 835 2423 me
857 2385 933 2423 ama.
976 2367 1090 2425 Leidae
1111 2368 1142 2425 V
1162 2368 1245 2442 Sept.

115 2463 202 2520 1837.

155 2656 231 2712 Tale
253 2673 443 2730 responsum,
466 2662 527 2711 tam
549 2655 671 2729 plenum
691 2655 887 2711 humanitatis
908 2664 938 2712 ct
959 2655 1247 2726 benevolentiae,in

112 2759 199 2808 tanta
224 2758 394 2807 nostrarum
416 2752 452 2806 de
475 2751 596 2807 Horatii
618 2751 801 2807 carminibus
822 2751 1040 2808 sententiarum
1062 2752 1247 2807 dissensione

114 2855 146 2902 et
167 2846 383 2920 discrepantia,
405 2854 474 2920 post
494 2865 590 2902 meam
612 2854 674 2902 tam
689 2845 810 2903 acrem¹
833 2847 1079 2922 Peerlkampiani
1098 2847 1168 2903 libri
1183 2865 1250 2903 cen·

113 2959 229 3011 suram,
258 2949 359 3011 erunt,
389 2942 512 3015 opinor,
534 2941 616 2996 haud
645 2941 748 3015 pauci,
772 2941 824 3013 qui
844 2941 924 2998 inter
944 2941 1154 3018 παραδοξότατα
1175 2941 1251 2997 refe·

114 3044 185 3092 rant
215 3037 305 3093 huius
332 3037 416 3106 aevi,
445 3054 504 3109 quo
532 3037 564 3092 in
585 3037 672 3092 libris
694 3044 724 3092 et
746 3037 933 3093 sermonibus
955 3037 1140 3093 eruditorum
1162 3038 1250 3093 nimis

114 3130 287 3204 frequentia
314 3139 383 3188 sunt
404 3133 453 3188 vel
475 3132 606 3188 tristium
627 3132 741 3187 irarum
761 3133 810 3188 vel
832 3132 949 3188 ultricis
970 3133 1166 3206 malignitatis
1188 3151 1252 3188 ves-

114 3225 200 3298 tigia.
237 3224 304 3298 Quo
327 3225 500 3281 excusatius
522 3244 569 3281 me
591 3224 697 3280 fecisse
719 3225 950 3295 existimabunt,
967 3226 1018 3297 qui
1036 3226 1250 3298 huncquoque

114 3321 252 3377 libellum
283 3321 452 3378 Paradoxis
480 3321 554 3377 meis
581 3321 761 3394 adiungere,
792 3321 955 3392 eodemque
977 3321 1141 3377 inscribere
1164 3322 1251 3377 titulo

116 3433 177 3471 non
204 3416 376 3472 dubitarim.
419 3416 485 3489 Ego
513 3434 599 3484 vero,
632 3415 881 3487 quemadmodum
906 3414 963 3469 viri
990 3415 1094 3488 optimi
1119 3416 1253 3471 humani-

116 3517 210 3566 tatem
242 3517 329 3583 grata
355 3518 455 3566 mente
481 3528 628 3565 veneror:
657 3509 714 3579 ita,
737 3509 762 3565 si
784 3508 856 3580 quid
877 3508 909 3564 in
932 3526 999 3564 eum
1020 3509 1159 3566 acerbius
1180 3511 1252 3566 mihi

117 3605 233 3661 excidit
258 3606 295 3661 de
325 3605 418 3680 signis
444 3604 562 3660 alienae
583 3622 601 3659 a
624 3601 785 3661 Germanis
806 3604 983 3674 voluntatis,
1012 3604 1044 3660 id
1065 3623 1153 3661 omne
1174 3625 1253 3662 nunc

118 3702 187 3757 volo
219 3718 273 3774 pro
304 3700 418 3756 indicto
450 3699 569 3770 haberi,
602 3707 632 3754 et
664 3717 760 3754 meam
791 3699 856 3773 ipse
889 3699 1068 3756 sententiam
1099 3701 1178 3756 ultro
1210 3720 1254 3756 re-

117 3804 226 3854 tracto.
266 3795 341 3866 Sed,
368 3814 406 3851 ne
436 3794 564 3850 iniurius
593 3794 666 3850 mihi
688 3813 752 3850 esse
774 3795 892 3866 videar,
916 3813 969 3851 cur
990 3796 1078 3851 aliter
1099 3795 1253 3851 statuerim

117 3891 262 3960 antehac,
278 3891 373 3947 libere
388 3890 561 3965 profitebor.
588 3887 697 3960 Neque
714 3889 793 3945 enim
809 3889 993 3959 dubitabam,
1009 3888 1254 3963 Peerlkampium

113 4001 179 4008 —-.

154 4055 161 4086 ¹
185 4055 277 4103 Acrius
298 4063 393 4115 tamen,
413 4071 444 4105 ne
461 4056 521 4118 qnid
538 4057 667 4114 reticeam,
708 4053 873 4109 Kirchnerus,
901 4052 926 4098 in
953 4052 1041 4100 litteris
1063 4052 1094 4099 ad
1116 4050 1255 4102 Obbarium

118 4149 170 4199 quo
187 4149 300 4182 caussam
317 4149 398 4183 meam
415 4133 559 4192 defendam,
576 4133 667 4181 multo·
709 4138 822 4192 nostrum
839 4131 916 4188 datis,
933 4145 996 4193 quae
1013 4131 1119 4180 insertae
1135 4138 1193 4179 sunt
1205 4132 1256 4180 No·

119 4228 169 4276 que
187 4213 273 4261 durius
290 4214 320 4262 de
337 4211 507 4275 Peerlkampii
523 4212 616 4259 rati0ne
630 4212 666 4259 iu·
709 4211 747 4259 vis
772 4209 915 4260 Annalibus
942 4210 1033 4259 Philol.
1064 4219 1088 4258 et
1114 4211 1254 4273 Pacdagog.

120 4292 238 4340 dicarunt
253 4292 310 4351 alii,
331 4292 356 4338 in
374 4292 411 4339 his
427 4291 606 4339 eruditissimus
624 4289 668 4339 Sa·
710 4290 840 4349 XV11,4.
858 4305 881 4352 p.
899 4289 955 4337 3³32.

121 4373 229 4420 tirarum
254 4370 450 4418 Horatianarum
475 4371 606 4431 interpres,
640 4367 668 4417 Ο.
