2916 5220
525 317 700 381 tinuit
746 318 804 381 IV.

278 502 380 568 Grata
403 503 566 588 carpentis
591 504 705 586 thyma
728 525 785 588 per
808 503 952 568 laborem

277 605 465 670 Plurimum
489 607 575 671 circa
597 628 713 671 nemus
737 606 893 691 uvidique

274 709 402 774 Tiburis
426 709 514 794 ripas
539 731 676 794 operosa
697 732 817 796 parvus

372 813 526 879 Carmina
548 814 647 898 fingo.

279 916 429 981 Continet
449 921 568 982 maiore
587 923 685 1002 poeto
702 916 828 1001 plectro

279 1019 465 1102 Caesarem,
490 1020 672 1105 quandoque
695 1019 797 1084 tradet
807 1018 937 1103 seroces

272 1123 341 1186 Per
364 1143 489 1187 sacrant
512 1122 641 1204 eliaam,
665 1126 778 1187 merita
801 1122 931 1186 decerna

361 1226 488 1290 Fronde
512 1224 701 1312 Septembres
708 1273 717 1307 ,

278 1328 345 1408 Qno
367 1328 449 1392 nitu
468 1332 570 1393 natus
592 1328 737 1393 meliusne
761 1331 856 1392 terris

272 1430 358 1494 Fata
381 1430 535 1496 donavere
563 1429 691 1516 deniqne
713 1431 793 1494 Diei
804 1478 812 1511 ,

271 1533 341 1598 Nee
363 1533 500 1616 dabunt,
524 1538 664 1620 pennen
686 1534 819 1598 redeant
842 1537 875 1598 n'n
898 1554 1011 1597 aurunt

367 1639 524 1722 Tempora
541 1641 694 1721 priscum.

276 1740 426 1807 Conct'nes
451 1742 605 1828 laetosque
626 1742 694 1807 dies
722 1751 752 1806 et
781 1741 873 1807 Urbt's

273 1843 440 1910 Publienm
463 1844 568 1909 ledan
600 1866 698 1929 snper
721 1849 889 1930 t'rnpetrnto

273 1948 381 2012 Fertis
404 1947 542 2034 Anpnstn'
564 1948 670 2012 redita
698 1949 874 2033 Feruntque

361 2050 486 2115 Lt'tidns
509 2051 623 2116 orbant.

127 2178 246 2227 Conet'nes
262 2179 356 2225 astatore
372 2177 447 2238 poeta
463 2181 564 2240 plectro.
587 2177 641 2225 Ad·
684 2177 783 2226 saccula
800 2177 913 2232 redeant,
935 2176 1008 2223 homo
1029 2174 1108 2222 maior
1125 2182 1169 2222 aut
1185 2189 1234 2224 rne-

91 2257 142 2304 huc
158 2257 241 2304 omnia
260 2263 317 2303 sunt
337 2255 445 2317 pulchra
464 2263 489 2304 et
509 2257 600 2305 Latina
617 2263 641 2304 et
684 2259 730 2307 lior
747 2259 869 2320 Augusto
885 2271 935 2304 non
952 2255 1047 2304 redibit.
1082 2254 1113 2301 In
1133 2255 1170 2303 his
1187 2273 1235 2303 nze-

90 2337 205 2383 nativum
225 2336 297 2384 illum
314 2335 442 2383 Romanae
457 2336 556 2397 poeseos
573 2335 639 2383 colo·
684 2340 731 2386 lter
757 2352 806 2386 non
831 2337 937 2400 pertinet.
959 2334 989 2381 ad
1011 2332 1097 2380 landes
1120 2334 1234 2398 bellicas,

90 2428 144 2462 rom
170 2413 305 2463 referentia.
336 2416 367 2463 In
392 2415 515 2473 versibus,
542 2415 584 2476 qui
605 2429 640 2462 sc·
683 2431 762 2479 neque
780 2417 811 2464 ad
829 2415 994 2476 triumphum:
1013 2415 1186 2474 nequemaior
1203 2413 1234 2460 ad

90 2499 212 2555 quantur,
233 2492 351 2556 pleraque
372 2500 469 2541 contra:
495 2508 573 2556 neque
594 2493 640 2555 ipsi
683 2510 788 2544 aureum
813 2493 959 2550 saeculum,
983 2504 1032 2552 quo
1056 2495 1109 2537 erat
1135 2496 1235 2538 aeterna

90 2587 149 2619 curn
165 2572 247 2634 priore
262 2572 378 2620 carminis
395 2577 466 2634 parte
483 2572 640 2634 genuinam·
683 2587 739 2635 pax.
773 2573 807 2621 Et
824 2571 944 2619 Horatius
962 2568 1074 2616 dixisset:
1093 2568 1144 2615 fata
1160 2571 1235 2618 detta-

90 2650 200 2698 haerent.
234 2649 353 2697 Horatius
379 2651 486 2713 dixerat:
516 2648 640 2709 “Quicun-
682 2668 750 2713 vere,
775 2667 819 2699 nec
841 2652 981 2704 donabant,
1007 2646 1047 2712 vel
1065 2649 1165 2706 dedere,
1190 2664 1235 2697 nec

89 2744 138 2792 qne
159 2729 298 2777 Pindarum
323 2730 445 2777 aemulari
469 2730 563 2786 studet,
586 2743 639 2778 rem
682 2733 786 2779 dabant.
821 2729 861 2776 Ita
878 2728 958 2776 solent
970 2725 1086 2787 castigati
1097 2727 1233 2789 scriptores.

90 2807 196 2870 suscipit
224 2807 395 2871 periculosam.
438 2809 516 2857 Tanti
540 2810 639 2871 spiritus
682 2809 771 2858 Horat.
792 2808 827 2857 II.
854 2807 937 2857 Carm.
963 2807 1000 2853 13.
1025 2807 1063 2852 aas
1084 2807 1172 2867 rapuit
1192 2821 1234 2852 rn-

89 2887 133 2935 ille
150 2892 188 2935 est
203 2888 282 2949 poeta.
304 2887 360 2948 Ego
376 2901 487 2950 cygnum
505 2901 580 2949 supra
595 2902 640 2934 nu·
679 2891 781 2952 pietque
796 2894 886 2950 petates.
921 2885 1012 2947 Virgil.
1028 2884 1075 2932 VI.
1094 2884 1158 2933 Aen.
1176 2885 1232 2932 6l6.

90 2964 133 3012 bes
151 2964 276 3012 volantem
297 2979 346 3012 non
368 2979 469 3027 sequar,
494 2965 537 3013 scd
562 2966 639 3014 instar
680 2969 748 3015 sedet
760 2974 938 3028 aeternamque
950 2965 1049 3015 sedebit.
1062 2962 1233 3012 Columellal.

90 3045 143 3107 apis
160 3044 228 3091 circa
243 3057 331 3090 nemus
348 3048 373 3091 et
389 3043 456 3107 ripas
473 3044 574 3093 Tiburis
595 3061 637 3092 va·
682 3045 790 3093 Praefat.
820 3047 916 3102 Terra,
934 3059 996 3106 qaue
1014 3049 1038 3094 et
1055 3048 1146 3090 cuncta
1160 3058 1233 3104 pepe-

89 3123 192 3185 gabor.‘'
226 3122 275 3170 Hic
298 3122 400 3185 explicit
418 3137 518 3170 carmen
539 3124 569 3170 de
586 3124 640 3171 lau·
681 3125 718 3170 rit
734 3138 831 3185 semper
859 3129 884 3172 et
910 3124 1024 3182 deinceps
1044 3122 1165 3182 perdura
1189 3122 1232 3168 sit.

89 3201 164 3249 dibus
189 3201 300 3249 Pindan'.
335 3201 424 3250 Altera
451 3216 507 3265 pars
529 3209 567 3250 est
588 3209 641 3250 tota
682 3201 749 3249 Plin.
770 3202 805 3250 II.
829 3202 876 3264 Ep.
893 3202 914 3248 l.
952 3201 1021 3247 Vivit
1038 3201 1104 3247 eninr
1121 3201 1234 3260 nivetque

89 3281 120 3329 de
128 3281 246 3329 laudibus
257 3282 380 3343 Augusti,
393 3282 497 3344 adquas
509 3283 640 3338 canendas,
681 3295 784 3342 semper.
819 3282 853 3328 Et
879 3278 914 3327 sic
939 3277 1005 3340 apud
1023 3276 1125 3324 Livium
1142 3274 1231 3324 XXV.

91 3373 143 3406 nno
151 3365 251 3407 tantum
263 3374 338 3408 versu
347 3360 574 3419 dicit‚Antonium
589 3376 640 3410 esse
682 3359 721 3406 38.
765 3362 860 3407 Vivant
891 3360 1022 3418 viventque
1044 3355 1122 3417 fania
1146 3369 1232 3402 rernm

90 3437 218 3500 aptiorem.
235 3438 291 3486 Iam
305 3439 389 3486 statIm
398 3439 506 3488 dubitari
517 3446 597 3503 potest
610 3441 640 3490 de
680 3443 814 3498 pasterum.
849 3437 889 3484 Ita
906 3435 1005 3498 quidem
1022 3448 1080 3482 eum
1098 3433 1181 3496 Lipsio
1198 3433 1232 3482 le·

89 3517 184 3566 matare
190 3518 294 3578 plectro.
307 3515 374 3565 Nota
386 3524 444 3565 sunt
452 3517 574 3581 plectrum
583 3535 640 3582 yra-
681 3517 791 3579 gendum
806 3521 923 3580 putamus
940 3528 986 3577 pro
1001 3516 1139 3577 niqentqae.
1168 3511 1231 3561 Con-

88 3597 257 3653 attendentur,
276 3611 481 3659 canapariam
498 3613 639 3660 maynaso·
682 3596 776 3645 feratur
798 3604 823 3646 et
843 3595 960 3644 Trotzius
981 3595 1006 3642 in
1028 3593 1151 3642 Memoria
1171 3593 1232 3640 Pro·

89 3691 161 3737 nans,
177 3673 242 3739 μέγα
258 3675 359 3740 ψοφεῖν.
385 3674 438 3725 Ubi
455 3675 590 3737 plectrum,
606 3676 639 3724 ei·
681 3683 772 3739 pagata
788 3691 842 3739 cap.
859 3674 880 3723 Ι.
897 3690 953 3738 pag.
966 3676 989 3723 5.
1023 3672 1115 3721 Vellei.
1134 3671 1231 3720 Patere.

89 3754 172 3814 thara,
190 3754 250 3804 fides
267 3754 392 3817 monne?
430 3803 433 3808 ,
681 3755 718 3804 ΙΙ.
735 3756 775 3804 66.
815 3756 1231 3815 Viuitvivetqneperomnemaee-

126 3835 255 3892 Quont'ln'l
262 3835 343 3881 maius
353 3834 470 3882 melitanae
481 3834 558 3881 terris
573 3835 640 3883 Fata
681 3835 795 3884 calorum
812 3835 963 3882 memoriani.
985 3828 1230 3880 Vid.1tuhnkenius.

89 3914 212 3961 danaum
229 3913 331 3974 bonique
345 3913 417 3960 Dtat.
442 3910 640 3960 ImitatioHora-
681 3913 770 3975 Neque
795 3911 867 3959 aliter
885 3908 981 3958 Graeci.
998 3907 1147 3969 Posidippus
1164 3909 1230 3969 apud

90 3991 159 4039 tiana
167 3991 203 4039 Π.
221 3991 301 4054 Epist.
316 3992 336 4038 l.
348 3992 385 4042 17.
404 3991 433 4038 de
444 3990 573 4052 Augusto,
592 3993 640 4039 Ναί
682 3991 776 4040 Athen.
788 3988 866 4038 XIII.
878 3988 917 4035 69.
947 3987 1070 4050 Σαπφῷαι
1088 3983 1112 4032 ot
1127 3983 1231 4048 μένουσι

89 4071 218 4119 oritarum
227 4073 304 4128 altas,
312 4072 350 4118 nil
359 4077 443 4119 ortam
455 4073 505 4119 tale
509 4070 638 4133 fatentes:
682 4069 755 4132 φίλης
766 4070 815 4130 ἔτι,
828 4067 869 4116 καὶ
880 4064 1008 4131 μενέουσι,
1020 4063 1096 4123 Ὠδῆς
1108 4063 1134 4111 αἱ
1145 4065 1230 4112 λευκαὶ

89 4153 165 4196 etex
181 4147 229 4197 IV.
248 4149 331 4199 Carm.
350 4151 373 4198 ὁ.
397 4150 476 4197 Diva
492 4154 546 4197 orte
562 4149 639 4196 bona.
681 4147 848 4211 φθεγγόμεναι
865 4145 966 4201 σελίδες.

124 4227 178 4276 Nee
194 4229 420 4290 mundanensis
437 4229 541 4277 redeunt
556 4229 584 4274 in
597 4242 640 4274 na·
716 4225 834 4275 Centnnes
850 4227 975 4286 laetorque
991 4223 1052 4272 dies.
1089 4222 1231 4284 Explicatio

89 4320 148 4352 rum
160 4305 284 4369 Tempora
295 4307 415 4369 meam.
432 4305 553 4368 Quamvis
566 4319 641 4354 aurea
682 4303 850 4354 Grammatiea
866 4315 964 4359 rerunt,
982 4315 1045 4363 quae
1057 4299 1104 4348 tali
1116 4298 1177 4348 festo
1190 4300 1230 4349 die
