2916 5220
610 309 783 372 LIBER
829 310 854 371 I.

349 489 435 556 Voce
459 490 538 556 dum
562 496 677 576 terret,
701 493 820 558 virluus
840 493 991 577 pharetra

328 581 330 584 Α
433 593 522 659 Risit
545 593 676 680 Apollo.

345 696 430 776 Quin
450 703 484 762 et
504 698 658 780 Atridas,
680 698 762 763 duce
784 704 834 781 te,
860 699 1036 784 superbos,

344 800 407 864 llio
430 799 520 865 dives
543 800 695 866 Priamus
717 801 848 883 relicto,

342 903 577 988 Thessalosque
599 904 691 990 ignes
717 910 751 970 et
766 903 880 990 iniqua
902 902 1015 967 Troiae

432 1006 548 1073 Castra
565 1007 692 1073 fefellit.

342 1110 389 1174 Tu
408 1110 481 1195 pias
500 1110 596 1175 laetis
618 1110 745 1176 animas
767 1109 896 1195 reponis

344 1212 501 1297 Sedibus,
525 1213 681 1300 virgaque
701 1214 807 1279 levem
829 1217 953 1278 coerces

342 1316 451 1381 Aurea
471 1317 617 1399 turbam,
639 1315 765 1402 superis
789 1317 933 1381 Deorum

434 1419 556 1486 Gratus
577 1425 611 1486 et
632 1419 717 1484 imis.

199 1608 297 1655 Viduas
312 1607 436 1669 pharetra
447 1607 521 1654 Rau
534 1603 631 1667 Apollo.
648 1604 708 1654 Dis·
753 1621 816 1667 quae
833 1613 959 1670 tantopere
976 1607 1002 1656 in
1015 1608 1111 1672 hymno
1123 1607 1302 1656 celebraretur?

160 1686 241 1735 cimus
257 1699 290 1734 ex
306 1683 489 1748 Porphyrione,
509 1682 642 1732 Horatium
663 1683 710 1732 hoc
754 1687 829 1745 Erat,
846 1694 918 1749 puto,
936 1688 1034 1751 exigua.
1068 1688 1135 1736 Nam
1155 1687 1221 1736 idern
1238 1687 1301 1736 fece·

160 1779 263 1814 carmen
280 1763 311 1813 ab
327 1763 423 1812 Alcaeo
439 1762 562 1813 sumsisse.
595 1764 630 1811 Et
650 1777 708 1812 cou-
757 1772 817 1814 runt
839 1766 882 1815 alii
902 1768 962 1825 Dei,
979 1767 1021 1832 qui
1043 1767 1161 1816 mortales
1177 1767 1203 1816 in
1219 1767 1302 1816 locum

160 1850 212 1892 stat
237 1844 362 1893 Alcaeum
387 1843 511 1906 scripsisse
536 1842 659 1906 hymnum
683 1842 709 1890 in
754 1846 861 1909 aliquem
878 1848 1020 1905 duxerunt,
1037 1849 1157 1911 sepientes
1174 1847 1302 1905 nube,vel

160 1922 329 1980 Mercurium,
342 1923 416 1972 etiam
432 1924 458 1971 iu
470 1922 628 1986 Apollinem,
640 1922 707 1970 Pau·
753 1925 808 1974 aliis
824 1926 904 1975 modis
920 1933 1036 1976 tutantes.
1070 1930 1139 1976 Laus
1159 1927 1237 1990 igitur
1253 1941 1302 1976 non

159 2004 231 2052 sauia
247 2011 273 2052 et
296 2002 434 2052 Plutarcho
454 2003 565 2051 testibus.
598 2002 639 2051 De
660 2016 710 2064 qua
753 2006 854 2068 propria
870 2007 996 2055 Mercurii.
1030 2007 1117 2069 Neque
1138 2022 1167 2055 ea
1184 2011 1302 2069 augetur,

160 2098 188 2132 re
213 2083 264 2132 vid.
285 2083 382 2132 Fabric.
406 2083 433 2130 in
458 2081 577 2130 Biblioth.
604 2080 708 2130 Graeca.
753 2083 774 2131 si
789 2085 926 2147 cogitamus
943 2100 1001 2134 cum
1018 2086 1080 2134 nihil
1097 2085 1302 2144 hicfecisse,nisi

161 2163 280 2226 Suspicor
303 2161 386 2214 Schol.
408 2160 512 2210 Homeri
531 2161 604 2209 Iliarl.
625 2167 652 2210 0.
672 2176 708 2209 vs.
753 2164 817 2225 quod
834 2164 890 2212 Iovi
907 2163 941 2212 sic
958 2166 1089 2228 imperanti
1102 2166 1220 2228 paruerit.
1246 2166 1301 2214 Du·

159 2244 218 2292 256.
242 2258 288 2291 sua
307 2256 340 2290 ex
361 2241 455 2304 hymno
476 2238 564 2288 Alcaei
590 2240 708 2290 hausisse.
753 2242 832 2291 bitare
862 2258 958 2306 quoque
984 2243 1057 2302 licet,
1083 2259 1115 2291 an
1133 2244 1249 2292 Priamus
1266 2246 1302 2292 sic

159 2323 229 2372 Nam
254 2335 319 2386 quae
341 2319 439 2383 scripsit
458 2318 532 2382 plane
549 2332 607 2365 cum
624 2318 707 2367 Hora·
753 2322 812 2369 satis
829 2323 918 2370 Latine
935 2320 1073 2384 appelletur
1084 2324 1162 2379 dicer,
1174 2322 1233 2384 quia
1244 2336 1301 2370 cum

159 2402 234 2450 tianis
250 2399 407 2449 conveniunt.
440 2395 533 2462 Ἐρμῆς
554 2395 567 2444 ὁ
589 2397 649 2454 Διὸς
666 2397 709 2444 rai
752 2402 833 2449 multo
862 2415 924 2449 auro
952 2400 1029 2449 venit.
1076 2401 1184 2463 Stropha
1212 2401 1301 2459 eiecta,

160 2482 249 2539 Μαίας
267 2483 314 2539 τῆς
330 2476 477 2534 ’Ἄτλαντος
495 2474 548 2539 εὗρε
560 2475 653 2539 λύραν.
666 2475 708 2524 καὶ
752 2479 858 2529 Carmen
889 2478 1007 2526 habemus
1035 2478 1116 2526 multo
1149 2480 1299 2529 concinnius.

159 2563 220 2618 τοὺς
238 2559 401 2614 Ἀπόλλωνος
417 2555 484 2618 βόας
495 2553 605 2618 κλέψας,
618 2553 708 2617 εὑρέθη
753 2557 950 2616 Grammaticus,
972 2557 1036 2619 quod
1061 2571 1133 2619 saepe
1158 2558 1244 2615 fiebat,
1269 2573 1301 2608 ex

159 2640 211 2689 ὑπὸ
228 2641 275 2688 τοῦ
291 2638 352 2686 θεοῦ
369 2636 409 2685 διὰ
426 2638 472 2695 τῆς
487 2637 617 2699 μαντικῆς.
636 2633 708 2681 άπει-
752 2637 863 2686 Homero
879 2637 1000 2685 addidisse
1016 2636 1121 2683 videtur.

158 2717 285 2784 λουμένου
302 2717 327 2766 δὲ
343 2717 389 2765 τοῦ
406 2713 586 2773 Ἀπόλλωνος,
604 2711 708 2775 ἔκλεψεν
785 2720 838 2766 Ilio
862 2719 930 2764 diret
952 2717 1076 2763 Priamus
1100 2715 1194 2763 relicto.
1229 2715 1300 2763 Nihil

158 2797 241 2845 αὐτοῦ
259 2795 302 2844 καὶ
319 2795 352 2842 τὰ
369 2793 413 2841 ἐπὶ
425 2797 476 2842 τῶν
487 2790 562 2857 ὤμων
573 2791 642 2846 τόξα.
654 2809 707 2856 μει-
752 2803 801 2853 est,
823 2810 868 2844 cur
888 2795 928 2843 hic
951 2798 1037 2842 contra
1058 2792 1135 2844 MSS.
1153 2809 1300 2856 reponamus

158 2874 250 2931 ὃῑάσας
275 2873 300 2922 δὲ
324 2871 337 2920 ὃ
358 2873 430 2933 θεὸς,
452 2869 542 2920 ἔδωκεν
564 2870 636 2933 aqul
660 2870 708 2928 τὴν
752 2878 850 2926 relicta.
876 2875 968 2923 Poetae
985 2879 1090 2921 utuntur
1107 2880 1211 2936 utraque
1222 2873 1301 2923 forma

157 2955 287 3018 μαντικὴν
307 2951 414 3017 ῥάβδον.
435 2948 476 3015 ἀφ’
494 2948 523 2998 οὖ
541 2950 583 2998 rai
600 2949 707 3014 χρυσόῤ-
752 2958 817 3004 Illos
833 2960 858 3003 et
874 2955 952 3002 Ilion.
978 2952 1059 3002 Credo
1071 2953 1184 3015 equidem
1196 2953 1300 3003 alteram
1346 2979 1348 2984 ·

157 3032 238 3096 ραπις
257 3031 270 3080 ὁ
287 3032 380 3097 Ἑρμῆς
402 3028 603 3095 προσηγορεύθη.
637 3027 708 3088 Quae
751 3033 855 3082 formam
872 3035 997 3082 interdum
1015 3033 1297 3082 allbrariisfuissemu-

158 3114 185 3161 in
208 3113 295 3161 eodem
317 3111 416 3162 Scholia
438 3113 590 3173 sequuntur,
611 3106 642 3154 ab
659 3106 709 3154 alla
751 3119 844 3171 ratam,
861 3112 949 3176 quibus
967 3112 1123 3161 notiusesset
1153 3114 1299 3172 Iliam‚sed

158 3206 238 3240 manu
255 3190 350 3238 adiecta
360 3189 488 3244 vident-ur,
502 3187 568 3234 uude
582 3191 607 3233 et
618 3200 707 3234 nomen
752 3192 857 3254 ubique,
875 3193 920 3240 hoc
941 3204 990 3238 non
1013 3189 1093 3236 credo.
1127 3190 1215 3252 Neque
1235 3197 1300 3238 recte

158 3270 250 3319 Alcaei
267 3268 366 3318 excidit.
399 3268 468 3330 Ergo
484 3272 509 3315 et
526 3264 635 3314 Alcaeus
652 3264 709 3312 feeit
752 3270 838 3317 statuit
859 3269 1017 3326 Sanadonus,
1040 3283 1080 3316 eos
1101 3267 1127 3314 iu
1145 3268 1232 3316 Horat.
1250 3268 1299 3317 IV.

157 3347 316 3397 Mercurium
324 3348 536 3409 lyraeparentem,
544 3342 624 3391 furem
633 3344 708 3392 boum
753 3347 835 3397 (larm.
854 3349 944 3396 9.11οη
969 3348 1043 3395 seorel
1068 3348 1132 3395 Ilios
1156 3351 1259 3404 vexata,
1285 3363 1300 3394 a

157 3427 305 3490 Apollinem
330 3425 478 3483 minantem,
499 3430 524 3472 et
545 3438 604 3476 arcu
621 3423 708 3486 spolia·
752 3427 872 3474 mutando
896 3425 1058 3480 abstinuisse,
1080 3425 1138 3487 quia
1162 3438 1212 3470 non
1233 3430 1299 3486 pote-

157 3515 213 3555 tum
245 3506 378 3563 ridentem,
407 3509 432 3552 et
456 3503 609 3552 Mercurium
634 3517 710 3551 aurea
752 3511 808 3552 rant
837 3504 889 3552 sine
919 3505 1066 3553 detrimch
1096 3503 1176 3551 metri.
1218 3503 1300 3552 Probe

156 3585 232 3648 virga
247 3591 371 3633 ornatum.
405 3583 445 3632 Dc
461 3582 565 3630 Priamo
580 3581 650 3629 nihil.
752 3585 817 3632 enIm
834 3590 955 3632 noverant
980 3581 1142 3634 Grammatici
1167 3581 1230 3630 bene
1254 3582 1300 3630 dici

195 3665 265 3723 Quin
281 3668 306 3713 et
323 3663 440 3723 Atridas,
457 3663 518 3709 duce
535 3665 567 3718 te,
583 3663 707 3723 superbos.
752 3665 835 3712 Ilium
851 3663 891 3711 vel
909 3665 979 3712 Illac
995 3667 1100 3722 uexato,
1117 3667 1145 3708 ut
1161 3661 1300 3724 saepissime

157 3743 225 3791 Tota
246 3741 346 3805 strophe
367 3741 429 3789 mihi
446 3739 519 3788 valde
535 3746 648 3803 suspecta
663 3747 707 3788 est.
751 3741 887 3800 invenitur,
904 3742 976 3791 sicuti
988 3742 1053 3805 apud
1065 3741 1150 3789 Senes.
1161 3740 1252 3789 Troad.
1264 3754 1300 3787 vs.

161 3823 234 3880 Quin
251 3827 276 3871 el
290 3821 371 3870 maius
387 3820 481 3883 aliquid
505 3819 610 3879 indicat,
632 3834 707 3882 quam
755 3821 792 3868 14.
819 3823 915 3870 Ecetra
925 3821 1001 3884 ferro
1017 3822 1227 3880 eschrpamum.
1250 3817 1299 3866 Ubi

158 3900 227 3964 quod
242 3899 382 3963 praecessit.
416 3900 471 3957 Tu,
496 3913 511 3946 ο
532 3899 653 3957 Mercuri,
676 3897 708 3946 fa·
752 3900 808 3949 vide
825 3900 933 3949 Gronov.
952 3899 1042 3947 Tutius
1059 3897 1138 3945 estin
1156 3895 1247 3943 talibus
1264 3909 1299 3942 se-

158 3993 200 4027 ros
217 3979 346 4027 hominum
363 3979 445 4026 cultus
461 3977 586 4036 formasti,
603 3977 709 4026 nuncius
752 3980 795 4041 qui
812 3979 905 4040 optima
921 3977 998 4027 MSS.
1016 3983 1041 4023 et
1051 3973 1191 4035 legitimum
1203 3988 1299 4021 sonum.

158 4073 185 4106 aa
202 4059 332 4117 Deorum,
353 4056 470 4106 invenisti
486 4057 582 4122 lyram,
600 4058 710 4120 decipere
753 4056 877 4119 Exempla
898 4057 1052 4118 collegerunt
1072 4051 1159 4100 Heins.
1178 4052 1209 4098 ad
1226 4050 1299 4101 Ovid.

158 4136 200 4186 rel
218 4136 364 4199 Apollinem
380 4136 494 4200 potuisti,
507 4143 558 4184 tarn
569 4136 674 4185 callidus
686 4143 710 4185 et
754 4137 775 4184 I.
792 4135 893 4183 Heroid.
912 4135 951 4183 48.
969 4140 993 4182 et
1002 4133 1127 4195 interpret.
1139 4132 1171 4179 ad
1184 4130 1230 4181 Sil.
1241 4130 1300 4180 ital.

159 4218 226 4266 celer
247 4231 284 4266 es:
302 4215 362 4281 quin
379 4215 453 4265 etiam
465 4215 567 4264 Priamo
578 4215 631 4263 dux
643 4213 710 4261 suisti
755 4215 832 4262 XIII.
859 4215 898 4263 44.
920 4221 945 4263 et
966 4214 1052 4262 Burm.
1071 4211 1102 4260 ad
1120 4209 1232 4273 Propert.
1250 4208 1301 4258 III.

158 4311 204 4359 per
222 4296 315 4346 medios
331 4295 419 4345 hostes.
450 4295 551 4344 Haecuc
568 4294 623 4342 laus
635 4293 711 4355 digna
758 4293 777 4340 l.
796 4293 836 4342 31.

648 4410 810 4434 *OQ-*-
