2916 5220
163 310 227 372 236
571 307 887 371 CARMINUM

160 494 266 542 Frauek.
284 501 321 542 est
341 494 471 555 Haiyutii.
506 493 554 542 Sed
572 491 706 540 omniuob-
725 494 728 509 '
748 492 850 554 genitivi
867 492 999 556 Alyatieo,
1017 492 1175 554 Ἀλυάττεω,
1201 493 1291 541 videet

161 588 242 622 seura.
276 572 342 621 Vide
371 572 521 621 Bentleium.
555 572 595 620 De
628 570 708 619 forme
748 571 906 633 Wagnerum
923 571 955 619 ed
971 570 1007 619 11.
1025 571 1091 620 Aen.
1110 572 1167 623 371.

646 717 811 740 nom-

528 835 772 901 OARMEN
817 836 926 901 XVII.

340 986 449 1082 Aea,
474 1009 592 1065 uetusto
615 1000 726 1065 nobilis
749 999 788 1064 ab
811 1002 928 1083 Lamo,

346 1112 479 1192 Quando
502 1121 531 1176 et
549 1115 680 1197 priores
702 1111 773 1176 luinc
797 1113 930 1175 Lamiae
941 1111 1059 1196 serunt

385 1217 612 1280 Denominatoe
635 1225 664 1279 et
686 1223 831 1298 nepotum

431 1320 499 1382 Per
521 1339 668 1382 numeres
687 1338 786 1404 oenus
808 1338 895 1382 amne
906 1317 1034 1402 saetae,

342 1420 478 1484 Auctore
500 1418 539 1485 ab
562 1419 616 1485 itio
638 1420 725 1484 ducit
747 1423 913 1505 orioinem,

344 1524 408 1603 Qut
430 1524 632 1588 Formiarum
654 1526 775 1587 moenia
797 1521 914 1586 dicitur

384 1627 545 1711 Princeps
567 1636 597 1691 ct
619 1630 778 1691 innantem
800 1627 945 1691 Maricae

430 1728 590 1794 Litoribus
614 1732 748 1794 tenuisse
771 1729 876 1793 Lirim

303 1957 456 2009 CARMEN
478 1957 566 2005 XVII.
786 1929 902 1979 Demieea
919 1935 1051 1994 tempestas
1068 1932 1099 1979 ab
1118 1931 1193 1980 Euro

820 2010 934 2068 Sternet,
954 2025 1034 2072 aqueae
1049 2012 1100 2058 nisi
1109 2011 1190 2072 fallit
1206 2027 1288 2074 auam

196 2054 274 2137 Hoc
303 2100 402 2135 carmen
427 2101 501 2136 nemo
525 2087 597 2150 poitu
622 2086 709 2135 aetatis
753 2089 855 2137 Annaea
872 2089 967 2137 carnin.
1003 2089 1074 2136 Dum
1089 2094 1161 2152 poter
1177 2091 1281 2138 amium

162 2167 306 2230 Augustae,
331 2166 424 2215 nedum
445 2165 577 2222 Horatius,
602 2178 648 2226 pro
664 2179 710 2213 suo
754 2165 878 2229 Gompoue
894 2167 1004 2228 liortum,¹
1022 2181 1080 2214 crae
1095 2169 1197 2230 aenium
1214 2183 1281 2216 mero

161 2245 247 2295 haberi
267 2246 350 2294 vellet.
385 2245 574 2308 Argumentum
596 2245 650 2292 dieo
670 2244 708 2291 in·
788 2243 896 2292 Curubis
913 2249 938 2292 et
953 2258 1029 2306 porco
1045 2245 1172 2304 birneetri,

161 2330 254 2387 epium.
280 2324 320 2374 “O
345 2324 418 2380 Aeli,
444 2323 488 2387 qui
509 2337 589 2386 genus
604 2323 674 2371 ducis
695 2338 710 2370 a
820 2322 884 2371 Cum
895 2323 1008 2386 sonrutis
1025 2339 1127 2386 operum
1143 2326 1244 2374 solutu.

160 2402 253 2461 Lame,
270 2419 286 2452 e
301 2418 352 2468 quo
368 2411 393 2452 et
410 2404 511 2452 Lamias
528 2410 594 2451 ortos
611 2403 709 2460 dicunt,

161 2481 193 2528 ab
216 2482 262 2530 illo
276 2482 369 2541 Lumo,
395 2483 511 2545 inquom,
534 2484 577 2545 qui
597 2482 710 2530 Formias
790 2481 898 2539 Quando
913 2488 938 2530 et
954 2484 1052 2544 priores
1068 2485 1126 2531 hinc
1147 2485 1254 2532 Lamiae
1263 2484 1303 2547 se

160 2561 281 2618 condidit,
299 2575 353 2609 eras
369 2562 416 2609 erit
432 2568 578 2624 tempestas,
595 2574 649 2608 cres
662 2559 710 2610 Ge·
751 2564 821 2606 ruint.
859 2560 936 2609 Hune
953 2567 979 2609 et
995 2569 1044 2609 tres
1062 2568 1191 2624 sequentes
1210 2577 1302 2621 versus,

161 2639 203 2687 nio
218 2639 383 2701 indulgebis.''
405 2638 530 2702 Ineptum,
547 2641 658 2702 iuquam,
672 2653 710 2686 er·
754 2637 1061 2699 Sanudonus,10uesius,
1083 2640 1226 2700 Gesnerus,
1249 2642 1303 2700 alii,

161 2722 322 2779 gumentum,
345 2717 380 2765 sic
397 2717 558 2766 elaboratum.
593 2718 711 2766 Horatius
752 2723 846 2765 utnon
864 2719 995 2780 genuinos,
1013 2719 1169 2782 repulerunt,
1186 2721 1263 2785 idque
1279 2724 1304 2770 iu

160 2794 271 2843 carmine
287 2794 362 2857 longe
378 2795 427 2844 alio
444 2797 622 2858 explicavisset.
650 2797 711 2844 Mei·
752 2798 1085 2861 Excursulauusprobuvit.
1103 2799 1206 2848 Lamiae
1216 2799 1304 2849 Gram-

161 2873 260 2921 nekius:
283 2873 388 2922 “Deleri
405 2888 469 2936 quae
486 2888 535 2922 nou
553 2882 612 2922 sunt
628 2875 709 2922 Hora·
753 2875 843 2924 matieo
860 2877 912 2924 noti
929 2883 999 2925 eruut
1021 2891 1054 2925 ex
1079 2876 1213 2935 Iuvenale,
1231 2893 1304 2941 quem

161 2951 201 3009 tii;
219 2951 274 2999 vide
290 2951 461 2999 Buttmunuus
478 2951 586 3014 Mythol.
603 2952 710 3001 v01.11.
753 2953 864 3002 homiues
881 2954 922 3002 isti
943 2955 1085 3003 memoriter
1107 2953 1159 3004 fere
1179 2956 1304 3006 tenebunt.

161 3031 286 3092 peg.365.
320 3029 414 3078 Totum
431 3045 531 3078 carmen
548 3032 591 3094 qui
606 3031 711 3079 Horatio
754 3034 789 3081 Eu
803 3034 950 3084 Iuvenalem
961 3035 1002 3083 hie
1015 3034 1168 3085 scholiastae
1180 3038 1305 3102 excitant,

161 3108 222 3170 eripi
244 3107 324 3156 voluit
344 3109 550 3172 Peerlkampius,
576 3125 663 3159 vereor
679 3125 712 3159 ne
754 3111 806 3161 Sat.
818 3113 867 3162 IV.
882 3114 936 3162 154.
968 3115 1025 3163 Hoc
1045 3115 1131 3162 nocuit
1152 3116 1305 3165 Lamiarum

162 3185 202 3233 hie
222 3201 320 3250 quoque
340 3187 405 3236 iusto
426 3189 573 3237 severiorem
594 3203 620 3238 se
642 3204 710 3251 pree·
753 3193 825 3240 caede
842 3194 961 3241 madenti.

161 3267 263 3326 stiterit,
289 3269 344 3331 qui,
366 3284 427 3332 quos
450 3269 557 3318 rationes
573 3269 657 3317 iudicii
673 3269 711 3316 sui
789 3272 841 3319 Per
870 3286 986 3320 memores
1011 3286 1086 3334 aeuus
1111 3286 1182 3320 omne
1208 3273 1304 3334 fastor.

163 3345 247 3404 offert,
265 3345 373 3401 refutare
389 3362 499 3410 possem,
513 3349 533 3396 si
544 3349 592 3396 hoo
603 3362 711 3411 agerem,
754 3347 843 3397 Horat.
870 3348 919 3398 1v.
947 3347 1030 3398 carm.
1059 3349 1097 3397 14.
1133 3351 1189 3398 Per
1215 3353 1306 3400 titulos

162 3426 270 3474 omnes.''
304 3425 418 3484 Vellem,
436 3425 538 3475 iecisset.
573 3426 666 3487 Quodsi
678 3426 711 3474 le·
754 3442 918 3490 memoresque
935 3428 1031 3491 sartos.
1065 3427 1118 3476 Pro
1140 3429 1231 3490 foetos
1264 3431 1307 3478 olii

163 3503 253 3565 gissem
275 3504 323 3551 hoe
339 3518 451 3562 carmen,
473 3512 501 3553 ut
518 3506 659 3554 Meiuekius
676 3505 712 3551 in·
747 3507 848 3570 fastus.
880 3506 958 3562 Vide,
975 3512 1073 3568 praeter
1090 3506 1250 3565 Bentleium,
1267 3509 1306 3555 in·

163 3583 263 3643 geniose
279 3589 304 3630 et
321 3581 459 3631 felicissime
476 3585 614 3643 coustituit,
629 3585 711 3632 miuus
753 3591 872 3647 terpretes
895 3584 926 3631 od
949 3584 1005 3633 Silii
1022 3583 1080 3632 Ital.
1098 3584 1133 3633 II.
1154 3585 1192 3631 10.
1210 3592 1236 3633 et
1253 3586 1304 3634 Lu-

163 3659 264 3708 fuissem
286 3674 397 3709 severus:
415 3677 447 3708 an
463 3662 561 3711 Horatii
578 3669 654 3719 esset,
672 3669 709 3710 to·
753 3677 806 3711 cun.
825 3663 860 3711 II.
879 3664 936 3711 645.

163 3754 219 3788 men
232 3740 390 3788 dubitassem.
412 3740 454 3790 Sic
465 3747 549 3790 autem
562 3741 700 3789 constituit:
798 3741 849 3799 Qui
878 3741 1039 3788 Faunorum
1071 3741 1167 3789 rotancia
1200 3742 1305 3789 dicitur.

754 3819 910 3882 scripsissem
928 3821 972 3882 qai
989 3821 1077 3867 tenuit.
1100 3819 1158 3867 Non
1170 3819 1237 3866 enim
1250 3836 1305 3882 pro·

164 3901 223 3948 Aeli
238 3905 335 3949 oetusto
352 3901 441 3948 nabilis
459 3903 490 3949 ab
508 3901 600 3958 Lamo,
753 3898 862 3946 bandum
885 3905 920 3946 est
946 3899 1042 3946 elicitur
1063 3899 1089 3946 in
1111 3913 1138 3946 re
1158 3903 1210 3945 tum
1228 3898 1307 3946 nobili

166 3979 218 4037 Qui
235 3980 397 4027 Formiarum
413 3980 510 4027 moenia
526 3980 622 4028 dicitur
752 3984 777 4025 et
801 3991 845 4039 per
871 3975 947 4024 fastos
973 3975 1104 4024 celebrata.
1149 3975 1199 4024 Sed
1225 3990 1306 4039 neque

194 4059 320 4120 Princeps
336 4063 361 4105 et
378 4059 508 4106 innantem
526 4057 646 4108 Maricae
752 4057 835 4104 tenuit
852 4060 960 4113 rectum,
982 4068 1028 4116 pro
1047 4056 1172 4111 condidit,
1195 4054 1235 4102 vel
1253 4058 1306 4118 pri·

228 4137 359 4185 Litoribus
376 4137 484 4185 tenuisse
501 4137 586 4185 Lirim
752 4149 808 4182 numi
825 4136 958 4184 habitarit.
992 4134 1047 4182 Iam
1074 4135 1144 4181 ducit
1170 4131 1228 4180 ferri
1255 4149 1306 4181 non

164 4217 228 4264 Late
245 4220 378 4276 tyrannus.
416 4216 478 4262 Cras
488 4214 563 4278 sotiis
581 4231 666 4265 neturus
751 4219 838 4275 potest.
871 4214 904 4262 D.
927 4211 1024 4261 Heinsii
1045 4210 1211 4259 coniecturam
1232 4214 1305 4262 drucio

164 4294 261 4342 Multis
277 4298 302 4341 et
319 4294 377 4354 aloa
394 4294 456 4341 litae
472 4295 560 4342 inutili
750 4292 880 4342 Bentleius
897 4292 1085 4341 commendavit,
1116 4292 1209 4351 Error,
1231 4298 1306 4354 puto,
