2916 5220
593 314 618 376 l'r
632 315 646 377 l
661 315 725 377 llll
743 315 768 377 u
813 315 875 376 lll.
1237 313 1300 375 235

345 501 550 586 Quamquam
574 521 632 564 noo
658 499 813 565 Calabrae
837 498 937 563 mella
961 498 1070 563 ferunt
1093 519 1189 582 sepsos,

342 603 410 669 Neo
434 602 670 687 Laestrygonia
694 601 841 666 Bacchus
866 601 900 663 in
925 600 1083 684 amphora

344 706 544 791 Languesoit
566 705 666 786 mihi,
691 726 750 769 neo
773 703 912 789 pinguia
937 702 1073 768 Gallicis

432 808 592 874 Crescunt
613 806 735 872 vellera
757 806 907 891 passuiS,

343 913 537 996 Importuna
560 919 671 975 tamen
694 909 864 995 pauperies
888 909 999 990 abest,

340 1015 426 1097 Neo,
452 1015 479 1080 si
503 1014 599 1100 plura
622 1013 739 1095 velim,
765 1022 799 1077 ts
822 1013 901 1077 dore
923 1012 1061 1097 desespes.

345 1119 512 1183 Contructo
533 1116 644 1182 nelias
661 1138 770 1201 paron
794 1115 943 1200 cupidine

437 1220 610 1307 Vectipob'a
627 1223 813 1306 porricere,

346 1324 448 1403 Quom
469 1327 500 1388 ss‘
521 1323 703 1410 Mrspdons'is
725 1344 854 1408 reprcunt
876 1323 1018 1406 Alucttci

348 1427 477 1512 Campis
499 1431 679 1491 continuem.
729 1424 837 1489 Multa
859 1424 1047 1510 petentibus

342 1529 472 1594 Desunt
494 1529 608 1594 multa
659 1528 747 1594 Bene
771 1534 838 1610 est,
863 1527 916 1593 oui
942 1528 1030 1592 Deus
1054 1525 1176 1590 obtulit

430 1633 550 1715 Paroa,
575 1632 662 1717 quod
687 1631 768 1696 satis
791 1637 858 1714 est,
883 1653 991 1695 manu.

158 1780 238 1833 sorte,
254 1789 329 1837 quarn
345 1789 397 1823 sors
414 1782 450 1824 est
466 1775 586 1838 fulgentis
597 1775 707 1838 imperio.
749 1775 812 1824 Alia
839 1775 899 1823 ficta
923 1783 981 1823 sunt
1005 1790 1037 1823 ex
1062 1776 1142 1838 Epod.
1167 1775 1187 1822 I.
1226 1775 1298 1823 Satis

159 1852 241 1900 Notus
268 1859 305 1901 cst
330 1853 496 1903 Graecismus.
525 1854 619 1916 virgil.
645 1854 708 1902 VII.
749 1870 872 1917 supnqne
905 1869 943 1903 me
975 1856 1116 1917 benipnitas
1145 1860 1191 1902 tun
1217 1854 1295 1902 Ditc·

159 1930 226 1980 Aen.
243 1934 301 1982 350.
339 1934 465 1996 Fullitque
478 1933 611 1996 furentem
635 1936 708 1997 Vipe·
750 1934 795 1982 nit.

158 2025 229 2060 ream
245 2013 374 2074 impirans
390 2013 509 2062 animam.
526 2012 615 2061 Horat.
627 2013 708 2076 Epod.
790 2013 927 2062 Contracta
952 2014 1043 2061 melius
1073 2028 1157 2076 parua
1180 2013 1298 2074 cupidine

158 2089 209 2139 111.
250 2091 321 2139 Num
343 2092 471 2153 uncinus
496 2092 536 2139 bis
560 2107 635 2140 uuor
666 2094 709 2140 In·
757 2093 897 2156 Victualis
927 2093 1063 2155 porripum.
1105 2090 1192 2140 Oratio
1216 2104 1296 2152 prosa.

158 2173 243 2218 coctus
260 2185 298 2218 me
307 2169 415 2232 sepeliit.
449 2169 516 2217 Hinc
531 2170 621 2218 menda
638 2177 708 2219 retus
750 2172 808 2232 Quo
825 2170 881 2233 quis
899 2170 974 2232 plura
989 2171 1110 2232 possidet,
1127 2169 1296 2233 hocplustri·

158 2247 262 2296 eLirio
280 2246 389 2296 tollenda
404 2254 441 2296 est
458 2247 492 2297 V.
509 2249 533 2297 2.
568 2250 626 2298 Hoc
642 2250 710 2297 iilud
750 2248 805 2297 buti
821 2249 847 2296 in
864 2249 989 2297 aerarium
1010 2249 1122 2299 conferre
1143 2248 1222 2298 debet.
1256 2247 1298 2295 Ita

158 2341 224 2386 esse,
245 2329 402 2384 dictitantes,
424 2329 490 2390 quod
508 2342 568 2376 uera
585 2329 708 2377 nrilits'bus
749 2334 815 2376 certe
831 2328 900 2376 loeus
917 2328 1071 2391 accipiendus
1094 2334 1143 2385 est,
1169 2333 1196 2374 ut
1222 2326 1296 2375 etism

156 2408 211 2454 sint
232 2407 378 2455 cantitata.
413 2408 467 2454 Nec
486 2420 512 2453 se
525 2404 662 2467 fefellisse,
680 2407 709 2454 id
749 2406 842 2468 accepit
858 2405 955 2455 Comm.
973 2406 1050 2469 Cruq.
1068 2409 1296 2465 “Paucorumpos·

157 2487 250 2534 Maura
263 2487 422 2535 intraneorum
435 2501 526 2535 cnunc
535 2487 630 2534 illitum
639 2485 707 2548 fore.
746 2498 826 2533 sessor
837 2485 935 2533 minora
946 2486 1046 2533 tributo
1058 2483 1224 2545 persolvens·
1240 2481 1296 2530 Iam

157 2563 223 2612 Delo
239 2564 304 2613 illud
312 2565 381 2628 sore.
749 2563 830 2610 nescio
847 2562 913 2611 unde
929 2569 1035 2619 constet,
1061 2562 1160 2612 vivente
1176 2561 1296 2623 Augusto

192 2644 307 2705 Pinyus'u
335 2644 443 2694 Gallicis
471 2644 593 2693 Crescunt
614 2645 707 2692 vellera
748 2641 842 2689 civibus
853 2641 972 2690 Romanis
981 2642 1075 2690 tributa
1082 2655 1127 2704 pro
1135 2654 1210 2689 censu
1221 2639 1297 2687 luisse

156 2723 265 2783 pastun.
300 2720 366 2773 Oves
383 2738 399 2771 a
414 2722 534 2771 divitibus
551 2722 707 2770 habebantur
748 2720 871 2782 imposita.
906 2722 1040 2782 Augustus
1057 2719 1180 2783 populum
1196 2731 1246 2764 non
1263 2717 1294 2765 li-

158 2799 234 2848 lanse
250 2802 509 2860 mussanoncarnis.
535 2802 591 2850 Iam
600 2803 708 2864 pinques
748 2799 808 2848 bens
825 2800 955 2858 onerabat,
982 2805 1007 2848 ct
1032 2798 1155 2847 suffecisse
1180 2796 1297 2845 videntur

157 2875 266 2937 vellera,
280 2881 399 2942 pincuem
424 2880 522 2939 lanam,
545 2894 590 2943 pro
615 2880 709 2942 optima
728 2874 730 2881 '
749 2880 842 2927 reditus
859 2894 892 2929 ex
908 2879 1053 2943 provinciis,
1069 2878 1154 2935 sociis,
1171 2877 1236 2940 agris
1251 2891 1296 2939 pu·

157 2956 245 3005 haberi
261 2971 312 3005 non
335 2957 420 3006 credo:
446 2959 489 3008 sed
514 2959 618 3008 eandem
643 2973 706 3020 esse,
750 2958 835 3017 blicis,
852 2959 974 3019 metallis,
990 2959 1117 3023 portoriis,
1134 2971 1196 3006 auro
1213 2957 1296 3005 vicesi-

157 3049 224 3098 quae
244 3036 295 3085 alio
310 3038 410 3086 nomine
427 3053 483 3087 osca
499 3044 524 3086 et
540 3040 609 3087 solea
625 3038 707 3101 appel·
749 3039 838 3096 mario,
855 3040 971 3087 vicesima
987 3053 1072 3087 rerum
1088 3036 1296 3093 venalium,caet.

156 3114 270 3173 labatur,
293 3116 323 3165 de
348 3131 396 3180 qua
421 3117 442 3164 1.
461 3116 575 3180 Scaliger
592 3117 623 3164 ad
640 3117 706 3167 Var-
749 3116 908 3166 Recentiores
932 3118 1077 3180 interpretes
1100 3117 1136 3164 its
1156 3120 1296 3177 exponunt:

157 3207 212 3242 ron.
230 3195 260 3242 de
269 3194 343 3257 Ling.
355 3195 412 3244 Lat.
423 3210 482 3258 pag·
496 3196 549 3244 129.
576 3193 706 3244 claudian.
752 3197 826 3254 Quod
841 3198 961 3245 contraho
972 3197 1124 3258 cupidinem,
1134 3195 1297 3257 possessiones

156 3273 262 3336 Eutrop.
280 3274 317 3323 11.
334 3274 390 3323 set.
416 3276 509 3323 ursinis
533 3289 577 3323 nec
599 3276 707 3336 pinquis
748 3289 815 3322 naeus
818 3273 891 3336 fiunt
903 3275 1045 3336 eruptiones,
1056 3288 1131 3335 quarn
1139 3277 1207 3320 sunt.
1223 3271 1296 3332 Quod

156 3353 289 3414 quaquam
311 3354 563 3414 Vellerapertenues
568 3352 641 3416 ferri
649 3368 706 3415 pro
747 3352 856 3413 primum
885 3353 920 3400 ita
945 3352 1035 3401 Latine
1059 3350 1107 3399 dici
1132 3364 1182 3398 non
1206 3350 1295 3398 credo.

156 3432 247 3480 duem
262 3434 348 3481 νίηιαε.
381 3431 432 3482 Ubi
449 3431 586 3482 Gesnems:
604 3431 707 3480 “Lanae
748 3430 836 3480 deinde
856 3431 992 3480 sententiaa
1013 3431 1166 3479 contrarium
1188 3443 1240 3478 essa
1257 3444 1296 3478 ar·

156 3509 305 3558 molliuntur
339 3511 427 3573 pingui
457 3510 497 3557 vel
530 3510 632 3559 animali
665 3511 706 3559 vel
747 3509 833 3559 bitror.
867 3510 996 3560 Professus
1021 3509 1088 3559 enim
1112 3516 1166 3557 erat
1189 3523 1216 3557 se
1236 3508 1296 3557 satis

155 3588 248 3637 olivo.”
272 3590 419 3652 Ingenium
430 3591 629 3638 oenseoztenuia
644 3590 706 3638 Gel-
747 3589 845 3638 habere.
878 3588 954 3637 Nunc
979 3595 1063 3638 autem
1088 3587 1180 3636 diceret
1201 3602 1227 3636 se
1244 3601 1295 3635 reni

156 3670 214 3717 licis
237 3668 361 3718 Crescunt
378 3670 471 3717 uellera
485 3670 595 3730 pascuis.
624 3670 707 3717 Tenue
748 3681 820 3715 suam
837 3669 987 3732 parcimonia
1009 3682 1108 3732 augere.
1140 3668 1196 3717 Hoc
1221 3668 1296 3716 etiam

157 3747 240 3796 vellus
256 3752 281 3796 et
295 3746 356 3795 lana
376 3746 518 3795 laudantur.
552 3745 647 3807 virgil.
669 3745 706 3794 II.
747 3747 817 3794 avari
833 3746 940 3803 faciunt,
956 3747 999 3810 qui
1016 3747 1133 3810 quaesitis
1149 3752 1255 3808 pareunt
1272 3754 1296 3792 at

156 3825 249 3888 Georg.
269 3827 323 3876 121.
370 3827 515 3889 Velleraque
532 3825 648 3889 trifoliis
664 3828 705 3873 ste·
748 3824 882 3884 abstinent,
912 3833 941 3872 nt
970 3839 1059 3874 acervo
1084 3838 1179 3886 semper
1204 3823 1295 3886 aliquid

154 3911 261 3967 pectant
279 3906 365 3954 tenuia
383 3906 464 3954 Seres.
498 3902 642 3954 Columella
658 3902 706 3952 Rei
748 3903 847 3951 addant.

156 3982 351 4034 Rust.V11.2.
381 3984 513 4032 Tenuiorr's
529 3983 629 4032 velleris
642 3983 706 4031 nrs'e·
782 3984 867 4041 Quone
884 3985 906 4030 si
924 3983 1070 4044 Mypdouiis
1087 3996 1190 4043 rennuis
1205 3983 1295 4042 Alpin-

157 4069 201 4112 tes.
748 4061 788 4108 tei.
814 4058 1040 4120 Ingrataciusrlem
1052 4058 1218 4120 reirepetitio.
1241 4059 1296 4107 iam

192 4142 258 4197 Nec,
285 4140 308 4188 si
330 4141 410 4200 plura
435 4139 517 4187 uelim.
563 4138 706 4187 Secundum
747 4138 866 4200 legimus:
887 4138 1032 4186 Corstemtne
1053 4138 1167 4186 domim
1190 4139 1295 4201 spleneti-

156 4219 292 4273 rationem,
315 4232 366 4280 qua
386 4217 432 4265 hoc
454 4231 554 4265 carmen
578 4215 706 4275 constitui,
748 4218 803 4265 dior
820 4219 871 4273 rei,
894 4218 979 4275 Quone
996 4219 1019 4264 si
1035 4218 1158 4279 qrtidqus'ri
1174 4223 1234 4266 crut
1251 4219 1296 4266 iur-

156 4296 293 4358 lcgendum
310 4304 358 4345 ost:
386 4297 438 4345 Nec
466 4296 500 4343 nrt
524 4298 601 4357 plura
626 4298 706 4345 eelim.
727 4366 730 4393 Ι
748 4299 819 4358 piper
838 4297 937 4358 Apulus
957 4297 1091 4346 occultare
1106 4302 1167 4344 caet.
1193 4295 1224 4343 In
1240 4296 1296 4345 MS.
