2916 5220
508 332 683 394 LIBER
728 332 793 395 Ill.

266 516 390 600 impiae
414 538 551 601 sponsos
575 525 709 602 potuere
733 519 813 582 diuo

355 619 492 684 Perdere
515 619 616 684 ferro!

264 723 339 788 Una
362 723 402 789 de
425 723 557 806 multis,
583 724 653 789 face
676 725 818 810 nuptiali

265 826 391 910 Digna,
415 827 582 911 periurum
605 827 671 891 fuit
693 827 729 891 in
751 833 920 912 parentem

265 927 443 1014 Splendide
466 929 627 1012 mendax,
652 935 685 993 et
708 930 743 993 in
767 952 863 994 omne
886 931 979 1015 virgo

350 1029 480 1096 Nobilis
504 1053 629 1096 aevum.

265 1133 387 1218 Surge,
412 1156 495 1218 quae
519 1134 605 1198 dixit
627 1135 739 1200 iuveni
761 1136 898 1217 meritc,

264 1236 382 1322 Surge,
407 1260 448 1302 ne
471 1237 590 1322 longus
615 1238 676 1302 tibi
700 1260 853 1321 somnus,
879 1239 966 1303 unde

263 1338 338 1403 Non
364 1340 478 1422 times,
503 1341 613 1405 detur:
639 1362 785 1406 socerum
809 1348 842 1405 et
866 1342 1019 1407 scelestas

352 1443 444 1507 Falle
468 1464 606 1508 sorores:

263 1544 372 1628 Quae,
397 1547 489 1611 velut
512 1553 627 1611 nactae
650 1547 772 1611 vitulos
797 1546 945 1629 leaenae,

264 1647 437 1732 Singulos,
462 1650 561 1714 eheu!
586 1649 745 1715 lacerant:
771 1672 831 1735 ego
855 1650 922 1714 illis

261 1750 411 1834 Mollior,
435 1774 494 1816 nec
519 1759 550 1816 te
574 1752 688 1817 feriam
712 1775 816 1839 neque
840 1754 927 1817 intra

353 1855 505 1921 Claustra
528 1857 653 1921 tenebo.
810 1924 814 1931 ,

263 1958 317 2023 Me
339 1964 432 2044 pater
455 1960 560 2025 saevis
584 1967 696 2025 oneret
720 1961 866 2041 catenis,

263 2060 357 2140 Quod
381 2063 450 2126 viro
473 2062 616 2127 clemens
640 2063 759 2128 misero
782 2063 929 2149 peperci:

263 2165 317 2230 Me
341 2167 393 2230 vel
417 2174 578 2232 extremos
602 2167 820 2232 Numidarum
846 2167 879 2230 in
904 2189 997 2251 agros

351 2270 464 2335 Classe
487 2271 617 2355 releget.

77 2434 141 2495 pia,
156 2449 221 2496 qaae
236 2434 312 2484 socies
329 2434 417 2482 Ithaci
427 2435 626 2482 moereateeabe-
669 2433 819 2480 conveniunt
836 2434 942 2481 leaenae.
975 2433 1101 2480 Lacerant
1118 2432 1215 2480 sufficit.

79 2514 124 2574 yet.
669 2512 770 2560 Vetusti
796 2512 939 2574 scriptores,
972 2510 1085 2573 Tragici,
1111 2510 1216 2567 Accius,

116 2592 251 2654 Splendida
266 2592 381 2640 mendae.
415 2590 503 2642 Cicero
527 2606 572 2654 pro
596 2592 627 2653 Q.
669 2591 792 2648 Naevius,
808 2590 947 2648 Pacuvius,
961 2589 1216 2650 alii,alliterationem

80 2669 185 2733 Ligario
198 2673 251 2720 ab.
270 2672 300 2720 Si
317 2674 417 2720 honesto
434 2677 457 2720 et
475 2673 630 2721 misericordi
670 2671 798 2731 amabaut;
823 2685 873 2719 non
895 2678 979 2719 tamen
995 2671 1050 2719 siue
1068 2670 1158 2719 iudicio
1175 2687 1217 2719 au·

80 2751 208 2798 areadacio
228 2751 307 2797 saluti
327 2752 389 2799 cioca
409 2751 551 2798 calatratasi
571 2765 626 2798 eme-
669 2749 736 2796 rium
753 2759 777 2798 ct
799 2751 893 2814 ingenii
914 2751 1087 2800 adhibuerunt.
1121 2751 1217 2800 Eadem

79 2830 177 2876 saltam
194 2830 381 2877 essecellemaa
407 2828 487 2877 Tacit.
503 2828 551 2877 IV.
563 2828 628 2876 Hist.
670 2836 707 2878 est
723 2831 786 2879 ratio
802 2831 827 2879 iu
844 2831 940 2890 Ennio,
961 2830 1064 2891 Planta,
1088 2830 1217 2889 Terentio,

80 2907 121 2955 50.
157 2907 251 2956 Seruus
271 2907 365 2970 eqrepe'o
387 2908 515 2957 mendacio
536 2922 561 2955 ee
582 2908 628 2955 Pt-
670 2909 789 2972 Virgilio,
805 2912 939 2974 paucisque
960 2910 1027 2969 aliis,
1053 2910 1096 2973 qui
1120 2909 1146 2956 iu
1172 2925 1216 2958 nu-

79 3001 163 3034 aeaem
179 2999 232 3034 ease
247 2988 381 3048 respmcdit.
416 2985 533 3035 Ambros.
554 2986 627 3035 Tom.
670 3002 736 3036 merc
759 2995 824 3037 sunt.
862 2989 902 3038 De
923 2988 1085 3037 alliteratioue
1104 2993 1217 3036 veterum

80 3063 118 3111 II.
135 3079 193 3126 pag.
210 3064 268 3112 948.
306 3067 446 3114 Obeatam
463 3066 626 3114 mendacium.
670 3067 834 3129 Tragicorum
843 3067 964 3116 nonnulla
972 3067 1100 3116 annotavit
1111 3067 1144 3116 Η.
1152 3067 1215 3117 Stie-

80 3143 230 3206 Fulgentius
258 3145 343 3194 Error.
374 3144 468 3193 Gentil.
497 3159 554 3208 pag.
587 3146 626 3196 57.
669 3144 767 3206 glitzius
784 3145 809 3193 in
827 3144 863 3193 M.
873 3145 984 3194 Pacuvii
994 3145 1124 3193 Duloreste
1136 3160 1159 3207 p.
1175 3144 1215 3193 81.

81 3224 196 3271 Honeste
220 3225 327 3272 ruendam
351 3225 469 3273 Graecia.
504 3222 627 3271 Paulinus
669 3229 693 3272 et
709 3223 815 3272 Iacobus
837 3223 869 3271 ad
894 3222 969 3272 Corn.
996 3221 1081 3271 Severi
1104 3221 1216 3270 Aetnam

80 3299 140 3348 Nat.
158 3300 191 3349 V.
208 3301 299 3350 Felicis
316 3317 339 3364 p.
367 3303 411 3350 66:
438 3303 540 3350 Fraude
564 3304 628 3350 tona
668 3316 692 3363 p.
712 3302 766 3350 194.
800 3302 989 3364 Argumentum
1005 3300 1143 3362 latcpatet.
1160 3301 1216 3349 Nisi

73 3378 178 3440 saliua,
195 3379 479 3442 animemeate'tafideti.
505 3379 626 3428 Prudent.
667 3381 718 3428 iam
734 3381 834 3428 uberius
856 3377 1009 3443 explicatum
1031 3380 1073 3435 sit,
1098 3379 1216 3442 explicari

80 3457 141 3506 Vol.
158 3457 179 3506 1.
196 3474 253 3521 pag.
270 3459 309 3508 93.
345 3461 394 3509 Pie
409 3465 551 3510 contumax.
586 3459 625 3510 Si·
668 3465 784 3508 meretur.

79 3537 150 3585 milia
177 3538 299 3600 quaedam
324 3539 452 3588 annotavit
476 3538 625 3588 Rittcrshus.
701 3541 788 3601 Neque
821 3540 900 3586 intra.
937 3538 968 3586 In
997 3537 1111 3600 plurimis
1136 3539 1213 3590 MSS.

79 3615 112 3663 ad
129 3615 253 3666 Guntheri
269 3618 359 3680 Ligur.
374 3618 410 3666 11.
428 3619 485 3666 563.
668 3633 752 3680 neque.
783 3617 911 3666 Bentleius
935 3623 1007 3681 putat
1023 3618 1158 3666 Horatium
1175 3619 1215 3668 hic

114 3696 244 3758 Stapalos,
259 3698 332 3746 eheu!
351 3699 473 3745 lacerant.
498 3696 626 3760 Vidi,qui
668 3697 775 3759 gratiam
792 3697 918 3745 varietatis
935 3697 1090 3760 quaesivisse,
1106 3703 1139 3754 et,
1155 3713 1213 3760 quo·

79 3773 223 3822 coniiceret:
240 3776 625 3838 Siayaloe,·Lyaeea,laceraat.
667 3775 712 3824 ties
745 3775 808 3825 liber
834 3783 887 3825 erat
917 3792 932 3824 a
957 3777 1030 3826 metri
1054 3777 1212 3835 necessitate,

79 3853 228 3903 Coniectura
253 3867 332 3916 neque
360 3853 401 3902 hic
431 3855 578 3910 necessaria,
601 3860 627 3903 et
667 3870 799 3917 aee-aeque
816 3855 855 3902 vel
873 3871 1016 3918 aeque-aec,
1037 3870 1087 3905 non
1103 3855 1140 3904 bis
1157 3871 1213 3905 eau-

78 3946 140 3980 souo
164 3930 266 3979 auribus
288 3931 395 3994 ingrato.
432 3931 625 3981 Labdacismum
667 3932 723 3980 dem
740 3933 889 3994 particulam
906 3949 950 3982 aec
964 3949 1006 3982 nec
1023 3940 1066 3981 aut
1082 3950 1160 3997 neque
1173 3952 1214 3984 ae·

78 4016 169 4058 vocant
190 4009 285 4060 Graeci.
319 4010 398 4074 Saepe
422 4012 482 4070 tria,
507 4017 625 4074 quatuor,
666 4026 713 4072 que
728 4011 845 4073 posuisse.
878 4010 982 4060 Constat
1004 4026 1017 4061 c
1036 4018 1110 4075 atqu
1127 4016 1214 4062 veteri·

76 4089 165 4152 plura,
182 4090 301 4138 conanus
316 4090 393 4139 verba
410 4090 441 4138 ab
463 4091 550 4140 isdem
573 4091 626 4140 lite·
667 4088 713 4136 bus
735 4088 845 4136 eiusdem
866 4086 940 4136 fuisse
961 4089 1088 4152 potestatis
1107 4096 1132 4138 et
1148 4092 1214 4146 soni,

77 4169 111 4216 ris
142 4168 303 4232 incipiuntur.
348 4169 396 4220 Sed
427 4170 514 4232 optimi
541 4170 627 4232 poetae
667 4173 696 4215 ut
713 4168 738 4214 iu
755 4181 850 4229 qaoque
866 4175 891 4216 et
907 4183 967 4218 cece.
1001 4168 1166 4220 ViuMarkl.
1184 4173 1215 4220 ad

76 4248 130 4296 vim
147 4248 278 4297 literarum
294 4250 337 4308 rei,
349 4263 414 4312 quae
427 4249 625 4312 agitantium·
669 4246 743 4297 Statii
763 4246 784 4295 Ι.
803 4245 865 4296 silv.
883 4247 908 4294 t.
925 4247 979 4294 ll3.
1014 4246 1152 4310 Perparum
1169 4249 1214 4312 igi-

76 4327 220 4376 modebant.
264 4327 385 4391 liquidae
418 4328 504 4377 literae
536 4342 626 4390 parum
668 4333 710 4374 tur
731 4327 833 4376 interest
853 4327 917 4376 iuter
937 4342 981 4378 aec
1000 4333 1026 4375 ct
1046 4344 1135 4390 aeque,
1152 4335 1216 4378 recte

1042 4407 1083 4472 15
