<?xml version="1.0" encoding="UTF-8"?>
<!DOCTYPE html PUBLIC "-//W3C//DTD XHTML 1.0 Transitional//EN"
    "http://www.w3.org/TR/xhtml1/DTD/xhtml1-transitional.dtd">
<html xmlns="http://www.w3.org/1999/xhtml" xml:lang="en" lang="en">
 <head>
  <title>
</title>
<meta http-equiv="Content-Type" content="text/html;charset=utf-8" />
  <meta name='ocr-system' content='tesseract 3.04.00' />
  <meta name='ocr-capabilities' content='ocr_page ocr_carea ocr_par ocr_line ocrx_word'/>
</head>
<body>
  <div class='ocr_page' id='page_1' title='image "./qhoratiiflaccic00horagoog_0064.png"; bbox 0 0 2916 5220; ppageno 0'>
   <div class='ocr_carea' id='block_1_1' title="bbox 558 310 805 374">
    <p class='ocr_par' dir='ltr' id='par_1_1' title="bbox 558 310 805 374">
     <span class='ocr_line' id='line_1_1' title="bbox 558 310 805 374; baseline -0.004 -1"><span class='ocrx_word' id='word_1_1' title='bbox 558 310 732 374; x_wconf 68' lang='lat' dir='ltr'><strong>lillllllt</strong></span> <span class='ocrx_word' id='word_1_2' title='bbox 781 310 805 372; x_wconf 92' lang='lat' dir='ltr'><strong>l.</strong></span> 
     </span>
    </p>
   </div>
   <div class='ocr_carea' id='block_1_2' title="bbox 290 495 924 1096">
    <p class='ocr_par' dir='ltr' id='par_1_2' title="bbox 290 495 924 1096">
     <span class='ocr_line' id='line_1_2' title="bbox 426 495 709 582; baseline 0 -24"><span class='ocrx_word' id='word_1_3' title='bbox 426 496 568 582; x_wconf 69' lang='lat' dir='ltr'><strong>rieqaare</strong></span> <span class='ocrx_word' id='word_1_4' title='bbox 590 495 709 560; x_wconf 70' lang='lat' dir='ltr'><strong>anae.</strong></span> 
     </span>
     <span class='ocr_line' id='line_1_3' title="bbox 290 597 924 680; baseline -0.005 -18"><span class='ocrx_word' id='word_1_5' title='bbox 290 599 442 664; x_wconf 86' lang='lat' dir='ltr'>Vidimus</span> <span class='ocrx_word' id='word_1_6' title='bbox 465 599 589 664; x_wconf 87' lang='lat' dir='ltr'><strong>flavum</strong></span> <span class='ocrx_word' id='word_1_7' title='bbox 611 597 769 680; x_wconf 81' lang='lat' dir='ltr'><strong>Tiberim,</strong></span> <span class='ocrx_word' id='word_1_8' title='bbox 794 597 924 663; x_wconf 89' lang='lat' dir='ltr'><strong>retortis</strong></span> 
     </span>
     <span class='ocr_line' id='line_1_4' title="bbox 293 699 887 780; baseline 0 -16"><span class='ocrx_word' id='word_1_9' title='bbox 293 701 402 766; x_wconf 83' lang='lat' dir='ltr'><strong>Litore</strong></span> <span class='ocrx_word' id='word_1_10' title='bbox 426 701 565 766; x_wconf 85' lang='lat' dir='ltr'><strong>Etrusco</strong></span> <span class='ocrx_word' id='word_1_11' title='bbox 589 700 749 765; x_wconf 83' lang='lat' dir='ltr'><strong>violenter</strong></span> <span class='ocrx_word' id='word_1_12' title='bbox 773 699 887 780; x_wconf 91' lang='lat' dir='ltr'><strong>undis,</strong></span> 
     </span>
     <span class='ocr_line' id='line_1_5' title="bbox 290 802 911 887; baseline -0.002 -21"><span class='ocrx_word' id='word_1_13' title='bbox 290 804 342 868; x_wconf 91' lang='lat' dir='ltr'><strong>Ire</strong></span> <span class='ocrx_word' id='word_1_14' title='bbox 366 803 528 869; x_wconf 89' lang='lat' dir='ltr'><strong>deiectum</strong></span> <span class='ocrx_word' id='word_1_15' title='bbox 552 808 767 868; x_wconf 88' lang='lat' dir='ltr'><strong>monumenta</strong></span> <span class='ocrx_word' id='word_1_16' title='bbox 790 802 911 887; x_wconf 87' lang='lat' dir='ltr'><strong>Regis,</strong></span> 
     </span>
     <span class='ocr_line' id='line_1_6' title="bbox 426 907 784 992; baseline 0 -22"><span class='ocrx_word' id='word_1_17' title='bbox 426 907 624 992; x_wconf 88' lang='lat' dir='ltr'><strong>Templaque</strong></span> <span class='ocrx_word' id='word_1_18' title='bbox 646 907 784 983; x_wconf 80' lang='lat' dir='ltr'><strong>Vestae3</strong></span> 
     </span>
     <span class='ocr_line' id='line_1_7' title="bbox 295 1010 841 1096; baseline 0 -23"><span class='ocrx_word' id='word_1_19' title='bbox 295 1010 375 1074; x_wconf 80' lang='lat' dir='ltr'><strong>Iliae</strong></span> <span class='ocrx_word' id='word_1_20' title='bbox 397 1011 471 1074; x_wconf 81' lang='lat' dir='ltr'><strong>dane</strong></span> <span class='ocrx_word' id='word_1_21' title='bbox 493 1032 527 1075; x_wconf 81' lang='lat' dir='ltr'><strong>ae</strong></span> <span class='ocrx_word' id='word_1_22' title='bbox 549 1015 678 1076; x_wconf 79' lang='lat' dir='ltr'><strong>nimiunn</strong></span> <span class='ocrx_word' id='word_1_23' title='bbox 700 1014 841 1096; x_wconf 77' lang='lat' dir='ltr'><strong>querenti</strong></span> 
     </span>
    </p>
   </div>
   <div class='ocr_carea' id='block_1_3' title="bbox 108 1145 1288 4365">
    <p class='ocr_par' dir='ltr' id='par_1_3' title="bbox 108 1145 1288 4365">
     <span class='ocr_line' id='line_1_8' title="bbox 110 1145 1248 1209; baseline 0 -16"><span class='ocrx_word' id='word_1_24' title='bbox 110 1149 227 1209; x_wconf 83' lang='lat' dir='ltr'><strong>Aequore</strong></span> <span class='ocrx_word' id='word_1_25' title='bbox 242 1148 340 1195; x_wconf 84' lang='lat' dir='ltr'><strong>damae.</strong></span> <span class='ocrx_word' id='word_1_26' title='bbox 374 1146 430 1194; x_wconf 88' lang='lat' dir='ltr'><strong>Hoc</strong></span> <span class='ocrx_word' id='word_1_27' title='bbox 447 1154 496 1203; x_wconf 90' lang='lat' dir='ltr'><strong>est,</strong></span> <span class='ocrx_word' id='word_1_28' title='bbox 514 1147 601 1194; x_wconf 86' lang='lat' dir='ltr'><strong>damae</strong></span> <span class='ocrx_word' id='word_1_29' title='bbox 615 1146 661 1194; x_wconf 92' lang='lat' dir='ltr'><strong>sub</strong></span> <span class='ocrx_word' id='word_1_30' title='bbox 698 1151 783 1194; x_wconf 86' lang='lat' dir='ltr'><strong>antem</strong></span> <span class='ocrx_word' id='word_1_31' title='bbox 805 1148 894 1194; x_wconf 81' lang='lat' dir='ltr'><strong>Vestae</strong></span> <span class='ocrx_word' id='word_1_32' title='bbox 908 1147 1097 1202; x_wconf 74' lang='lat' dir='ltr'><strong>conveniebant,</strong></span> <span class='ocrx_word' id='word_1_33' title='bbox 1114 1147 1179 1206; x_wconf 83' lang='lat' dir='ltr'><strong>quad</strong></span> <span class='ocrx_word' id='word_1_34' title='bbox 1188 1145 1248 1208; x_wconf 87' lang='lat' dir='ltr'><strong>fae·</strong></span> 
     </span>
     <span class='ocr_line' id='line_1_9' title="bbox 109 1223 1248 1288; baseline -0.002 -16"><span class='ocrx_word' id='word_1_35' title='bbox 109 1240 177 1288; x_wconf 88' lang='lat' dir='ltr'><strong>aqua</strong></span> <span class='ocrx_word' id='word_1_36' title='bbox 198 1231 324 1273; x_wconf 88' lang='lat' dir='ltr'><strong>natarunt.</strong></span> <span class='ocrx_word' id='word_1_37' title='bbox 358 1225 440 1273; x_wconf 87' lang='lat' dir='ltr'><strong>Aliud</strong></span> <span class='ocrx_word' id='word_1_38' title='bbox 461 1226 550 1274; x_wconf 88' lang='lat' dir='ltr'><strong>Latine</strong></span> <span class='ocrx_word' id='word_1_39' title='bbox 571 1225 661 1287; x_wconf 86' lang='lat' dir='ltr'><strong>signiti—</strong></span> <span class='ocrx_word' id='word_1_40' title='bbox 699 1231 742 1272; x_wconf 89' lang='lat' dir='ltr'><strong>rat</strong></span> <span class='ocrx_word' id='word_1_41' title='bbox 759 1240 774 1273; x_wconf 89' lang='lat' dir='ltr'><strong>a</strong></span> <span class='ocrx_word' id='word_1_42' title='bbox 792 1225 883 1285; x_wconf 83' lang='lat' dir='ltr'><strong>templo</strong></span> <span class='ocrx_word' id='word_1_43' title='bbox 899 1228 1028 1272; x_wconf 66' lang='lat' dir='ltr'><strong>natorum.</strong></span> <span class='ocrx_word' id='word_1_44' title='bbox 1046 1223 1159 1285; x_wconf 80' lang='lat' dir='ltr'><strong>Apparet</strong></span> <span class='ocrx_word' id='word_1_45' title='bbox 1175 1223 1248 1279; x_wconf 89' lang='lat' dir='ltr'><strong>enirn,</strong></span> 
     </span>
     <span class='ocr_line' id='line_1_10' title="bbox 109 1302 1238 1366; baseline -0.002 -14"><span class='ocrx_word' id='word_1_46' title='bbox 109 1304 162 1352; x_wconf 85' lang='lat' dir='ltr'><strong>cari</strong></span> <span class='ocrx_word' id='word_1_47' title='bbox 188 1318 239 1352; x_wconf 90' lang='lat' dir='ltr'><strong>nou</strong></span> <span class='ocrx_word' id='word_1_48' title='bbox 263 1308 350 1365; x_wconf 89' lang='lat' dir='ltr'><strong>potest.</strong></span> <span class='ocrx_word' id='word_1_49' title='bbox 390 1304 539 1366; x_wconf 88' lang='lat' dir='ltr'><strong>Interpretes</strong></span> <span class='ocrx_word' id='word_1_50' title='bbox 564 1318 662 1351; x_wconf 83' lang='lat' dir='ltr'><strong>sensere</strong></span> <span class='ocrx_word' id='word_1_51' title='bbox 698 1303 738 1352; x_wconf 82' lang='lat' dir='ltr'><strong>vel</strong></span> <span class='ocrx_word' id='word_1_52' title='bbox 762 1318 794 1352; x_wconf 87' lang='lat' dir='ltr'><strong>ex</strong></span> <span class='ocrx_word' id='word_1_53' title='bbox 815 1303 880 1350; x_wconf 90' lang='lat' dir='ltr'><strong>male</strong></span> <span class='ocrx_word' id='word_1_54' title='bbox 901 1302 1041 1350; x_wconf 72' lang='lat' dir='ltr'><strong>cohaerenti</strong></span> <span class='ocrx_word' id='word_1_55' title='bbox 1063 1302 1194 1351; x_wconf 83' lang='lat' dir='ltr'><strong>verborum</strong></span> <span class='ocrx_word' id='word_1_56' title='bbox 1210 1317 1238 1352; x_wconf 93' lang='lat' dir='ltr'><strong>or</strong></span> 
     </span>
     <span class='ocr_line' id='line_1_11' title="bbox 109 1382 1250 1446; baseline 0.001 -16"><span class='ocrx_word' id='word_1_57' title='bbox 109 1398 187 1445; x_wconf 87' lang='lat' dir='ltr'><strong>quam</strong></span> <span class='ocrx_word' id='word_1_58' title='bbox 199 1382 309 1431; x_wconf 88' lang='lat' dir='ltr'><strong>alienum</strong></span> <span class='ocrx_word' id='word_1_59' title='bbox 323 1383 370 1431; x_wconf 88' lang='lat' dir='ltr'><strong>hoe</strong></span> <span class='ocrx_word' id='word_1_60' title='bbox 383 1390 454 1431; x_wconf 89' lang='lat' dir='ltr'><strong>esset.</strong></span> <span class='ocrx_word' id='word_1_61' title='bbox 484 1383 572 1446; x_wconf 88' lang='lat' dir='ltr'><strong>Itaque</strong></span> <span class='ocrx_word' id='word_1_62' title='bbox 584 1383 661 1445; x_wconf 89' lang='lat' dir='ltr'><strong>expli·</strong></span> <span class='ocrx_word' id='word_1_63' title='bbox 698 1384 766 1440; x_wconf 88' lang='lat' dir='ltr'><strong>dine,</strong></span> <span class='ocrx_word' id='word_1_64' title='bbox 783 1383 843 1429; x_wconf 88' lang='lat' dir='ltr'><strong>haec</strong></span> <span class='ocrx_word' id='word_1_65' title='bbox 855 1382 890 1428; x_wconf 89' lang='lat' dir='ltr'><strong>ita</strong></span> <span class='ocrx_word' id='word_1_66' title='bbox 900 1395 954 1429; x_wconf 87' lang='lat' dir='ltr'><strong>esse</strong></span> <span class='ocrx_word' id='word_1_67' title='bbox 965 1382 1159 1443; x_wconf 88' lang='lat' dir='ltr'><strong>transponenda:</strong></span> <span class='ocrx_word' id='word_1_68' title='bbox 1178 1386 1192 1407; x_wconf 86' lang='lat'><strong><em>“</em></strong></span> <span class='ocrx_word' id='word_1_69' title='bbox 1199 1384 1224 1431; x_wconf 87' lang='lat' dir='ltr'><em>U</em></span> <span class='ocrx_word' id='word_1_70' title='bbox 1225 1385 1250 1431; x_wconf 89' lang='lat' dir='ltr'><strong>bi</strong></span> 
     </span>
     <span class='ocr_line' id='line_1_12' title="bbox 108 1461 1250 1524; baseline -0.003 -15"><span class='ocrx_word' id='word_1_71' title='bbox 108 1475 167 1510; x_wconf 84' lang='lat' dir='ltr'><strong>aare</strong></span> <span class='ocrx_word' id='word_1_72' title='bbox 187 1468 310 1524; x_wconf 87' lang='lat' dir='ltr'><strong>eoguntur</strong></span> <span class='ocrx_word' id='word_1_73' title='bbox 332 1475 438 1524; x_wconf 75' lang='lat' dir='ltr'><strong>aequme</strong></span> <span class='ocrx_word' id='word_1_74' title='bbox 457 1465 596 1524; x_wconf 79' lang='lat' dir='ltr'><strong>superiecto</strong></span> <span class='ocrx_word' id='word_1_75' title='bbox 613 1468 662 1511; x_wconf 87' lang='lat' dir='ltr'><strong>ter-</strong></span> <span class='ocrx_word' id='word_1_76' title='bbox 698 1468 773 1511; x_wconf 83' lang='lat' dir='ltr'><strong>erent</strong></span> <span class='ocrx_word' id='word_1_77' title='bbox 803 1462 924 1522; x_wconf 74' lang='lat' dir='ltr'><strong>Viryines.</strong></span> <span class='ocrx_word' id='word_1_78' title='bbox 968 1461 1011 1506; x_wconf 78' lang='lat' dir='ltr'><strong>Aa</strong></span> <span class='ocrx_word' id='word_1_79' title='bbox 1042 1461 1140 1506; x_wconf 78' lang='lat' dir='ltr'><strong>etaiam</strong></span> <span class='ocrx_word' id='word_1_80' title='bbox 1165 1464 1250 1508; x_wconf 84' lang='lat' dir='ltr'><strong>antem</strong></span> 
     </span>
     <span class='ocr_line' id='line_1_13' title="bbox 108 1537 1249 1602; baseline -0.004 -14"><span class='ocrx_word' id='word_1_81' title='bbox 108 1555 181 1601; x_wconf 84' lang='lat' dir='ltr'><strong>ram,</strong></span> <span class='ocrx_word' id='word_1_82' title='bbox 206 1547 299 1590; x_wconf 70' lang='lat' dir='ltr'><strong>neantes</strong></span> <span class='ocrx_word' id='word_1_83' title='bbox 319 1546 344 1588; x_wconf 89' lang='lat' dir='ltr'><strong>et</strong></span> <span class='ocrx_word' id='word_1_84' title='bbox 363 1555 447 1602; x_wconf 81' lang='lat' dir='ltr'><strong>rupes.</strong></span> <span class='ocrx_word' id='word_1_85' title='bbox 480 1539 624 1595; x_wconf 80' lang='lat' dir='ltr'><strong>Crederem,</strong></span> <span class='ocrx_word' id='word_1_86' title='bbox 641 1539 662 1586; x_wconf 89' lang='lat' dir='ltr'><strong>si</strong></span> <span class='ocrx_word' id='word_1_87' title='bbox 703 1543 793 1589; x_wconf 83' lang='lat' dir='ltr'><strong>Vestae</strong></span> <span class='ocrx_word' id='word_1_88' title='bbox 817 1539 1006 1594; x_wconf 70' lang='lat' dir='ltr'><strong>conveniebant,</strong></span> <span class='ocrx_word' id='word_1_89' title='bbox 1032 1538 1096 1598; x_wconf 83' lang='lat' dir='ltr'><strong>qaod</strong></span> <span class='ocrx_word' id='word_1_90' title='bbox 1113 1537 1208 1598; x_wconf 85' lang='lat' dir='ltr'><strong>suerat</strong></span> <span class='ocrx_word' id='word_1_91' title='bbox 1233 1554 1249 1585; x_wconf 90' lang='lat' dir='ltr'><strong>a</strong></span> 
     </span>
     <span class='ocr_line' id='line_1_14' title="bbox 109 1614 1249 1682; baseline -0.003 -16"><span class='ocrx_word' id='word_1_92' title='bbox 109 1618 168 1666; x_wconf 88' lang='lat' dir='ltr'><strong>talis</strong></span> <span class='ocrx_word' id='word_1_93' title='bbox 192 1633 243 1667; x_wconf 85' lang='lat' dir='ltr'><strong>vox</strong></span> <span class='ocrx_word' id='word_1_94' title='bbox 262 1620 441 1682; x_wconf 79' lang='lat' dir='ltr'><strong>praecessisset.</strong></span> <span class='ocrx_word' id='word_1_95' title='bbox 474 1620 549 1668; x_wconf 84' lang='lat' dir='ltr'><strong>Nunc</strong></span> <span class='ocrx_word' id='word_1_96' title='bbox 573 1619 661 1668; x_wconf 92' lang='lat' dir='ltr'><strong>intelli·</strong></span> <span class='ocrx_word' id='word_1_97' title='bbox 699 1621 790 1681; x_wconf 81' lang='lat' dir='ltr'><strong>templo</strong></span> <span class='ocrx_word' id='word_1_98' title='bbox 814 1621 943 1666; x_wconf 79' lang='lat' dir='ltr'><strong>rentatant.</strong></span> <span class='ocrx_word' id='word_1_99' title='bbox 985 1617 1052 1663; x_wconf 87' lang='lat' dir='ltr'><strong>Nam</strong></span> <span class='ocrx_word' id='word_1_100' title='bbox 1079 1617 1139 1664; x_wconf 80' lang='lat' dir='ltr'><strong>baec</strong></span> <span class='ocrx_word' id='word_1_101' title='bbox 1155 1614 1249 1677; x_wconf 86' lang='lat' dir='ltr'><strong>fuerat</strong></span> 
     </span>
     <span class='ocr_line' id='line_1_15' title="bbox 109 1694 1248 1760; baseline -0.002 -16"><span class='ocrx_word' id='word_1_102' title='bbox 109 1698 237 1760; x_wconf 84' lang='lat' dir='ltr'><strong>gendum,</strong></span> <span class='ocrx_word' id='word_1_103' title='bbox 266 1699 370 1746; x_wconf 83' lang='lat' dir='ltr'><strong>“damae</strong></span> <span class='ocrx_word' id='word_1_104' title='bbox 397 1704 531 1755; x_wconf 85' lang='lat' dir='ltr'><strong>natarunt,</strong></span> <span class='ocrx_word' id='word_1_105' title='bbox 558 1712 663 1760; x_wconf 89' lang='lat' dir='ltr'><strong>aequore</strong></span> <span class='ocrx_word' id='word_1_106' title='bbox 698 1700 768 1759; x_wconf 67' lang='lat' dir='ltr'><strong>reaia</strong></span> <span class='ocrx_word' id='word_1_107' title='bbox 787 1696 909 1748; x_wconf 68' lang='lat' dir='ltr'><strong>Numae,&#39;&#39;</strong></span> <span class='ocrx_word' id='word_1_108' title='bbox 942 1695 998 1744; x_wconf 87' lang='lat' dir='ltr'><strong>Hoc</strong></span> <span class='ocrx_word' id='word_1_109' title='bbox 1014 1694 1102 1743; x_wconf 89' lang='lat' dir='ltr'><strong>melius</strong></span> <span class='ocrx_word' id='word_1_110' title='bbox 1115 1702 1160 1751; x_wconf 89' lang='lat' dir='ltr'><strong>est,</strong></span> <span class='ocrx_word' id='word_1_111' title='bbox 1173 1709 1248 1757; x_wconf 86' lang='lat' dir='ltr'><strong>quarn</strong></span> 
     </span>
     <span class='ocr_line' id='line_1_16' title="bbox 109 1773 1250 1840; baseline -0.003 -15"><span class='ocrx_word' id='word_1_112' title='bbox 109 1777 209 1835; x_wconf 86' lang='lat' dir='ltr'><strong>damas,</strong></span> <span class='ocrx_word' id='word_1_113' title='bbox 225 1777 302 1840; x_wconf 78' lang='lat' dir='ltr'><strong>ipsas,</strong></span> <span class='ocrx_word' id='word_1_114' title='bbox 319 1777 478 1838; x_wconf 82' lang='lat' dir='ltr'><strong>superieet0.&#39;’</strong></span> <span class='ocrx_word' id='word_1_115' title='bbox 700 1774 813 1824; x_wconf 76' lang='lat' dir='ltr'><strong>Serrium</strong></span> <span class='ocrx_word' id='word_1_116' title='bbox 837 1775 925 1824; x_wconf 90' lang='lat' dir='ltr'><strong>erroris</strong></span> <span class='ocrx_word' id='word_1_117' title='bbox 945 1789 1073 1831; x_wconf 76' lang='lat' dir='ltr'><strong>accusare,</strong></span> <span class='ocrx_word' id='word_1_118' title='bbox 1096 1780 1124 1822; x_wconf 92' lang='lat' dir='ltr'><strong>ut</strong></span> <span class='ocrx_word' id='word_1_119' title='bbox 1141 1773 1250 1823; x_wconf 87' lang='lat' dir='ltr'><strong>fecerunt</strong></span> 
     </span>
     <span class='ocr_line' id='line_1_17' title="bbox 143 1852 1249 1919; baseline 0 -17"><span class='ocrx_word' id='word_1_120' title='bbox 143 1857 190 1904; x_wconf 83' lang='lat' dir='ltr'><strong>Ire</strong></span> <span class='ocrx_word' id='word_1_121' title='bbox 199 1857 321 1905; x_wconf 60' lang='lat' dir='ltr'><strong>metum</strong></span> <span class='ocrx_word' id='word_1_122' title='bbox 332 1862 491 1905; x_wconf 84' lang='lat' dir='ltr'><strong>monumenta</strong></span> <span class='ocrx_word' id='word_1_123' title='bbox 501 1857 574 1919; x_wconf 73' lang='lat' dir='ltr'><strong>repis,</strong></span> <span class='ocrx_word' id='word_1_124' title='bbox 591 1857 661 1905; x_wconf 85' lang='lat' dir='ltr'><strong>Tem·</strong></span> <span class='ocrx_word' id='word_1_125' title='bbox 699 1853 778 1917; x_wconf 89' lang='lat' dir='ltr'><strong>Crnq.</strong></span> <span class='ocrx_word' id='word_1_126' title='bbox 796 1855 883 1903; x_wconf 51' lang='lat' dir='ltr'><strong>Burm,</strong></span> <span class='ocrx_word' id='word_1_127' title='bbox 901 1853 950 1902; x_wconf 82' lang='lat' dir='ltr'><strong>alii.</strong></span> <span class='ocrx_word' id='word_1_128' title='bbox 984 1854 1015 1901; x_wconf 94' lang='lat' dir='ltr'><strong>In</strong></span> <span class='ocrx_word' id='word_1_129' title='bbox 1032 1854 1070 1901; x_wconf 90' lang='lat' dir='ltr'><strong>his</strong></span> <span class='ocrx_word' id='word_1_130' title='bbox 1087 1852 1201 1903; x_wconf 82' lang='lat' dir='ltr'><strong>Oudend.</strong></span> <span class='ocrx_word' id='word_1_131' title='bbox 1218 1854 1249 1902; x_wconf 91' lang='lat' dir='ltr'><strong>ad</strong></span> 
     </span>
     <span class='ocr_line' id='line_1_18' title="bbox 108 1932 1249 1996; baseline -0.001 -16"><span class='ocrx_word' id='word_1_132' title='bbox 108 1935 204 1996; x_wconf 84' lang='lat' dir='ltr'><strong>piaque</strong></span> <span class='ocrx_word' id='word_1_133' title='bbox 212 1935 308 1983; x_wconf 80' lang='lat' dir='ltr'><strong>Vestae.</strong></span> <span class='ocrx_word' id='word_1_134' title='bbox 332 1934 362 1982; x_wconf 92' lang='lat' dir='ltr'><strong>In</strong></span> <span class='ocrx_word' id='word_1_135' title='bbox 374 1934 453 1984; x_wconf 84' lang='lat' dir='ltr'><strong>MSS.</strong></span> <span class='ocrx_word' id='word_1_136' title='bbox 469 1934 597 1982; x_wconf 86' lang='lat' dir='ltr'><strong>nonnullis</strong></span> <span class='ocrx_word' id='word_1_137' title='bbox 613 1934 661 1983; x_wconf 91' lang='lat' dir='ltr'><strong>lec·</strong></span> <span class='ocrx_word' id='word_1_138' title='bbox 701 1932 801 1982; x_wconf 88' lang='lat' dir='ltr'><strong>Sueten.</strong></span> <span class='ocrx_word' id='word_1_139' title='bbox 819 1932 929 1995; x_wconf 82' lang='lat' dir='ltr'><strong>August.</strong></span> <span class='ocrx_word' id='word_1_140' title='bbox 946 1933 991 1990; x_wconf 86' lang='lat'><strong>76,</strong></span> <span class='ocrx_word' id='word_1_141' title='bbox 1008 1933 1097 1995; x_wconf 90' lang='lat' dir='ltr'><strong>quide</strong></span> <span class='ocrx_word' id='word_1_142' title='bbox 1114 1933 1181 1995; x_wconf 88' lang='lat' dir='ltr'><strong>regia</strong></span> <span class='ocrx_word' id='word_1_143' title='bbox 1196 1933 1249 1981; x_wconf 89' lang='lat' dir='ltr'><strong>Nu-</strong></span> 
     </span>
     <span class='ocr_line' id='line_1_19' title="bbox 109 2011 1249 2075; baseline 0.002 -17"><span class='ocrx_word' id='word_1_144' title='bbox 109 2019 165 2059; x_wconf 89' lang='lat' dir='ltr'><strong>tum</strong></span> <span class='ocrx_word' id='word_1_145' title='bbox 177 2012 252 2060; x_wconf 84' lang='lat' dir='ltr'><strong>fuisse</strong></span> <span class='ocrx_word' id='word_1_146' title='bbox 269 2013 367 2061; x_wconf 82' lang='lat' dir='ltr'><strong>ridetur</strong></span> <span class='ocrx_word' id='word_1_147' title='bbox 384 2029 479 2075; x_wconf 76' lang='lat' dir='ltr'><strong>aequm.</strong></span> <span class='ocrx_word' id='word_1_148' title='bbox 504 2012 660 2062; x_wconf 81' lang='lat' dir='ltr'><strong>ScholFra-</strong></span> <span class='ocrx_word' id='word_1_149' title='bbox 700 2027 755 2061; x_wconf 90' lang='lat' dir='ltr'><strong>mae</strong></span> <span class='ocrx_word' id='word_1_150' title='bbox 780 2019 892 2060; x_wconf 66' lang='lat' dir='ltr'><strong>aecurme</strong></span> <span class='ocrx_word' id='word_1_151' title='bbox 918 2013 1043 2074; x_wconf 79' lang='lat' dir='ltr'><strong>exposuit,</strong></span> <span class='ocrx_word' id='word_1_152' title='bbox 1069 2011 1139 2068; x_wconf 91' lang='lat' dir='ltr'><strong>dicit,</strong></span> <span class='ocrx_word' id='word_1_153' title='bbox 1167 2011 1249 2060; x_wconf 88' lang='lat' dir='ltr'><strong>minus</strong></span> 
     </span>
     <span class='ocr_line' id='line_1_20' title="bbox 110 2089 1249 2154; baseline -0.001 -15"><span class='ocrx_word' id='word_1_154' title='bbox 110 2092 309 2141; x_wconf 85' lang='lat' dir='ltr'><strong>nek.annotarit</strong></span> <span class='ocrx_word' id='word_1_155' title='bbox 325 2095 426 2154; x_wconf 73' lang='lat' dir='ltr'><strong>“Reqir,</strong></span> <span class='ocrx_word' id='word_1_156' title='bbox 439 2091 605 2154; x_wconf 59' lang='lat' dir='ltr'><strong>verrebant’</strong></span> <span class='ocrx_word' id='word_1_157' title='bbox 628 2093 663 2140; x_wconf 85' lang='lat' dir='ltr'><strong>Et</strong></span> <span class='ocrx_word' id='word_1_158' title='bbox 700 2090 761 2139; x_wconf 91' lang='lat' dir='ltr'><strong>bene</strong></span> <span class='ocrx_word' id='word_1_159' title='bbox 779 2091 850 2140; x_wconf 86' lang='lat' dir='ltr'><strong>Serv.</strong></span> <span class='ocrx_word' id='word_1_160' title='bbox 867 2091 898 2137; x_wconf 84' lang='lat' dir='ltr'><strong>ad</strong></span> <span class='ocrx_word' id='word_1_161' title='bbox 916 2090 982 2139; x_wconf 84' lang='lat' dir='ltr'><strong>Aen.</strong></span> <span class='ocrx_word' id='word_1_162' title='bbox 999 2090 1047 2138; x_wconf 88' lang='lat' dir='ltr'><strong>IX.</strong></span> <span class='ocrx_word' id='word_1_163' title='bbox 1065 2090 1088 2137; x_wconf 76' lang='grc'><strong>4.</strong></span> <span class='ocrx_word' id='word_1_164' title='bbox 1112 2089 1249 2152; x_wconf 79' lang='lat' dir='ltr'><strong>scripsisse,</strong></span> 
     </span>
     <span class='ocr_line' id='line_1_21' title="bbox 110 2170 1249 2235; baseline 0.001 -18"><span class='ocrx_word' id='word_1_165' title='bbox 110 2177 274 2219; x_wconf 85' lang='lat' dir='ltr'><strong>monumenta</strong></span> <span class='ocrx_word' id='word_1_166' title='bbox 286 2188 385 2235; x_wconf 77' lang='lat' dir='ltr'><strong>nepum,</strong></span> <span class='ocrx_word' id='word_1_167' title='bbox 399 2186 549 2234; x_wconf 86' lang='lat' dir='ltr'><strong>quamquam</strong></span> <span class='ocrx_word' id='word_1_168' title='bbox 563 2172 594 2220; x_wconf 88' lang='lat' dir='ltr'><strong>de</strong></span> <span class='ocrx_word' id='word_1_169' title='bbox 610 2171 662 2220; x_wconf 90' lang='lat' dir='ltr'><strong>solo</strong></span> <span class='ocrx_word' id='word_1_170' title='bbox 704 2173 793 2220; x_wconf 81' lang='lat' dir='ltr'><strong>Vestae</strong></span> <span class='ocrx_word' id='word_1_171' title='bbox 817 2173 900 2219; x_wconf 86' lang='lat' dir='ltr'><strong>aedem</strong></span> <span class='ocrx_word' id='word_1_172' title='bbox 919 2170 1005 2232; x_wconf 77' lang='lat' dir='ltr'><strong>faisse</strong></span> <span class='ocrx_word' id='word_1_173' title='bbox 1026 2171 1127 2218; x_wconf 84' lang='lat' dir='ltr'><strong>Numae</strong></span> <span class='ocrx_word' id='word_1_174' title='bbox 1147 2172 1249 2231; x_wconf 72' lang='lat' dir='ltr'><strong>neptam.</strong></span> 
     </span>
     <span class='ocr_line' id='line_1_22' title="bbox 110 2247 1250 2313; baseline -0.002 -15"><span class='ocrx_word' id='word_1_175' title='bbox 110 2250 211 2307; x_wconf 85' lang='lat' dir='ltr'><strong>Numa,</strong></span> <span class='ocrx_word' id='word_1_176' title='bbox 228 2251 328 2313; x_wconf 85' lang='lat' dir='ltr'><strong>gravius</strong></span> <span class='ocrx_word' id='word_1_177' title='bbox 339 2251 439 2299; x_wconf 88' lang='lat' dir='ltr'><strong>dietum.</strong></span> <span class='ocrx_word' id='word_1_178' title='bbox 463 2250 505 2300; x_wconf 87' lang='lat' dir='ltr'><strong>Sic</strong></span> <span class='ocrx_word' id='word_1_179' title='bbox 516 2250 604 2298; x_wconf 88' lang='lat' dir='ltr'><strong>Horat.</strong></span> <span class='ocrx_word' id='word_1_180' title='bbox 612 2251 661 2300; x_wconf 90' lang='lat' dir='ltr'><strong>IV.</strong></span> <span class='ocrx_word' id='word_1_181' title='bbox 700 2250 755 2311; x_wconf 77' lang='lat' dir='ltr'><strong>Ego</strong></span> <span class='ocrx_word' id='word_1_182' title='bbox 772 2250 803 2296; x_wconf 90' lang='lat' dir='ltr'><strong>ad</strong></span> <span class='ocrx_word' id='word_1_183' title='bbox 820 2249 892 2297; x_wconf 91' lang='lat' dir='ltr'><strong>illum</strong></span> <span class='ocrx_word' id='word_1_184' title='bbox 908 2247 1009 2310; x_wconf 79' lang='lat' dir='ltr'><strong>Virgilii</strong></span> <span class='ocrx_word' id='word_1_185' title='bbox 1025 2248 1108 2295; x_wconf 84' lang='lat' dir='ltr'><strong>locum</strong></span> <span class='ocrx_word' id='word_1_186' title='bbox 1121 2247 1182 2295; x_wconf 90' lang='lat' dir='ltr'><strong>nihil</strong></span> <span class='ocrx_word' id='word_1_187' title='bbox 1199 2248 1250 2296; x_wconf 88' lang='lat' dir='ltr'><strong>talc</strong></span> 
     </span>
     <span class='ocr_line' id='line_1_23' title="bbox 110 2326 1249 2391; baseline -0.001 -14"><span class='ocrx_word' id='word_1_188' title='bbox 110 2328 195 2377; x_wconf 87' lang='lat' dir='ltr'><strong>Carm.</strong></span> <span class='ocrx_word' id='word_1_189' title='bbox 209 2331 246 2378; x_wconf 82' lang='lat'><strong>12.</strong></span> <span class='ocrx_word' id='word_1_190' title='bbox 281 2331 354 2378; x_wconf 85' lang='lat' dir='ltr'><strong>Male</strong></span> <span class='ocrx_word' id='word_1_191' title='bbox 370 2331 492 2378; x_wconf 83' lang='lat' dir='ltr'><strong>barbaras</strong></span> <span class='ocrx_word' id='word_1_192' title='bbox 518 2332 663 2391; x_wconf 78' lang='lat' dir='ltr'><strong>Reqamest</strong></span> <span class='ocrx_word' id='word_1_193' title='bbox 700 2329 789 2377; x_wconf 90' lang='lat' dir='ltr'><strong>inveni.</strong></span> <span class='ocrx_word' id='word_1_194' title='bbox 807 2328 896 2377; x_wconf 88' lang='lat' dir='ltr'><strong>Voluit</strong></span> <span class='ocrx_word' id='word_1_195' title='bbox 907 2326 1175 2388; x_wconf 85' lang='lat' dir='ltr'><strong>fortassevirdiligens</strong></span> <span class='ocrx_word' id='word_1_196' title='bbox 1186 2327 1249 2376; x_wconf 84' lang='lat' dir='ltr'><strong>vlt.</strong></span> 
     </span>
     <span class='ocr_line' id='line_1_24' title="bbox 110 2406 840 2470; baseline 0 -16"><span class='ocrx_word' id='word_1_197' title='bbox 110 2407 169 2454; x_wconf 82' lang='lat' dir='ltr'><strong>alta</strong></span> <span class='ocrx_word' id='word_1_198' title='bbox 185 2407 307 2455; x_wconf 77' lang='lat' dir='ltr'><strong>libidines.</strong></span> <span class='ocrx_word' id='word_1_199' title='bbox 340 2406 390 2456; x_wconf 90' lang='lat' dir='ltr'><strong>Ubi</strong></span> <span class='ocrx_word' id='word_1_200' title='bbox 412 2406 507 2456; x_wconf 88' lang='lat' dir='ltr'><strong>Tereus</strong></span> <span class='ocrx_word' id='word_1_201' title='bbox 528 2409 662 2470; x_wconf 77' lang='lat' dir='ltr'><strong>respicitur.</strong></span> <span class='ocrx_word' id='word_1_202' title='bbox 700 2407 766 2456; x_wconf 85' lang='lat' dir='ltr'><strong>Aen.</strong></span> <span class='ocrx_word' id='word_1_203' title='bbox 787 2408 840 2455; x_wconf 82' lang='lat'>153.</span> 
     </span>
     <span class='ocr_line' id='line_1_25' title="bbox 110 2478 1288 2551; baseline 0 -20"><span class='ocrx_word' id='word_1_204' title='bbox 110 2484 185 2532; x_wconf 86' lang='lat' dir='ltr'><strong>Hanc</strong></span> <span class='ocrx_word' id='word_1_205' title='bbox 206 2485 319 2532; x_wconf 90' lang='lat' dir='ltr'><strong>mutandi</strong></span> <span class='ocrx_word' id='word_1_206' title='bbox 334 2486 430 2533; x_wconf 90' lang='lat' dir='ltr'><strong>numeri</strong></span> <span class='ocrx_word' id='word_1_207' title='bbox 447 2488 566 2535; x_wconf 87' lang='lat' dir='ltr'><strong>rationem</strong></span> <span class='ocrx_word' id='word_1_208' title='bbox 583 2489 664 2551; x_wconf 88' lang='lat' dir='ltr'><strong>attigit</strong></span> <span class='ocrx_word' id='word_1_209' title='bbox 733 2488 803 2535; x_wconf 81' lang='lat' dir='ltr'><strong>Iliae</strong></span> <span class='ocrx_word' id='word_1_210' title='bbox 819 2489 878 2533; x_wconf 76' lang='lat' dir='ltr'><strong>darn</strong></span> <span class='ocrx_word' id='word_1_211' title='bbox 893 2500 917 2533; x_wconf 84' lang='lat' dir='ltr'><strong>se</strong></span> <span class='ocrx_word' id='word_1_212' title='bbox 926 2485 1033 2532; x_wconf 74' lang='lat' dir='ltr'><strong>ninnium</strong></span> <span class='ocrx_word' id='word_1_213' title='bbox 1044 2484 1166 2545; x_wconf 88' lang='lat' dir='ltr'><strong>querenti.</strong></span> <span class='ocrx_word' id='word_1_214' title='bbox 1184 2483 1250 2532; x_wconf 87' lang='lat' dir='ltr'><strong>Satis</strong></span> <span class='ocrx_word' id='word_1_215' title='bbox 1282 2478 1288 2487; x_wconf 88' lang='lat'><em>&#39;</em></span> 
     </span>
     <span class='ocr_line' id='line_1_26' title="bbox 110 2560 1250 2628; baseline -0.003 -15"><span class='ocrx_word' id='word_1_216' title='bbox 110 2564 218 2625; x_wconf 87' lang='lat' dir='ltr'><strong>Longin.</strong></span> <span class='ocrx_word' id='word_1_217' title='bbox 244 2565 259 2625; x_wconf 57' lang='grc' dir='ltr'>ᾗ</span> <span class='ocrx_word' id='word_1_218' title='bbox 283 2563 388 2612; x_wconf 87' lang='grc' dir='ltr'>ΧΧΠΙ.</span> <span class='ocrx_word' id='word_1_219' title='bbox 423 2566 509 2628; x_wconf 85' lang='lat' dir='ltr'><strong>Eurip.</strong></span> <span class='ocrx_word' id='word_1_220' title='bbox 534 2566 662 2617; x_wconf 88' lang='lat' dir='ltr'><strong>Phoeniss.</strong></span> <span class='ocrx_word' id='word_1_221' title='bbox 700 2572 753 2613; x_wconf 90' lang='lat' dir='ltr'><strong>erat</strong></span> <span class='ocrx_word' id='word_1_222' title='bbox 766 2567 880 2613; x_wconf 81' lang='lat' dir='ltr'><strong>Vidimus</strong></span> <span class='ocrx_word' id='word_1_223' title='bbox 881 2564 982 2626; x_wconf 80' lang='lat' dir='ltr'><strong>flaeani</strong></span> <span class='ocrx_word' id='word_1_224' title='bbox 994 2564 1112 2611; x_wconf 82' lang='lat' dir='ltr'><strong>Tiberim.</strong></span> <span class='ocrx_word' id='word_1_225' title='bbox 1125 2560 1250 2624; x_wconf 87' lang='lat' dir='ltr'><strong>Quidquid</strong></span> 
     </span>
     <span class='ocr_line' id='line_1_27' title="bbox 110 2641 1250 2710; baseline 0.004 -22"><span class='ocrx_word' id='word_1_226' title='bbox 110 2657 148 2691; x_wconf 86' lang='lat' dir='ltr'><strong>vs.</strong></span> <span class='ocrx_word' id='word_1_227' title='bbox 177 2641 234 2692; x_wconf 83' lang='lat'><strong>978.</strong></span> <span class='ocrx_word' id='word_1_228' title='bbox 277 2641 409 2692; x_wconf 70' lang='lat' dir='ltr'><strong>&#39;Antinoe’</strong></span> <span class='ocrx_word' id='word_1_229' title='bbox 437 2644 515 2702; x_wconf 78' lang='grc' dir='ltr'><em>ἐάσας</em></span> <span class='ocrx_word' id='word_1_230' title='bbox 543 2645 663 2710; x_wconf 72' lang='grc' dir='ltr'><em>μάντεων</em></span> <span class='ocrx_word' id='word_1_231' title='bbox 701 2644 834 2702; x_wconf 81' lang='lat' dir='ltr'><strong>addideris,</strong></span> <span class='ocrx_word' id='word_1_232' title='bbox 855 2642 1003 2705; x_wconf 86' lang='lat' dir='ltr'><strong>gravitatem</strong></span> <span class='ocrx_word' id='word_1_233' title='bbox 1021 2641 1136 2689; x_wconf 78' lang='lat' dir='ltr'><strong>carminis</strong></span> <span class='ocrx_word' id='word_1_234' title='bbox 1154 2644 1250 2692; x_wconf 87' lang='lat' dir='ltr'><strong>minuit.</strong></span> 
     </span>
     <span class='ocr_line' id='line_1_28' title="bbox 110 2720 1250 2786; baseline 0.001 -17"><span class='ocrx_word' id='word_1_235' title='bbox 110 2720 286 2783; x_wconf 67' lang='lat' dir='ltr'><strong>Seuerianam.</strong></span> <span class='ocrx_word' id='word_1_236' title='bbox 317 2737 341 2770; x_wconf 83' lang='lat' dir='ltr'><strong>v.</strong></span> <span class='ocrx_word' id='word_1_237' title='bbox 366 2722 490 2773; x_wconf 83' lang='lat' dir='ltr'><strong>Valcken.</strong></span> <span class='ocrx_word' id='word_1_238' title='bbox 531 2724 662 2774; x_wconf 82' lang='lat' dir='ltr'><strong>Caeterum</strong></span> <span class='ocrx_word' id='word_1_239' title='bbox 702 2725 812 2772; x_wconf 78' lang='lat' dir='ltr'><strong>Labitur</strong></span> <span class='ocrx_word' id='word_1_240' title='bbox 828 2726 888 2786; x_wconf 85' lang='lat' dir='ltr'><strong>ripa</strong></span> <span class='ocrx_word' id='word_1_241' title='bbox 904 2724 1011 2770; x_wconf 69' lang='lat' dir='ltr'><strong>sinantia</strong></span> <span class='ocrx_word' id='word_1_242' title='bbox 1025 2721 1093 2768; x_wconf 83' lang='lat' dir='ltr'><strong>decet</strong></span> <span class='ocrx_word' id='word_1_243' title='bbox 1108 2720 1250 2770; x_wconf 85' lang='lat' dir='ltr'><strong>historicum</strong></span> 
     </span>
     <span class='ocr_line' id='line_1_29' title="bbox 111 2799 1251 2866; baseline 0.003 -20"><span class='ocrx_word' id='word_1_244' title='bbox 111 2799 183 2861; x_wconf 85' lang='lat' dir='ltr'><strong>regia</strong></span> <span class='ocrx_word' id='word_1_245' title='bbox 206 2799 305 2848; x_wconf 85' lang='lat' dir='ltr'><strong>Numae</strong></span> <span class='ocrx_word' id='word_1_246' title='bbox 328 2801 365 2848; x_wconf 88' lang='lat' dir='ltr'><strong>ita</strong></span> <span class='ocrx_word' id='word_1_247' title='bbox 388 2801 474 2849; x_wconf 87' lang='lat' dir='ltr'><strong>iuncta</strong></span> <span class='ocrx_word' id='word_1_248' title='bbox 497 2810 550 2850; x_wconf 89' lang='lat' dir='ltr'><strong>erat</strong></span> <span class='ocrx_word' id='word_1_249' title='bbox 571 2805 663 2866; x_wconf 90' lang='lat' dir='ltr'><strong>templo</strong></span> <span class='ocrx_word' id='word_1_250' title='bbox 701 2801 741 2850; x_wconf 88' lang='lat' dir='ltr'><strong>vel</strong></span> <span class='ocrx_word' id='word_1_251' title='bbox 759 2803 936 2864; x_wconf 82' lang='lat' dir='ltr'><strong>geograpbum.</strong></span> <span class='ocrx_word' id='word_1_252' title='bbox 959 2801 1067 2849; x_wconf 87' lang='lat' dir='ltr'><strong>Animus</strong></span> <span class='ocrx_word' id='word_1_253' title='bbox 1080 2799 1159 2863; x_wconf 86' lang='lat' dir='ltr'><strong>lyrici,</strong></span> <span class='ocrx_word' id='word_1_254' title='bbox 1168 2801 1251 2849; x_wconf 89' lang='lat' dir='ltr'><strong>dolore</strong></span> 
     </span>
     <span class='ocr_line' id='line_1_30' title="bbox 111 2877 1251 2947; baseline 0.003 -22"><span class='ocrx_word' id='word_1_255' title='bbox 111 2877 219 2935; x_wconf 88' lang='lat' dir='ltr'><strong>Vestae,</strong></span> <span class='ocrx_word' id='word_1_256' title='bbox 242 2886 270 2925; x_wconf 84' lang='lat' dir='ltr'><strong>ut</strong></span> <span class='ocrx_word' id='word_1_257' title='bbox 291 2877 342 2928; x_wconf 80' lang='lat' dir='ltr'><strong>sere</strong></span> <span class='ocrx_word' id='word_1_258' title='bbox 363 2879 470 2930; x_wconf 79' lang='lat' dir='ltr'><strong>efficeret</strong></span> <span class='ocrx_word' id='word_1_259' title='bbox 489 2882 557 2931; x_wconf 87' lang='lat' dir='ltr'><strong>illins</strong></span> <span class='ocrx_word' id='word_1_260' title='bbox 578 2884 664 2947; x_wconf 90' lang='lat' dir='ltr'><strong>templi</strong></span> <span class='ocrx_word' id='word_1_261' title='bbox 700 2882 822 2942; x_wconf 88' lang='lat' dir='ltr'><strong>oppressi,</strong></span> <span class='ocrx_word' id='word_1_262' title='bbox 839 2895 887 2928; x_wconf 90' lang='lat' dir='ltr'><strong>non</strong></span> <span class='ocrx_word' id='word_1_263' title='bbox 905 2881 996 2943; x_wconf 88' lang='lat' dir='ltr'><strong>cogitat</strong></span> <span class='ocrx_word' id='word_1_264' title='bbox 1013 2879 1102 2927; x_wconf 88' lang='lat' dir='ltr'><strong>fluvius</strong></span> <span class='ocrx_word' id='word_1_265' title='bbox 1119 2880 1208 2927; x_wconf 85' lang='lat' dir='ltr'><strong>dextra</strong></span> <span class='ocrx_word' id='word_1_266' title='bbox 1219 2895 1251 2928; x_wconf 87' lang='lat' dir='ltr'><strong>an</strong></span> 
     </span>
     <span class='ocr_line' id='line_1_31' title="bbox 111 2957 1251 3021; baseline 0.004 -17"><span class='ocrx_word' id='word_1_267' title='bbox 111 2957 212 3006; x_wconf 88' lang='lat' dir='ltr'><strong>atrium.</strong></span> <span class='ocrx_word' id='word_1_268' title='bbox 240 2957 340 3005; x_wconf 83' lang='lat' dir='ltr'><strong>Iacebat</strong></span> <span class='ocrx_word' id='word_1_269' title='bbox 355 2959 381 3005; x_wconf 93' lang='lat' dir='ltr'><strong>in</strong></span> <span class='ocrx_word' id='word_1_270' title='bbox 398 2959 449 3006; x_wconf 89' lang='lat' dir='ltr'><strong>ima</strong></span> <span class='ocrx_word' id='word_1_271' title='bbox 463 2965 534 3021; x_wconf 89' lang='lat' dir='ltr'><strong>parte</strong></span> <span class='ocrx_word' id='word_1_272' title='bbox 550 2959 604 3018; x_wconf 81' lang='lat' dir='ltr'><strong>sori,</strong></span> <span class='ocrx_word' id='word_1_273' title='bbox 622 2961 663 3009; x_wconf 89' lang='lat' dir='ltr'><strong>Ti-</strong></span> <span class='ocrx_word' id='word_1_274' title='bbox 700 2960 810 3016; x_wconf 88' lang='lat' dir='ltr'><strong>sinistra,</strong></span> <span class='ocrx_word' id='word_1_275' title='bbox 832 2961 864 3008; x_wconf 87' lang='lat' dir='ltr'><strong>ab</strong></span> <span class='ocrx_word' id='word_1_276' title='bbox 885 2960 985 3011; x_wconf 89' lang='lat' dir='ltr'><strong>Oriente</strong></span> <span class='ocrx_word' id='word_1_277' title='bbox 1006 2974 1038 3007; x_wconf 89' lang='lat' dir='ltr'><strong>an</strong></span> <span class='ocrx_word' id='word_1_278' title='bbox 1060 2957 1193 3008; x_wconf 85' lang='lat' dir='ltr'><strong>Occidente</strong></span> <span class='ocrx_word' id='word_1_279' title='bbox 1209 2974 1251 3008; x_wconf 83' lang='lat' dir='ltr'><strong>va·</strong></span> 
     </span>
     <span class='ocr_line' id='line_1_32' title="bbox 112 3037 1251 3102; baseline 0.003 -19"><span class='ocrx_word' id='word_1_280' title='bbox 112 3037 191 3084; x_wconf 89' lang='lat' dir='ltr'><strong>berim</strong></span> <span class='ocrx_word' id='word_1_281' title='bbox 206 3051 301 3084; x_wconf 83' lang='lat' dir='ltr'><strong>versus.</strong></span> <span class='ocrx_word' id='word_1_282' title='bbox 326 3037 421 3085; x_wconf 81' lang='lat' dir='ltr'><strong>Errant</strong></span> <span class='ocrx_word' id='word_1_283' title='bbox 437 3038 498 3086; x_wconf 91' lang='lat' dir='ltr'><strong>adeo</strong></span> <span class='ocrx_word' id='word_1_284' title='bbox 510 3040 663 3102; x_wconf 87' lang='lat' dir='ltr'><strong>interpretes,</strong></span> <span class='ocrx_word' id='word_1_285' title='bbox 701 3044 780 3100; x_wconf 86' lang='lat' dir='ltr'><strong>getnr.</strong></span> <span class='ocrx_word' id='word_1_286' title='bbox 814 3039 899 3102; x_wconf 85' lang='lat' dir='ltr'><strong>Atque</strong></span> <span class='ocrx_word' id='word_1_287' title='bbox 918 3039 964 3086; x_wconf 92' lang='lat' dir='ltr'><strong>hoc</strong></span> <span class='ocrx_word' id='word_1_288' title='bbox 980 3039 1031 3086; x_wconf 86' lang='lat' dir='ltr'><strong>iam</strong></span> <span class='ocrx_word' id='word_1_289' title='bbox 1047 3039 1160 3101; x_wconf 83' lang='lat' dir='ltr'><strong>antiquos</strong></span> <span class='ocrx_word' id='word_1_290' title='bbox 1177 3040 1251 3087; x_wconf 88' lang='lat' dir='ltr'><strong>inter·</strong></span> 
     </span>
     <span class='ocr_line' id='line_1_33' title="bbox 111 3113 1250 3180; baseline 0.005 -19"><span class='ocrx_word' id='word_1_291' title='bbox 111 3113 156 3176; x_wconf 91' lang='lat' dir='ltr'><strong>qui</strong></span> <span class='ocrx_word' id='word_1_292' title='bbox 167 3121 269 3178; x_wconf 86' lang='lat' dir='ltr'><strong>putant,</strong></span> <span class='ocrx_word' id='word_1_293' title='bbox 286 3116 379 3176; x_wconf 76' lang='lat' dir='ltr'><strong>regiam</strong></span> <span class='ocrx_word' id='word_1_294' title='bbox 391 3115 489 3164; x_wconf 87' lang='lat' dir='ltr'><strong>Numae</strong></span> <span class='ocrx_word' id='word_1_295' title='bbox 504 3124 529 3164; x_wconf 91' lang='lat' dir='ltr'><strong>et</strong></span> <span class='ocrx_word' id='word_1_296' title='bbox 542 3118 663 3179; x_wconf 83' lang='lat' dir='ltr'><strong>templum</strong></span> <span class='ocrx_word' id='word_1_297' title='bbox 700 3123 779 3179; x_wconf 89' lang='lat' dir='ltr'><strong>pretes</strong></span> <span class='ocrx_word' id='word_1_298' title='bbox 796 3117 924 3166; x_wconf 87' lang='lat' dir='ltr'><strong>offendisse</strong></span> <span class='ocrx_word' id='word_1_299' title='bbox 940 3117 1050 3174; x_wconf 80' lang='lat' dir='ltr'><strong>ridetur,</strong></span> <span class='ocrx_word' id='word_1_300' title='bbox 1067 3132 1173 3180; x_wconf 89' lang='lat' dir='ltr'><strong>quorum</strong></span> <span class='ocrx_word' id='word_1_301' title='bbox 1189 3133 1212 3166; x_wconf 82' lang='lat' dir='ltr'><strong>v.</strong></span> <span class='ocrx_word' id='word_1_302' title='bbox 1229 3133 1250 3167; x_wconf 90' lang='lat' dir='ltr'><strong>e.</strong></span> 
     </span>
     <span class='ocr_line' id='line_1_34' title="bbox 111 3193 1251 3259; baseline 0.004 -18"><span class='ocrx_word' id='word_1_303' title='bbox 111 3193 207 3241; x_wconf 86' lang='lat' dir='ltr'><strong>Vestae</strong></span> <span class='ocrx_word' id='word_1_304' title='bbox 228 3193 302 3242; x_wconf 88' lang='lat' dir='ltr'><strong>fuisse</strong></span> <span class='ocrx_word' id='word_1_305' title='bbox 322 3194 415 3244; x_wconf 69' lang='lat' dir='ltr'><strong>eadem,</strong></span> <span class='ocrx_word' id='word_1_306' title='bbox 453 3195 484 3242; x_wconf 90' lang='lat' dir='ltr'><strong>In</strong></span> <span class='ocrx_word' id='word_1_307' title='bbox 510 3211 559 3258; x_wconf 92' lang='lat' dir='ltr'><strong>quo</strong></span> <span class='ocrx_word' id='word_1_308' title='bbox 582 3211 664 3246; x_wconf 88' lang='lat' dir='ltr'><strong>errore</strong></span> <span class='ocrx_word' id='word_1_309' title='bbox 702 3194 798 3244; x_wconf 90' lang='lat' dir='ltr'><strong>Comm.</strong></span> <span class='ocrx_word' id='word_1_310' title='bbox 823 3195 900 3258; x_wconf 90' lang='lat' dir='ltr'><strong>Cruq.</strong></span> <span class='ocrx_word' id='word_1_311' title='bbox 921 3197 1027 3244; x_wconf 78' lang='lat' dir='ltr'><strong>sinistra</strong></span> <span class='ocrx_word' id='word_1_312' title='bbox 1051 3197 1124 3244; x_wconf 90' lang='lat' dir='ltr'><strong>etiam</strong></span> <span class='ocrx_word' id='word_1_313' title='bbox 1149 3212 1193 3259; x_wconf 89' lang='lat' dir='ltr'><strong>per</strong></span> <span class='ocrx_word' id='word_1_314' title='bbox 1214 3200 1251 3245; x_wconf 89' lang='lat' dir='ltr'><strong>in-</strong></span> 
     </span>
     <span class='ocr_line' id='line_1_35' title="bbox 110 3272 1252 3336; baseline 0.002 -15"><span class='ocrx_word' id='word_1_315' title='bbox 110 3273 250 3321; x_wconf 85' lang='lat' dir='ltr'><strong>eonfirmati</strong></span> <span class='ocrx_word' id='word_1_316' title='bbox 266 3279 325 3320; x_wconf 90' lang='lat' dir='ltr'><strong>sunt</strong></span> <span class='ocrx_word' id='word_1_317' title='bbox 340 3288 356 3320; x_wconf 83' lang='lat' dir='ltr'><strong>a</strong></span> <span class='ocrx_word' id='word_1_318' title='bbox 371 3272 662 3334; x_wconf 84' lang='lat' dir='ltr'><strong>Rutgcr00uwensioin</strong></span> <span class='ocrx_word' id='word_1_319' title='bbox 695 3273 788 3334; x_wconf 83' lang='lat' dir='ltr'><strong>fausta</strong></span> <span class='ocrx_word' id='word_1_320' title='bbox 813 3274 926 3322; x_wconf 84' lang='lat' dir='ltr'><strong>reddidit.</strong></span> <span class='ocrx_word' id='word_1_321' title='bbox 962 3274 1027 3334; x_wconf 81' lang='lat' dir='ltr'><strong>Quid</strong></span> <span class='ocrx_word' id='word_1_322' title='bbox 1050 3281 1132 3321; x_wconf 89' lang='lat' dir='ltr'><strong>autem</strong></span> <span class='ocrx_word' id='word_1_323' title='bbox 1159 3275 1252 3336; x_wconf 88' lang='lat' dir='ltr'><strong>Iupiter</strong></span> 
     </span>
     <span class='ocr_line' id='line_1_36' title="bbox 111 3351 1251 3415; baseline 0.001 -15"><span class='ocrx_word' id='word_1_324' title='bbox 111 3351 211 3402; x_wconf 87' lang='lat' dir='ltr'><strong>Noctib.</strong></span> <span class='ocrx_word' id='word_1_325' title='bbox 229 3351 342 3414; x_wconf 87' lang='lat' dir='ltr'><strong>Haganis</strong></span> <span class='ocrx_word' id='word_1_326' title='bbox 358 3367 415 3415; x_wconf 88' lang='lat' dir='ltr'><strong>pag.</strong></span> <span class='ocrx_word' id='word_1_327' title='bbox 424 3352 481 3401; x_wconf 80' lang='lat'><strong>353.</strong></span> <span class='ocrx_word' id='word_1_328' title='bbox 498 3353 566 3401; x_wconf 90' lang='lat' dir='ltr'><strong>Loca</strong></span> <span class='ocrx_word' id='word_1_329' title='bbox 576 3352 664 3411; x_wconf 81' lang='lat' dir='ltr'><strong>Ovidii,</strong></span> <span class='ocrx_word' id='word_1_330' title='bbox 700 3366 750 3400; x_wconf 92' lang='lat' dir='ltr'><strong>non</strong></span> <span class='ocrx_word' id='word_1_331' title='bbox 767 3351 886 3414; x_wconf 89' lang='lat' dir='ltr'><strong>probabat</strong></span> <span class='ocrx_word' id='word_1_332' title='bbox 903 3351 1012 3401; x_wconf 86' lang='lat' dir='ltr'><strong>Tiberim</strong></span> <span class='ocrx_word' id='word_1_333' title='bbox 1026 3353 1090 3414; x_wconf 91' lang='lat' dir='ltr'><strong>ripas</strong></span> <span class='ocrx_word' id='word_1_334' title='bbox 1102 3353 1251 3414; x_wconf 81' lang='lat' dir='ltr'><strong>supergredi,</strong></span> 
     </span>
     <span class='ocr_line' id='line_1_37' title="bbox 110 3428 1252 3494; baseline 0.003 -16"><span class='ocrx_word' id='word_1_335' title='bbox 110 3431 203 3494; x_wconf 91' lang='lat' dir='ltr'><strong>quibus</strong></span> <span class='ocrx_word' id='word_1_336' title='bbox 224 3431 302 3481; x_wconf 86' lang='lat' dir='ltr'><strong>utitur</strong></span> <span class='ocrx_word' id='word_1_337' title='bbox 325 3428 441 3479; x_wconf 86' lang='lat' dir='ltr'><strong>Ouwens.</strong></span> <span class='ocrx_word' id='word_1_338' title='bbox 459 3430 610 3478; x_wconf 89' lang='lat' dir='ltr'><strong>eontrarium</strong></span> <span class='ocrx_word' id='word_1_339' title='bbox 626 3445 663 3479; x_wconf 89' lang='lat' dir='ltr'><strong>os·</strong></span> <span class='ocrx_word' id='word_1_340' title='bbox 701 3431 744 3493; x_wconf 88' lang='lat' dir='ltr'><strong>qui</strong></span> <span class='ocrx_word' id='word_1_341' title='bbox 763 3429 816 3492; x_wconf 91' lang='lat' dir='ltr'><strong>ipse</strong></span> <span class='ocrx_word' id='word_1_342' title='bbox 832 3429 919 3478; x_wconf 88' lang='lat' dir='ltr'><strong>urbem</strong></span> <span class='ocrx_word' id='word_1_343' title='bbox 936 3431 1051 3493; x_wconf 87' lang='lat' dir='ltr'><strong>prodigiis</strong></span> <span class='ocrx_word' id='word_1_344' title='bbox 1069 3434 1185 3479; x_wconf 79' lang='lat' dir='ltr'><strong>terreret?</strong></span> <span class='ocrx_word' id='word_1_345' title='bbox 1218 3432 1252 3481; x_wconf 86' lang='lat' dir='ltr'><strong>Et</strong></span> 
     </span>
     <span class='ocr_line' id='line_1_38' title="bbox 112 3508 1253 3581; baseline -0.001 -21"><span class='ocrx_word' id='word_1_346' title='bbox 112 3511 226 3568; x_wconf 83' lang='lat' dir='ltr'><strong>tendunt,</strong></span> <span class='ocrx_word' id='word_1_347' title='bbox 243 3516 269 3559; x_wconf 90' lang='lat' dir='ltr'><strong>et</strong></span> <span class='ocrx_word' id='word_1_348' title='bbox 282 3509 358 3559; x_wconf 83' lang='lat' dir='ltr'><strong>verba</strong></span> <span class='ocrx_word' id='word_1_349' title='bbox 367 3509 447 3558; x_wconf 81' lang='lat' dir='ltr'><strong>Servii</strong></span> <span class='ocrx_word' id='word_1_350' title='bbox 458 3509 490 3557; x_wconf 86' lang='lat' dir='ltr'><strong>ad</strong></span> <span class='ocrx_word' id='word_1_351' title='bbox 501 3509 592 3570; x_wconf 82' lang='lat' dir='ltr'><strong>Virgil.</strong></span> <span class='ocrx_word' id='word_1_352' title='bbox 601 3508 663 3558; x_wconf 92' lang='lat' dir='ltr'>VII.</span> <span class='ocrx_word' id='word_1_353' title='bbox 702 3523 775 3575; x_wconf 90' lang='lat' dir='ltr'><strong>quam</strong></span> <span class='ocrx_word' id='word_1_354' title='bbox 798 3509 872 3571; x_wconf 84' lang='lat' dir='ltr'><strong>longe</strong></span> <span class='ocrx_word' id='word_1_355' title='bbox 894 3511 970 3572; x_wconf 85' lang='lat' dir='ltr'><strong>petita</strong></span> <span class='ocrx_word' id='word_1_356' title='bbox 989 3525 1076 3567; x_wconf 90' lang='lat' dir='ltr'><strong>causa,</strong></span> <span class='ocrx_word' id='word_1_357' title='bbox 1093 3509 1167 3558; x_wconf 89' lang='lat' dir='ltr'><strong>Iliam</strong></span> <span class='ocrx_word' id='word_1_358' title='bbox 1184 3512 1253 3581; x_wconf 84' lang='lat' dir='ltr'><strong>queri</strong></span> 
     </span>
     <span class='ocr_line' id='line_1_39' title="bbox 111 3587 1253 3654; baseline 0.003 -16"><span class='ocrx_word' id='word_1_359' title='bbox 111 3591 180 3638; x_wconf 89' lang='lat' dir='ltr'><strong>Aen.</strong></span> <span class='ocrx_word' id='word_1_360' title='bbox 201 3604 238 3638; x_wconf 86' lang='lat' dir='ltr'><strong>vs.</strong></span> <span class='ocrx_word' id='word_1_361' title='bbox 258 3591 312 3639; x_wconf 79' lang='lat'>153.</span> <span class='ocrx_word' id='word_1_362' title='bbox 333 3588 382 3636; x_wconf 88' lang='lat' dir='ltr'><strong>levi</strong></span> <span class='ocrx_word' id='word_1_363' title='bbox 403 3588 590 3650; x_wconf 87' lang='lat' dir='ltr'><strong>transpositione</strong></span> <span class='ocrx_word' id='word_1_364' title='bbox 611 3602 663 3636; x_wconf 89' lang='lat' dir='ltr'><strong>eor·</strong></span> <span class='ocrx_word' id='word_1_365' title='bbox 702 3588 732 3637; x_wconf 90' lang='lat' dir='ltr'><strong>de</strong></span> <span class='ocrx_word' id='word_1_366' title='bbox 748 3601 808 3636; x_wconf 90' lang='lat' dir='ltr'><strong>nece</strong></span> <span class='ocrx_word' id='word_1_367' title='bbox 824 3587 883 3637; x_wconf 91' lang='lat' dir='ltr'><strong>Iulii</strong></span> <span class='ocrx_word' id='word_1_368' title='bbox 899 3588 1026 3638; x_wconf 81' lang='lat' dir='ltr'><strong>Caesaris?</strong></span> <span class='ocrx_word' id='word_1_369' title='bbox 1055 3591 1142 3654; x_wconf 88' lang='lat' dir='ltr'><strong>Itaque</strong></span> <span class='ocrx_word' id='word_1_370' title='bbox 1159 3591 1253 3641; x_wconf 87' lang='lat' dir='ltr'><strong>frustra</strong></span> 
     </span>
     <span class='ocr_line' id='line_1_40' title="bbox 111 3666 1252 3734; baseline 0.003 -17"><span class='ocrx_word' id='word_1_371' title='bbox 111 3669 217 3732; x_wconf 83' lang='lat' dir='ltr'><strong>rigenda</strong></span> <span class='ocrx_word' id='word_1_372' title='bbox 240 3676 306 3718; x_wconf 90' lang='lat' dir='ltr'><strong>sunt.</strong></span> <span class='ocrx_word' id='word_1_373' title='bbox 344 3669 411 3717; x_wconf 82' lang='lat' dir='ltr'><strong>Nam</strong></span> <span class='ocrx_word' id='word_1_374' title='bbox 437 3668 549 3724; x_wconf 83' lang='lat' dir='ltr'><strong>Servius,</strong></span> <span class='ocrx_word' id='word_1_375' title='bbox 574 3668 664 3719; x_wconf 90' lang='lat' dir='ltr'><strong>harum</strong></span> <span class='ocrx_word' id='word_1_376' title='bbox 702 3666 823 3714; x_wconf 89' lang='lat' dir='ltr'><strong>sudarunt</strong></span> <span class='ocrx_word' id='word_1_377' title='bbox 843 3668 999 3731; x_wconf 83' lang='lat' dir='ltr'><strong>interpretes,</strong></span> <span class='ocrx_word' id='word_1_378' title='bbox 1024 3676 1052 3718; x_wconf 92' lang='lat' dir='ltr'><strong>ut</strong></span> <span class='ocrx_word' id='word_1_379' title='bbox 1077 3671 1138 3719; x_wconf 89' lang='lat' dir='ltr'><strong>haec</strong></span> <span class='ocrx_word' id='word_1_380' title='bbox 1155 3672 1252 3734; x_wconf 84' lang='lat' dir='ltr'><strong>expedi-</strong></span> 
     </span>
     <span class='ocr_line' id='line_1_41' title="bbox 111 3746 1252 3812; baseline 0.002 -16"><span class='ocrx_word' id='word_1_381' title='bbox 111 3762 198 3796; x_wconf 88' lang='lat' dir='ltr'><strong>rerum</strong></span> <span class='ocrx_word' id='word_1_382' title='bbox 214 3747 376 3810; x_wconf 86' lang='lat' dir='ltr'><strong>peritissimus</strong></span> <span class='ocrx_word' id='word_1_383' title='bbox 392 3753 417 3797; x_wconf 87' lang='lat' dir='ltr'><strong>et</strong></span> <span class='ocrx_word' id='word_1_384' title='bbox 433 3748 457 3794; x_wconf 90' lang='lat' dir='ltr'><strong>in</strong></span> <span class='ocrx_word' id='word_1_385' title='bbox 475 3747 532 3809; x_wconf 91' lang='lat' dir='ltr'><strong>ipsis</strong></span> <span class='ocrx_word' id='word_1_386' title='bbox 549 3746 608 3796; x_wconf 89' lang='lat' dir='ltr'><strong>locis</strong></span> <span class='ocrx_word' id='word_1_387' title='bbox 621 3749 664 3796; x_wconf 76' lang='lat' dir='ltr'><strong>ha</strong></span> <span class='ocrx_word' id='word_1_388' title='bbox 702 3752 764 3794; x_wconf 86' lang='lat' dir='ltr'><strong>rent.</strong></span> <span class='ocrx_word' id='word_1_389' title='bbox 796 3747 883 3808; x_wconf 83' lang='lat' dir='ltr'><strong>Digna</strong></span> <span class='ocrx_word' id='word_1_390' title='bbox 906 3756 960 3796; x_wconf 86' lang='lat' dir='ltr'><strong>erat</strong></span> <span class='ocrx_word' id='word_1_391' title='bbox 984 3749 1045 3797; x_wconf 89' lang='lat' dir='ltr'><strong>haec</strong></span> <span class='ocrx_word' id='word_1_392' title='bbox 1069 3752 1179 3812; x_wconf 82' lang='lat' dir='ltr'><strong>quaestio</strong></span> <span class='ocrx_word' id='word_1_393' title='bbox 1202 3766 1252 3798; x_wconf 84' lang='lat' dir='ltr'><strong>ma-</strong></span> 
     </span>
     <span class='ocr_line' id='line_1_42' title="bbox 112 3825 1252 3890; baseline 0.001 -15"><span class='ocrx_word' id='word_1_394' title='bbox 112 3827 208 3884; x_wconf 82' lang='lat' dir='ltr'><strong>bitans,</strong></span> <span class='ocrx_word' id='word_1_395' title='bbox 225 3827 285 3874; x_wconf 84' lang='lat' dir='ltr'><strong>adeo</strong></span> <span class='ocrx_word' id='word_1_396' title='bbox 302 3826 356 3874; x_wconf 88' lang='lat' dir='ltr'><strong>falli</strong></span> <span class='ocrx_word' id='word_1_397' title='bbox 373 3840 423 3874; x_wconf 91' lang='lat' dir='ltr'><strong>nen</strong></span> <span class='ocrx_word' id='word_1_398' title='bbox 437 3826 523 3889; x_wconf 89' lang='lat' dir='ltr'><strong>potuit.</strong></span> <span class='ocrx_word' id='word_1_399' title='bbox 545 3827 664 3889; x_wconf 83' lang='lat' dir='ltr'><strong>Legimus</strong></span> <span class='ocrx_word' id='word_1_400' title='bbox 702 3825 781 3886; x_wconf 86' lang='lat' dir='ltr'><strong>gistro</strong></span> <span class='ocrx_word' id='word_1_401' title='bbox 792 3826 892 3874; x_wconf 90' lang='lat' dir='ltr'><strong>illorum</strong></span> <span class='ocrx_word' id='word_1_402' title='bbox 903 3832 1050 3890; x_wconf 87' lang='lat' dir='ltr'><strong>temporum.</strong></span> <span class='ocrx_word' id='word_1_403' title='bbox 1076 3828 1146 3877; x_wconf 86' lang='lat' dir='ltr'><strong>“Cur</strong></span> <span class='ocrx_word' id='word_1_404' title='bbox 1158 3829 1252 3877; x_wconf 84' lang='lat' dir='ltr'><strong>Tiberis</strong></span> 
     </span>
     <span class='ocr_line' id='line_1_43' title="bbox 112 3905 1253 3970; baseline 0.001 -16"><span class='ocrx_word' id='word_1_405' title='bbox 112 3906 200 3954; x_wconf 89' lang='lat' dir='ltr'><strong>hodie:</strong></span> <span class='ocrx_word' id='word_1_406' title='bbox 220 3907 278 3955; x_wconf 81' lang='lat' dir='ltr'><strong>Nisi</strong></span> <span class='ocrx_word' id='word_1_407' title='bbox 294 3909 323 3954; x_wconf 88' lang='lat' dir='ltr'><strong>in</strong></span> <span class='ocrx_word' id='word_1_408' title='bbox 338 3911 442 3968; x_wconf 70' lang='lat' dir='ltr'><strong>anenata</strong></span> <span class='ocrx_word' id='word_1_409' title='bbox 459 3907 518 3964; x_wconf 86' lang='lat' dir='ltr'><strong>ioco,</strong></span> <span class='ocrx_word' id='word_1_410' title='bbox 534 3908 664 3955; x_wconf 78' lang='lat' dir='ltr'><strong>consitium</strong></span> <span class='ocrx_word' id='word_1_411' title='bbox 702 3905 827 3953; x_wconf 85' lang='lat' dir='ltr'><strong>deiiciebat</strong></span> <span class='ocrx_word' id='word_1_412' title='bbox 843 3906 937 3967; x_wconf 87' lang='lat' dir='ltr'><strong>regiam</strong></span> <span class='ocrx_word' id='word_1_413' title='bbox 943 3907 968 3953; x_wconf 82' lang='lat'><strong>?&#39;&#39;</strong></span> <span class='ocrx_word' id='word_1_414' title='bbox 1002 3906 1115 3967; x_wconf 89' lang='lat' dir='ltr'><strong>Dignum</strong></span> <span class='ocrx_word' id='word_1_415' title='bbox 1134 3907 1253 3970; x_wconf 87' lang='lat' dir='ltr'><strong>discipulo</strong></span> 
     </span>
     <span class='ocr_line' id='line_1_44' title="bbox 109 3984 1252 4046; baseline 0.002 -14"><span class='ocrx_word' id='word_1_416' title='bbox 109 3989 215 4034; x_wconf 72' lang='lat' dir='ltr'><strong>serratus</strong></span> <span class='ocrx_word' id='word_1_417' title='bbox 232 3986 321 4033; x_wconf 73' lang='lat' dir='ltr'><strong>babae</strong></span> <span class='ocrx_word' id='word_1_418' title='bbox 335 4000 383 4032; x_wconf 87' lang='lat' dir='ltr'><strong>nan</strong></span> <span class='ocrx_word' id='word_1_419' title='bbox 395 3988 511 4046; x_wconf 83' lang='lat' dir='ltr'><strong>poteret:</strong></span> <span class='ocrx_word' id='word_1_420' title='bbox 528 3987 592 4034; x_wconf 83' lang='lat' dir='ltr'><strong>ande</strong></span> <span class='ocrx_word' id='word_1_421' title='bbox 605 3991 664 4033; x_wconf 77' lang='lat' dir='ltr'><strong>tenr-</strong></span> <span class='ocrx_word' id='word_1_422' title='bbox 701 3997 854 4046; x_wconf 86' lang='lat' dir='ltr'><strong>responsum.</strong></span> <span class='ocrx_word' id='word_1_423' title='bbox 890 3984 973 4032; x_wconf 83' lang='lat' dir='ltr'><strong>“Iliae</strong></span> <span class='ocrx_word' id='word_1_424' title='bbox 991 3987 1051 4032; x_wconf 85' lang='lat' dir='ltr'><strong>dnm</strong></span> <span class='ocrx_word' id='word_1_425' title='bbox 1068 3999 1095 4032; x_wconf 80' lang='lat' dir='ltr'><strong>se</strong></span> <span class='ocrx_word' id='word_1_426' title='bbox 1115 3987 1169 4046; x_wconf 87' lang='lat' dir='ltr'><strong>sq.&#39;&#39;</strong></span> <span class='ocrx_word' id='word_1_427' title='bbox 1204 3985 1252 4046; x_wconf 84' lang='lat' dir='ltr'><strong>Qui</strong></span> 
     </span>
     <span class='ocr_line' id='line_1_45' title="bbox 109 4061 1253 4128; baseline 0.002 -17"><span class='ocrx_word' id='word_1_428' title='bbox 109 4064 184 4126; x_wconf 84' lang='lat' dir='ltr'><strong>plum</strong></span> <span class='ocrx_word' id='word_1_429' title='bbox 205 4065 294 4112; x_wconf 79' lang='lat' dir='ltr'><strong>Vestae</strong></span> <span class='ocrx_word' id='word_1_430' title='bbox 314 4079 363 4112; x_wconf 88' lang='lat' dir='ltr'><strong>nan</strong></span> <span class='ocrx_word' id='word_1_431' title='bbox 378 4063 439 4125; x_wconf 82' lang='lat' dir='ltr'><strong>fait</strong></span> <span class='ocrx_word' id='word_1_432' title='bbox 460 4066 565 4128; x_wconf 66' lang='lat' dir='ltr'><strong>arenario</strong></span> <span class='ocrx_word' id='word_1_433' title='bbox 586 4080 664 4114; x_wconf 84' lang='lat' dir='ltr'><strong>canse-</strong></span> <span class='ocrx_word' id='word_1_434' title='bbox 702 4063 774 4110; x_wconf 80' lang='lat' dir='ltr'><strong>finxit</strong></span> <span class='ocrx_word' id='word_1_435' title='bbox 799 4062 921 4118; x_wconf 87' lang='lat' dir='ltr'><strong>Tiberim,</strong></span> <span class='ocrx_word' id='word_1_436' title='bbox 951 4063 1002 4110; x_wconf 85' lang='lat' dir='ltr'><strong>sire</strong></span> <span class='ocrx_word' id='word_1_437' title='bbox 1032 4061 1169 4121; x_wconf 89' lang='lat' dir='ltr'><strong>Anienem,</strong></span> <span class='ocrx_word' id='word_1_438' title='bbox 1194 4080 1253 4114; x_wconf 86' lang='lat' dir='ltr'><strong>nam</strong></span> 
     </span>
     <span class='ocr_line' id='line_1_46' title="bbox 111 4141 1252 4205; baseline 0.002 -15"><span class='ocrx_word' id='word_1_439' title='bbox 111 4147 227 4202; x_wconf 66' lang='lat' dir='ltr'><strong>matum,</strong></span> <span class='ocrx_word' id='word_1_440' title='bbox 253 4157 284 4191; x_wconf 85' lang='lat' dir='ltr'><strong>ne</strong></span> <span class='ocrx_word' id='word_1_441' title='bbox 307 4144 369 4191; x_wconf 85' lang='lat' dir='ltr'><strong>illac</strong></span> <span class='ocrx_word' id='word_1_442' title='bbox 393 4144 534 4191; x_wconf 80' lang='lat' dir='ltr'><strong>conveniret</strong></span> <span class='ocrx_word' id='word_1_443' title='bbox 553 4149 664 4205; x_wconf 77' lang='lat' dir='ltr'><strong>sciretne,</strong></span> <span class='ocrx_word' id='word_1_444' title='bbox 702 4155 781 4204; x_wconf 92' lang='lat' dir='ltr'><strong>neque</strong></span> <span class='ocrx_word' id='word_1_445' title='bbox 803 4148 899 4188; x_wconf 85' lang='lat' dir='ltr'><strong>constat</strong></span> <span class='ocrx_word' id='word_1_446' title='bbox 921 4149 976 4189; x_wconf 89' lang='lat' dir='ltr'><strong>uter</strong></span> <span class='ocrx_word' id='word_1_447' title='bbox 994 4141 1073 4188; x_wconf 90' lang='lat' dir='ltr'><strong>amnis</strong></span> <span class='ocrx_word' id='word_1_448' title='bbox 1093 4141 1118 4189; x_wconf 92' lang='lat' dir='ltr'><strong>h.</strong></span> <span class='ocrx_word' id='word_1_449' title='bbox 1137 4142 1153 4191; x_wconf 89' lang='lat' dir='ltr'><strong>l.</strong></span> <span class='ocrx_word' id='word_1_450' title='bbox 1171 4144 1202 4192; x_wconf 89' lang='lat' dir='ltr'><strong>sit</strong></span> <span class='ocrx_word' id='word_1_451' title='bbox 1218 4145 1252 4192; x_wconf 88' lang='lat' dir='ltr'><strong>in-</strong></span> 
     </span>
     <span class='ocr_line' id='line_1_47' title="bbox 113 4220 1253 4284; baseline 0.004 -17"><span class='ocrx_word' id='word_1_452' title='bbox 113 4222 156 4268; x_wconf 83' lang='lat' dir='ltr'><strong>ubi</strong></span> <span class='ocrx_word' id='word_1_453' title='bbox 172 4225 247 4268; x_wconf 82' lang='lat' dir='ltr'><strong>erant</strong></span> <span class='ocrx_word' id='word_1_454' title='bbox 264 4221 388 4281; x_wconf 76' lang='lat' dir='ltr'><strong>Virqines.</strong></span> <span class='ocrx_word' id='word_1_455' title='bbox 415 4220 484 4269; x_wconf 87' lang='lat' dir='ltr'><strong>Nam</strong></span> <span class='ocrx_word' id='word_1_456' title='bbox 501 4223 561 4270; x_wconf 86' lang='lat' dir='ltr'><strong>baec</strong></span> <span class='ocrx_word' id='word_1_457' title='bbox 571 4221 665 4284; x_wconf 81' lang='lat' dir='ltr'><strong>fuerat</strong></span> <span class='ocrx_word' id='word_1_458' title='bbox 703 4220 864 4282; x_wconf 88' lang='lat' dir='ltr'><strong>tolligendus,</strong></span> <span class='ocrx_word' id='word_1_459' title='bbox 878 4221 1055 4269; x_wconf 87' lang='lat' dir='ltr'><strong>hocfeeisscin</strong></span> <span class='ocrx_word' id='word_1_460' title='bbox 1068 4222 1253 4282; x_wconf 78' lang='lat' dir='ltr'><strong>gratianrlliac</strong></span> 
     </span>
     <span class='ocr_line' id='line_1_48' title="bbox 114 4299 1253 4365; baseline 0.004 -20"><span class='ocrx_word' id='word_1_461' title='bbox 114 4299 185 4359; x_wconf 65' lang='lat' dir='ltr'><strong>regia</strong></span> <span class='ocrx_word' id='word_1_462' title='bbox 212 4299 312 4348; x_wconf 83' lang='lat' dir='ltr'><strong>Numae</strong></span> <span class='ocrx_word' id='word_1_463' title='bbox 337 4300 475 4361; x_wconf 83' lang='lat' dir='ltr'><strong>Pompilii,</strong></span> <span class='ocrx_word' id='word_1_464' title='bbox 506 4301 541 4346; x_wconf 87' lang='lat' dir='ltr'><strong>ad</strong></span> <span class='ocrx_word' id='word_1_465' title='bbox 569 4302 665 4349; x_wconf 87' lang='lat' dir='ltr'><strong>atrium</strong></span> <span class='ocrx_word' id='word_1_466' title='bbox 704 4302 725 4350; x_wconf 89' lang='lat' dir='ltr'><strong>ei</strong></span> <span class='ocrx_word' id='word_1_467' title='bbox 742 4310 878 4365; x_wconf 86' lang='lat' dir='ltr'><strong>opportune</strong></span> <span class='ocrx_word' id='word_1_468' title='bbox 898 4302 922 4349; x_wconf 89' lang='lat' dir='ltr'><strong>in</strong></span> <span class='ocrx_word' id='word_1_469' title='bbox 941 4308 1049 4350; x_wconf 82' lang='lat' dir='ltr'><strong>mentem</strong></span> <span class='ocrx_word' id='word_1_470' title='bbox 1067 4301 1178 4350; x_wconf 74' lang='lat' dir='ltr'><strong>seuiebat</strong></span> <span class='ocrx_word' id='word_1_471' title='bbox 1195 4317 1253 4350; x_wconf 79' lang='lat' dir='ltr'><strong>nna</strong></span> 
     </span>
    </p>
   </div>
   <div class='ocr_carea' id='block_1_4' title="bbox 0 0 1466 5220">
    <p class='ocr_par' dir='ltr' id='par_1_4' title="bbox 0 0 1466 5220">
     <span class='ocr_line' id='line_1_49' title="bbox 0 0 1466 5220; baseline 0 0"><span class='ocrx_word' id='word_1_472' title='bbox 0 0 1466 5220; x_wconf 95' lang='lat' dir='ltr'><strong> </strong></span> 
     </span>
    </p>
   </div>
  </div>
 </body>
</html>
