2916 5220
677 338 966 401 EPODON

431 530 527 593 Terra
549 526 696 610 marique
719 524 825 589 victus
850 521 955 588 hostis
978 521 1102 587 Punica

477 631 631 715 Lugubre
656 628 798 693 mutavit
822 649 948 712 sagum.

432 736 503 800 Aut
526 735 583 799 ille
607 738 741 799 centum
764 732 908 797 nobilem
933 730 1067 796 Oretum
1090 728 1227 793 urbibus

476 838 593 904 Ventis
619 837 724 901 iturus
750 834 924 915 neustrie,

432 941 637 1007 Exercitatas
662 946 720 1004 aut
742 939 828 1025 petit
852 938 963 1021 Syrtes
987 936 1092 1018 Note,

477 1046 548 1110 Aut
570 1045 674 1109 fertur
696 1043 820 1108 incerte
844 1040 937 1105 mari.

433 1148 626 1234 Capaciores
650 1147 730 1212 affer
753 1146 835 1227 huc,
860 1165 958 1230 puer,
984 1144 1123 1229 scyphos

479 1251 524 1318 ut
549 1252 632 1317 Chia
654 1251 732 1315 vina
759 1256 818 1314 aut

841 1248 977 1329 Lesbia,

441 1356 511 1438 l'el,
535 1354 783 1441 qaadflaentem
806 1374 956 1418 nauteam
979 1357 1132 1431 coerceat,

478 1461 592 1524 Metire
615 1457 702 1524 nebia
731 1455 910 1522 Caecubum.

253 1660 415 1725 προσηκούσρ
433 1658 546 1723 ἄγραφος
563 1658 649 1722 μνήμη
667 1656 726 1723 παρ’
745 1656 801 1706 ἑκά·
841 1660 889 1703 est:
915 1667 990 1717 super
1011 1667 1061 1716 quo
1083 1650 1198 1716 Scipione
1214 1653 1296 1701 vlrtus
1313 1653 1393 1701 teutli-

251 1755 303 1801 στῳ
325 1741 372 1797 τῆς
390 1737 493 1802 γνώμης
510 1736 646 1800 μᾶλλονὴ
666 1737 711 1785 τοῦ
728 1736 801 1800 ἔργον
841 1732 878 1779 dit
898 1731 1079 1794 Carthaginem
1104 1731 1256 1794 sepulcrum.
1290 1732 1323 1780 In
1347 1733 1393 1779 ista

250 1816 414 1865 ἐνδιαιτᾶται.
440 1815 508 1863 Ilinc
521 1816 685 1879 explicandus
701 1813 799 1864 estCa·
841 1811 983 1861 coniectura
1012 1825 1053 1860 me
1080 1811 1183 1861 offendit
1207 1811 1274 1860 mira
1299 1812 1393 1860 dicandi

251 1895 330 1943 tullus
347 1895 431 1945 Carm.
450 1895 499 1942 XI.
517 1896 541 1943 9.
568 1895 626 1943 Sira
643 1900 716 1942 trans
733 1896 802 1941 altas
841 1890 917 1940 ratio:
940 1892 1083 1954 repuleram
1104 1893 1223 1939 conditur
1244 1906 1323 1953 saper
1342 1893 1392 1940 s‘ct-

249 1975 493 2036 paratarma,
514 1966 634 2022 Caesart't
651 1974 733 2020 emerat
749 1987 799 2020 nro·
840 1972 925 2031 piane,
949 1983 995 2033 pro
1021 1970 1148 2032 Scipioni:
1175 1976 1244 2027 turn,
1272 1970 1353 2033 magis
1378 1986 1392 2017 a

250 2058 369 2101 tramenta
396 2053 493 2115 mapai,
527 2052 656 2100 Gallicam
683 2052 801 2098 Rhenum
841 2047 950 2111 figurate
960 2048 991 2096 ad
1003 2048 1132 2111 proprium
1142 2048 1391 2112 abducimur,quam

250 2131 429 2193 horribilesque
454 2130 624 2193 alti-rllaeqae
649 2130 800 2179 Britannos.
840 2142 886 2189 par
902 2133 951 2183 est.
977 2133 1002 2176 et
1028 2127 1111 2190 Scipio
1135 2126 1187 2176 fere
1207 2127 1392 2190 intelligeretur

250 2208 300 2257 Ubi
318 2211 437 2259 Rhenum
458 2217 482 2258 et
500 2213 643 2258 Britannos
662 2215 735 2256 vocat
752 2224 800 2258 nra·
840 2221 893 2255 esse
910 2206 1023 2269 sepultus
1039 2207 1065 2254 in
1081 2206 1136 2269 ipsa
1151 2206 1307 2270 Carthagine
1324 2208 1390 2255 diru-

249 2294 371 2336 nutriente
381 2288 501 2338 Caesaris.
510 2288 566 2338 Liv.
577 2287 666 2337 XXX·
675 2288 714 2337 28.
726 2290 800 2335 Han·
839 2291 877 2348 ta,
900 2293 928 2333 ut
949 2291 1004 2334 erat
1022 2286 1102 2333 Traia
1124 2285 1205 2333 viram
1222 2293 1249 2335 et
1266 2289 1393 2335 virtutum

247 2369 319 2416 attat
338 2369 496 2431 Hirpanr'us,
516 2370 625 2428 Gallias,
644 2369 753 2416 ltaliam
769 2370 800 2416 ab
839 2368 950 2414 armatam
966 2380 1059 2414 aruara
1078 2366 1154 2422 elata,
1172 2366 1239 2428 apud
1252 2365 1391 2415 Catullum.

249 2448 358 2508 Alpibus
383 2451 418 2497 acl
435 2449 550 2512 fretam,
576 2449 742 2495 monumentis
762 2448 799 2494 ia·
839 2442 966 2506 Denique,
986 2444 1006 2492 si
1023 2443 1151 2508 Carthago
1169 2452 1232 2494 esset
1249 2446 1390 2508 sepulcrum

247 2528 359 2587 poariam
376 2543 462 2576 rerum
478 2529 624 2588 complerat.
642 2524 746 2573 XXXI.
757 2526 798 2574 29.
839 2536 914 2585 super
937 2522 1051 2587 Scipione
1076 2525 1216 2582 conditum,
1244 2524 1312 2572 vieta
1333 2527 1391 2574 urbs

251 2604 343 2666 Capua
359 2608 470 2669 quidem,
496 2608 640 2668 repuleram
661 2620 691 2654 ae
712 2620 797 2654 meaa·
839 2603 958 2651 emineret
976 2617 1050 2666 super
1066 2604 1192 2662 victorem,
1211 2618 1277 2667 quae
1294 2604 1391 2653 deberet

248 2689 360 2730 tuentum
396 2685 521 2746 Campani
544 2687 649 2746 papali,
678 2690 797 2746 superest.

248 2759 317 2808 Vell.
335 2760 433 2809 Patere.
455 2763 490 2810 II.
511 2762 551 2810 38.
584 2764 662 2824 Syria
685 2768 710 2811 et
731 2765 798 2812 Paa-

249 2844 366 2887 tuerent
385 2840 432 2887 Cn.
454 2843 570 2901 Pompeii
591 2843 697 2888 vtrtrrtr't
714 2857 798 2889 erronu-

248 2922 339 2964 mertta.
374 2916 467 2966 1140.
494 2920 641 2981 Pompeias,
663 2926 722 2982 qtrot
737 2936 798 2982 par·

248 3001 286 3043 tet
308 3000 438 3045 terraram
458 3002 530 3055 tuat,
553 2999 655 3045 totidem
665 2997 732 3061 fecit
750 3014 799 3045 mo-

248 3080 369 3122 numenta
386 3076 507 3125 victoriae
524 3090 591 3124 roae.
622 3074 707 3124 Sidon.
719 3076 811 3139 Apol·-

248 3153 291 3202 liu.
309 3153 393 3204 Carm.
411 3155 489 3204 XIII.
510 3156 547 3204 ll.
581 3157 696 3214 Taurus,
713 3172 798 3214 cerva,

247 3233 326 3293 pipat,
342 3235 439 3295 hospes,
457 3237 575 3290 luctator,
596 3241 715 3290 Attrazca,
728 3236 797 3294 Cres,

248 3314 336 3372 canis,
362 3315 534 3376 Hesperides,
559 3316 612 3361 tint
638 3321 798 3363 placamenta

247 3392 305 3438 oiri.
324 3393 461 3454 Agesilaus
473 3394 539 3456 apud
547 3393 713 3441 Plutarchum
724 3393 797 3442 dixit:

249 3467 278 3515 Εἰ
306 3470 354 3534 γάρ
388 3491 412 3519 τι
441 3474 523 3521 καλὸν
554 3474 628 3537 ἔργον
655 3473 797 3533 πεποίηκα,

251 3549 327 3596 τοῦτό
347 3568 396 3613 μου
417 3555 539 3613 μνημεῖον
559 3552 636 3601 ἔσται.
672 3551 722 3599 Dio
739 3552 798 3602 Cas-

249 3627 299 3674 sius
324 3627 383 3677 LII.
404 3629 442 3676 ll.
475 3628 507 3677 “H
537 3631 582 3678 οὖν
610 3631 797 3694 περιγενώμεθα

248 3706 342 3768 αὐτῶν,
360 3707 376 3766 ἢ
394 3708 505 3757 ἐνταῦθα
523 3708 704 3774 ἀποθάνωμεν,
718 3709 799 3758 καλὸν

250 3786 279 3832 τὸ
303 3790 427 3850 μνημεῖον
449 3787 498 3846 τήν
521 3789 680 3852 Βρεττανίαν
701 3786 796 3852 ἕξομεν.

248 3863 311 3911 Alio
328 3865 392 3912 hanc
407 3865 555 3914 locutionem
568 3865 637 3914 flexit
654 3867 798 3928 Propertius

248 3941 298 3990 III.
324 3945 348 3991 5.
373 3944 414 3992 28.
452 3946 528 3993 Noae
554 3948 602 3993 tibi
628 3960 678 4006 pra
703 3947 799 3993 runcato

251 4020 422 4085 Carpathium
446 4038 516 4072 carna
538 4040 613 4071 arare.
649 4024 684 4072 Et
700 4024 797 4072 Ausou.

248 4099 365 4164 Epitaph.
390 4101 501 4150 Heroum
528 4101 575 4150 XI.
621 4104 721 4152 Cuncta
750 4106 797 4152 ele·

249 4186 332 4228 ereata
348 4183 406 4230 daei
423 4187 496 4230 tanta
508 4197 634 4232 eeuruuare
645 4184 795 4244 sepulerum.

248 4258 330 4306 Bentl.
349 4259 387 4306 hic
405 4260 520 4308 coniecit:
539 4276 586 4323 quo
598 4276 674 4322 super
685 4261 795 4308 Cartha·

247 4337 328 4395 pitreur
345 4340 431 4387 Virtus
442 4341 583 4402 repulerunt
595 4342 712 4389 condidit.
739 4341 794 4389 Hoc

838 2681 917 2730 iacere
933 2681 980 2729 sub
998 2683 1097 2731 victore.

882 2763 981 2810 Punica
1011 2763 1129 2824 Lupabre
1159 2763 1271 2810 mataer't
1297 2776 1390 2822 tapetia.

838 2839 906 2888 Plin.
929 2840 1025 2903 Paneg.
1047 2841 1087 2889 56.
1123 2843 1314 2890 Paludamento
1339 2857 1389 2887 nta-

839 2925 895 2966 tare
909 2924 1081 2981 praetextam.
1116 2918 1221 2968 Sallust.
1246 2934 1285 2981 ap.
1308 2918 1390 2968 schol.

838 2998 951 3047 Iuvenal.
976 2998 1028 3047 Sat.
1046 2999 1094 3047 VI.
1113 2999 1169 3046 400.
1207 3000 1302 3060 Topam
1316 2999 1390 3059 patu·

838 3080 955 3127 dumento
980 3080 1096 3125 ructavit.
1131 3076 1228 3126 Dubito
1254 3084 1338 3124 autem
1360 3092 1390 3124 au

838 3156 958 3206 Horatius
978 3157 1014 3205 sic
1031 3158 1115 3206 statim
1132 3163 1188 3220 post
1207 3157 1390 3219 Carthapinem

838 3235 962 3297 scripserit
983 3239 1081 3287 Punica
1102 3252 1147 3299 pro
1166 3251 1305 3299 purpurea.
1339 3236 1391 3284 Me·

838 3316 887 3363 lius
908 3316 1008 3379 quidem
1029 3317 1132 3378 pernice,
1158 3315 1214 3370 sed,
1236 3322 1290 3362 tam
1312 3314 1392 3361 vicina

839 3393 1008 3456 Carthagine,
1035 3409 1086 3441 uon
1114 3393 1174 3440 satis
1201 3408 1216 3440 a
1240 3393 1392 3456 cogitatione

838 3474 893 3535 rapi
913 3474 1132 3536 Carrtaptataute
1149 3485 1304 3520 revocamur.

872 3554 911 3599 Et
930 3553 996 3601 Cbt'a
1013 3554 1072 3600 atae
1093 3556 1140 3598 aut
1156 3552 1256 3598 Lesbia.
1294 3549 1392 3597 Phocas

838 3630 950 3679 Gramm.
974 3647 1031 3694 pag.
1057 3631 1127 3682 1707.
1162 3631 1233 3677 Nam
1255 3631 1316 3678 vina
1340 3629 1392 3678 Coa

838 3710 988 3758 decimaret
1005 3711 1130 3759 Massica.
1164 3707 1217 3756 Ubi
1236 3707 1264 3756 iu
1282 3710 1322 3757 ed.
1339 3711 1392 3759 Me·

839 3787 896 3836 dial.
914 3788 1007 3852 legitur
1024 3790 1140 3843 mancia,
1160 3792 1309 3849 corruptum
1326 3788 1390 3836 seili-

838 3873 877 3915 cet
893 3882 925 3915 ex
943 3869 1001 3916 vina
1022 3867 1096 3916 Cata.

876 3948 935 4003 Vel,
955 3949 1022 4008 quad
1035 3945 1161 4006 fluentem
1183 3960 1307 3994 nauteam
1327 3947 1393 3995 eoir-

839 4031 900 4074 eeat.
927 4025 983 4073 Nou
1001 4025 1133 4088 impetrare
1151 4039 1166 4072 a
1182 4037 1355 4086 mepossum,
1366 4034 1392 4073 ut

838 4104 939 4153 credam
960 4104 1020 4152 haec
1037 4117 1090 4152 esse
1106 4102 1213 4151 Horatii.
1248 4101 1309 4151 Scio
1326 4103 1393 4165 apuu

838 4183 964 4232 Romanas
986 4183 1055 4230 aliud
1077 4183 1101 4230 in
1124 4181 1170 4229 hoc
1187 4194 1280 4243 genere
1297 4182 1391 4230 censeri

838 4277 887 4310 uon
905 4264 1062 4316 indecorum,
1084 4268 1158 4323 atque
1179 4260 1246 4322 apud
1270 4274 1315 4307 nus
1337 4275 1392 4310 ceu-

839 4348 914 4390 setur.
950 4342 999 4391 Sed
1022 4341 1152 4403 putidum,
1178 4336 1330 4388 mentionem
1357 4342 1391 4388 rei
