2916 5220
585 297 763 360 LIBER
808 296 872 360 ΙΙΙ.

341 481 489 546 Hostium
512 502 627 546 naeres
644 486 799 568 puerique
822 504 924 546 coecos

340 578 486 648 Sentiant
508 595 608 650 motus
631 589 761 651 orientis
785 587 899 651 Austri
922 596 950 649 et

338 688 492 772 Aequoris
514 692 600 774 nipri
610 687 781 772 fremitum
804 700 833 754 et
857 698 1019 754 trementes

436 790 566 855 Verbere
588 796 691 876 rapas.

341 892 394 957 Sic
417 898 450 957 et
474 893 603 978 Europe
626 893 760 959 niveum
784 895 896 960 doloso

340 995 487 1061 Credidit
509 1002 602 1060 tauro
625 997 713 1062 latus
737 1003 771 1063 ct
794 1003 976 1063 scatentem

152 1139 231 1202 freta
244 1140 317 1202 panti
342 1140 475 1202 Incipiunt
496 1141 596 1203 apitata
618 1145 707 1188 tumes-

159 1233 225 1275 cere,
242 1224 267 1267 et
284 1221 374 1266 aridas
390 1220 451 1266 altis
474 1221 605 1268 Montibus
622 1221 710 1267 audiri

153 1296 260 1359 frapar,
284 1302 331 1344 aut
355 1299 500 1346 resonantia
525 1299 595 1360 tempe
618 1298 710 1345 Litora

159 1378 273 1435 veracem,
282 1382 306 1424 et
315 1392 442 1425 marorum
454 1379 634 1426 increbrescere
642 1392 710 1424 mur-

160 1470 225 1502 mur.
252 1454 303 1504 Ubi
327 1454 442 1504 Servius:
463 1456 541 1503 “Duo
558 1454 617 1502 dicit
634 1461 709 1502 natu·

159 1532 231 1580 ralia
248 1533 347 1582 Futura
364 1535 430 1583 enim
441 1540 599 1598 tempestate,
616 1540 641 1582 et
653 1539 710 1581 ante

160 1620 264 1660 ventum
291 1613 380 1661 fluctus
412 1620 556 1670 moventur,
578 1618 602 1662 et
627 1612 711 1675 fragor

159 1692 261 1740 auditur
278 1694 408 1752 exedris,
430 1707 521 1741 arcana
543 1693 653 1756 quadam
672 1706 710 1739 ra·

160 1770 227 1819 tione
248 1773 376 1820 naturae.''
411 1772 508 1820 Locum
529 1770 632 1833 Virgilii
654 1776 711 1820 anto

159 1848 245 1897 oculos
262 1849 370 1898 habebat
386 1851 504 1899 Lucanus
521 1850 555 1899 V.
577 1850 633 1898 551.
661 1850 712 1898 Sed

160 1929 223 1975 mitti
239 1942 284 1976 nec
308 1935 391 1977 motus
407 1944 547 1989 neniarum,
568 1944 611 1977 nec
628 1929 711 1976 litoris

160 2007 240 2064 ictus,
270 2008 323 2056 Neo
338 2010 423 2069 placet
444 2010 570 2064 incertas,
592 2009 636 2070 qui
650 2022 710 2069 pro·

164 2091 238 2134 cocat
264 2101 384 2147 aequora,
413 2089 522 2147 delphin.
556 2085 616 2134 Vid.
640 2085 709 2136 Cort.

161 2164 282 2212 Lucanus
294 2165 385 2213 iterum
393 2164 428 2212 V.
446 2164 502 2216 571.
529 2165 560 2212 Si
576 2179 710 2212 murmura

159 2246 234 2304 ponti
261 2243 433 2301 Consulinms,
447 2245 509 2293 Cori
521 2249 621 2292 verrent
633 2259 709 2291 mare.

160 2320 244 2369 Plura
261 2322 383 2370 dederunt
391 2321 536 2384 interpretes
554 2321 638 2370 adil.
648 2322 707 2370 Vir·

160 2399 230 2462 gilii,
250 2400 276 2447 in
302 2400 340 2448 his
368 2400 528 2448 memorabile
549 2400 614 2448 illud
631 2400 711 2448 Plinii

161 2479 260 2527 XVIII
285 2481 325 2529 35.
348 2481 426 2528 Mare
447 2481 471 2528 si
492 2482 662 2542 tranquillum
682 2482 709 2528 in

159 2564 239 2620 portu
260 2561 338 2608 stabit
363 2565 389 2608 et
419 2559 618 2607 murmuraverit
638 2559 710 2605 intra

159 2653 198 2695 se,
220 2643 321 2687 uentum
345 2640 477 2701 praedicit.
510 2639 540 2687 Si
562 2637 711 2696 identidem,

160 2722 187 2766 et
203 2719 314 2779 hyemem
329 2723 354 2765 et
373 2719 483 2766 imbrem.
519 2718 611 2764 Litora
627 2716 710 2777 ripae·

160 2811 208 2858 que
218 2798 243 2843 si
258 2798 408 2845 resanabunt
423 2796 575 2858 tranquillo,
593 2809 711 2856 asperam

160 2880 346 2936 tempestatem,
363 2876 423 2928 item
443 2876 523 2922 maria
539 2875 621 2936 ipsius
638 2879 711 2921 tran·

160 2955 242 3016 quilla
257 2956 363 3003 sonitus.
396 2953 482 3002 Valer.
500 2952 585 3002 Flacc.
602 2952 637 3000 V.
654 2953 710 3000 522.

163 3030 217 3080 Ceu
235 3037 314 3081 tunret
331 3039 407 3096 atque
423 3035 472 3081 imo
484 3035 530 3080 sub
542 3033 641 3095 purpite
656 3046 710 3080 con·

160 3112 225 3173 cipit
241 3117 342 3160 amtros
372 3114 448 3161 Unda
464 3114 547 3160 silens.
575 3109 661 3158 Heius.
678 3110 712 3157 ibi

160 3189 263 3251 corrigit
280 3196 378 3251 aestus,
394 3189 711 3248 assentiente-BurmannO,

160 3269 220 3331 quia
236 3283 286 3317 non
301 3268 412 3326 videbat,
429 3268 552 3330 quomodo
568 3267 711 3314 fluviusau-

159 3354 229 3397 atros
245 3349 373 3410 concipere
383 3353 471 3410 posset.
489 3346 634 3409 Eleganter,
643 3354 711 3408 puto,

159 3428 284 3488 concipit,
309 3426 354 3489 qui
375 3434 472 3474 austros
494 3425 519 3472 in
540 3426 633 3487 gremio
651 3424 712 3471 acci-

159 3505 209 3568 pit,
227 3504 347 3567 gravidus
355 3505 384 3552 fit
395 3505 493 3561 austris,
506 3504 627 3552 tumescit.
645 3502 712 3550 Hinc

159 3587 234 3633 intra
249 3599 276 3633 se
292 3590 449 3642 murmurat,
471 3590 500 3631 ut
522 3581 621 3631 Plinius
642 3582 711 3629 dixit.

159 3663 237 3714 Adde
245 3661 364 3711 Ovidium
376 3663 435 3711 XV.
445 3662 549 3711 Metam.
560 3661 618 3709 605.
636 3661 669 3707 M
671 3676 712 3708 nr-

159 3759 236 3792 mura
252 3744 340 3806 qualia
351 3742 452 3804 fluctus
465 3742 588 3804 Aequorei
598 3741 712 3803 faciunt,

751 1143 798 1196 κήν
823 1145 911 1206 φωνὴν
937 1150 961 1192 et
986 1142 1123 1207 μέλαιναν,
1146 1142 1171 1190 h.
1193 1156 1214 1190 e.
1237 1141 1298 1202 fus·

750 1237 805 1270 cam
822 1228 847 1269 ct
863 1224 1005 1281 candidam,
1017 1221 1155 1284 appellant:
1166 1220 1215 1268 vid.
1225 1219 1299 1268 inter-

750 1306 831 1361 pretes
853 1300 885 1346 ad
907 1299 1008 1348 Sueton.
1036 1298 1163 1348 Neronem
1184 1312 1237 1361 cap.
1258 1299 1298 1347 20.

750 1383 775 1425 et
785 1376 905 1438 Quinctil.
924 1378 986 1427 Inst.
999 1377 1049 1426 XI.
1060 1378 1083 1425 3.
1101 1377 1137 1426 Ut
1148 1391 1195 1439 ego
1207 1377 1299 1425 conieci

750 1472 837 1514 sonas,
854 1456 890 1505 ita
905 1457 968 1520 legit
985 1457 1124 1507 Comment.
1142 1456 1219 1519 Cruq.
1236 1455 1299 1505 “Di-

750 1535 784 1583 cit
801 1550 826 1584 se
843 1549 914 1584 nosse
930 1536 1032 1585 futurae
1048 1536 1201 1598 tempestatis
1220 1535 1299 1598 signa,

750 1614 791 1663 vel
817 1630 849 1663 ex
865 1615 988 1664 Adriatici
1013 1615 1089 1663 maris
1112 1628 1186 1674 sono,
1210 1614 1300 1664 velex

751 1693 811 1742 flatu
828 1693 896 1741 venti
911 1693 1039 1757 Iapygis.'’

784 1774 905 1820 Hostium
916 1787 1006 1821 arares
1015 1773 1137 1835 puerique
1145 1786 1231 1821 coecos.
1252 1770 1300 1820 Re-

751 1851 835 1912 petitio
852 1865 935 1899 rerum
954 1865 1031 1913 supra
1046 1850 1178 1898 dictarum.
1205 1852 1302 1912 Impius

751 1931 829 1979 ducat
845 1945 915 1978 omen
929 1945 1033 1992 parrae.
1056 1930 1139 1977 Pueri
1150 1928 1181 1976 ob
1192 1935 1300 1976 metrum

751 2007 837 2067 additi,
851 2007 910 2056 licet
918 2007 1048 2070 proverbio
1056 2013 1193 2069 usurpetur
1203 2008 1301 2071 ἐχθρῶν

752 2085 848 2143 παῖδες.
887 2089 984 2135 Uxores
1004 2085 1103 2149 probari
1127 2091 1220 2148 potest,
1242 2085 1301 2147 quia

751 2163 882 2214 Galateam
894 2164 1039 2228 alloquitur.
1052 2164 1209 2226 Quamquam
1219 2164 1244 2210 in
1256 2162 1300 2210 tali

751 2242 860 2290 formula
882 2243 935 2291 solo
956 2246 1065 2291 hostium
1086 2243 1186 2290 nomine
1203 2248 1299 2290 uteren-

751 2327 805 2368 tur:
831 2324 943 2370 hostibus
961 2324 1005 2370 trac
1028 2324 1140 2378 eveniat,
1163 2336 1227 2383 quae
1252 2320 1300 2368 sor·

751 2400 821 2448 mula
843 2400 957 2464 frequens
978 2401 1044 2462 apud
1067 2399 1186 2449 Ovidium
1206 2400 1300 2447 inveni·

750 2486 798 2526 tur.
832 2479 888 2527 Iam
905 2485 987 2528 motus
1004 2480 1109 2528 orientis
1127 2479 1220 2526 Austri
1237 2491 1300 2525 nove

751 2559 852 2606 dictum.
889 2561 1015 2609 Fremitus
1039 2559 1153 2620 aequoris
1178 2563 1203 2605 et
1226 2571 1301 2604 sonare

752 2640 881 2697 Hadriae,
906 2638 959 2696 uel,
985 2638 1006 2685 si
1031 2638 1117 2696 malis,
1146 2643 1203 2685 ater
1228 2637 1301 2683 sinus

754 2719 872 2767 Hadriae
891 2732 941 2766 non
962 2716 1085 2765 differunt.
1118 2717 1207 2778 Neque
1230 2714 1302 2775 ripae

752 2812 797 2859 pro
815 2798 892 2846 litora
910 2795 996 2844 aetatis
1014 2796 1147 2857 Augustae
1164 2801 1208 2843 est.
1234 2795 1300 2842 Nam

753 2875 857 2925 Ovidius
882 2877 909 2924 in
930 2876 1123 2938 Metamorphosi
1149 2874 1238 2923 diserte
1267 2872 1301 2919 di-

752 2955 852 3003 stinxit:
867 2970 915 3016 pro
932 2957 999 3017 ripis
1016 2956 1092 3003 litora
1105 2956 1218 3016 pulsant.
1236 2950 1300 2999 Mei·

753 3035 840 3082 nekius
852 3040 934 3081 tamen
946 3034 1053 3082 ostendit
1061 3033 1149 3081 Horat.
1161 3032 1197 3080 11.
1216 3029 1300 3079 Carm.

756 3115 792 3161 18.
810 3115 851 3161 22.
869 3112 1009 3172 Putabam,
1031 3109 1065 3158 ibi
1083 3113 1160 3158 litora
1177 3109 1256 3156 araris
1277 3113 1302 3154 et

753 3196 837 3256 ripam
854 3195 1019 3242 rennuentem
1035 3205 1087 3239 esse
1103 3190 1221 3253 opposita.
1254 3187 1301 3235 Di·

753 3286 796 3320 ves
817 3272 848 3318 ad
874 3273 946 3334 ripas
968 3270 1108 3331 fluminum
1131 3267 1303 3316 aedificaverat

754 3352 856 3407 domos,
877 3352 903 3398 in
925 3355 992 3398 terra
1008 3348 1069 3395 adeo
1086 3346 1237 3394 continente:
1259 3344 1302 3392 sed

753 3442 783 3476 ea
798 3429 937 3491 possidens,
953 3440 1043 3490 parum
1060 3425 1107 3474 sibi
1120 3424 1250 3473 videbatur
1267 3424 1302 3472 lo-

753 3507 849 3569 cuples,
866 3506 913 3553 nisi
930 3507 997 3555 etin
1015 3506 1078 3554 mari
1094 3504 1241 3554 aedificaret.
1263 3505 1303 3553 Na

753 3585 812 3633 litus
838 3585 937 3647 quidem
963 3592 1001 3633 sat
1023 3587 1161 3648 spatiosum
1182 3592 1247 3646 erat,
1265 3585 1304 3642 ni,

753 3667 817 3714 mari
833 3665 955 3724 submoto,
972 3672 1135 3729 promoveret.
1165 3668 1235 3729 Ripa.
1248 3681 1303 3714 con·

754 3747 852 3804 tineas,
870 3752 950 3795 terrae
963 3744 1123 3803 continentis,
1135 3752 1164 3793 ut
1175 3747 1238 3792 litas
1249 3759 1304 3793 con-

159 3824 184 3870 si
200 3823 257 3885 qais
272 3823 362 3884 procul
378 3821 470 3868 audiat
486 3822 549 3877 illos,
562 3821 624 3867 Tale
639 3824 713 3866 sonat
754 3825 836 3871 tineus
847 3823 873 3870 in
884 3822 1000 3886 Epistola
1008 3823 1095 3871 Pontii
1104 3820 1217 3870 Paullini
1229 3837 1252 3884 p.
1265 3821 1303 3869 16.

156 3904 276 3966 populus.
302 3900 402 3961 Quinct.
412 3900 460 3948 IV.
478 3899 591 3948 Declam.
612 3900 649 3948 16.
669 3901 712 3950 Sic
756 3902 872 3963 Namque
888 3909 917 3948 ut
933 3900 1065 3964 prosector
1076 3903 1215 3949 continenti
1231 3901 1305 3948 litore

151 3981 267 4043 futuras
289 3985 448 4041 tempestates
473 3980 558 4040 pelopi
576 3978 713 4041 scoparet
753 3980 789 4026 In
807 3981 863 4027 alta
880 3982 1001 4041 prooessit
1011 3979 1094 4041 freta.

158 4060 285 4109 conscium
302 4076 437 4108 mentorum
455 4074 570 4106 murmur
587 4060 710 4107 enuntiat.
786 4058 831 4105 Sic
856 4063 881 4105 et
903 4059 1006 4118 Europe
1026 4058 1126 4104 niveum
1148 4058 1235 4105 doloso.
1269 4056 1305 4106 Ut

159 4136 274 4185 Pulchre
291 4144 375 4186 autem
392 4138 527 4186 obscurum
544 4135 609 4183 illud
621 4150 710 4198 aequo-
752 4141 782 4182 tu
798 4149 866 4183 nunc
883 4141 908 4183 te
924 4135 1008 4184 credes
1025 4135 1098 4195 navi,
1115 4141 1139 4183 et
1154 4135 1257 4198 periculi
1269 4150 1306 4185 sc-

158 4216 194 4263 ris
219 4230 335 4264 murmur
364 4217 455 4264 dicitur
480 4221 536 4265 ater
561 4230 647 4273 sonus,
671 4215 712 4263 cui
752 4229 813 4263 cura
837 4230 888 4263 non
904 4215 999 4278 cogitas
1016 4215 1074 4278 quid
1092 4215 1202 4264 accidere
1219 4213 1304 4278 possit,

158 4294 389 4357 opponiturclarus
407 4308 494 4351 sonus,
511 4300 539 4342 ut
553 4293 640 4344 Graeci
658 4295 710 4342 λευ-
753 4295 787 4342 sic
809 4294 913 4357 Europa
930 4308 956 4342 se
972 4293 1076 4342 credidit
1093 4300 1178 4343 tauro:
1205 4300 1229 4342 et
1246 4293 1304 4352 illa,
