2916 5220
629 319 971 384 oattMINUM

453 515 602 579 Tractare
626 522 810 597 serpentem
835 518 873 576 ut
896 515 1003 576 atrum

503 617 643 702 Corpore
667 615 866 681 combiberet
888 634 1050 679 venenum

412 719 599 785 Deliberabo
622 724 726 783 morte
750 716 902 782 ferocior:

414 821 525 887 Saevis
550 819 705 885 Liburnis
730 818 857 885 scilicet
879 817 1031 883 invidens

455 924 589 989 Privata
612 923 728 989 deduci
752 922 890 1008 superbo

498 1027 574 1091 Non
597 1026 733 1093 humilis
757 1025 876 1092 mulier
899 1025 1074 1110 triumpho.

231 1240 305 1302 ghius
321 1241 347 1288 in
363 1239 514 1304 praefatione
530 1240 645 1289 historiae
658 1253 783 1289 suaenar·
824 1241 881 1287 bela
905 1253 1007 1289 navare.
1042 1238 1165 1288 Theocrit.
1183 1237 1260 1302 Idyll.
1279 1237 1314 1287 Α.
1332 1239 1372 1286 42.

232 1324 269 1367 ret
289 1319 320 1367 de
343 1318 435 1368 Carolo
451 1319 486 1367 V.
503 1324 634 1382 postquam
652 1319 783 1382 imperium
825 1318 904 1376 Φαίης
927 1336 970 1368 κεν
986 1318 1064 1382 γυίων
1083 1319 1124 1367 νῖν
1141 1317 1203 1366 ὅσον
1220 1315 1313 1374 σθένος
1330 1316 1372 1364 ἐλ-

232 1397 401 1454 abdicaverat,
431 1397 491 1459 quid
519 1396 610 1446 Franci
644 1398 674 1445 de
704 1404 783 1445 morte
824 1395 962 1446 λοπιεύειν.
992 1395 1051 1445 Ὦόε
1072 1396 1095 1445 ol
1115 1394 1241 1460 ῴόἡκαντι
1256 1394 1373 1445 κατάὐ-

231 1476 354 1524 Ludoviei
374 1474 449 1524 XIV.
472 1476 550 1538 deque
567 1476 627 1523 aula
642 1475 782 1539 Napolcon-
823 1472 886 1536 χένα
905 1475 1036 1524 πάντοθεν
1051 1477 1112 1532 ἶνες.
1146 1473 1234 1523 Valer.
1249 1474 1321 1522 Max.
1337 1474 1373 1523 V.

232 1556 264 1602 tis
289 1556 379 1604 iterum
405 1553 504 1613 deiecti,
526 1555 546 1601 is
571 1555 663 1616 optime
686 1555 782 1617 regiam
824 1553 848 1600 4.
882 1555 918 1601 In
939 1555 993 1602 illia
1018 1556 1097 1602 acatia
1113 1554 1278 1602 rmaabroram
1295 1555 1374 1602 linea-

232 1632 380 1696 Cleopatrae
397 1638 520 1682 tacentem
534 1633 665 1695 intelliget.
691 1634 782 1682 Emen·
824 1634 914 1681 arentia
932 1633 990 1680 aiva
1006 1648 1036 1680 ac
1056 1633 1186 1694 spirantia
1209 1647 1315 1695 corpora
1335 1633 1374 1679 ta-

233 1712 358 1760 dutiouem
375 1709 483 1758 Bentleii
500 1710 584 1773 paucis
600 1711 784 1759 commendavit
824 1712 892 1759 taera'
912 1712 1045 1760 credentes.
1074 1711 1135 1759 Vid.
1156 1710 1253 1759 Heinsii
1274 1710 1374 1759 Adver-

234 1789 301 1839 Cort.
320 1789 352 1836 ad
368 1788 574 1838 Luoau.II.693.
597 1789 648 1837 vid.
662 1789 782 1837 etMark-
824 1804 872 1837 sar.
897 1805 953 1852 pag.
975 1790 1031 1840 722.
1065 1789 1203 1838 Burmann.
1228 1789 1260 1836 ad
1284 1788 1375 1837 Valer.

234 1869 301 1917 land.
319 1869 351 1915 ad
370 1868 444 1918 statii
460 1868 480 1916 Ι.
500 1867 563 1917 silv.
581 1869 604 1916 3.
622 1869 661 1916 36.
823 1869 908 1917 Flacci
932 1870 968 1918 ΙΙ.
995 1869 1051 1918 465.
1085 1867 1201 1918 Oudend.
1226 1869 1258 1916 ad
1274 1868 1374 1932 Appul.

270 1949 377 2009 Corpore
393 1949 539 1996 aorrrba'beret
559 1962 687 1996 versatam.
723 1947 782 1995 Cor·
824 1948 927 1996 Metam.
947 1963 1004 2011 pag.
1022 1948 1078 1998 789.
1112 1946 1281 2009 Corrigendus
1298 1949 1374 1996 etiam

232 2041 293 2089 pore
309 2040 359 2073 non
376 2025 427 2073 sine
444 2031 576 2073 contemtu.
602 2024 727 2074 Potuisset
741 2043 783 2089 pe·
825 2026 865 2074 hic
881 2033 919 2075 est
936 2026 1000 2075 Stat.
1017 2026 1067 2074 111.
1085 2025 1185 2076 silva.
1205 2026 1242 2073 19.
1277 2029 1374 2090 Asigra-

234 2110 307 2154 atore.
342 2105 377 2152 Et
397 2104 431 2150 sie
451 2104 545 2166 legitur
561 2105 588 2152 in
604 2103 661 2154 MS.
679 2105 782 2153 Mentel.
817 2105 954 2169 seramque
973 2108 1083 2165 marana,
1108 2105 1198 2153 blanda
1221 2120 1272 2167 aaa
1292 2121 1375 2154 nterea

234 2183 277 2231 aed
298 2196 378 2245 neque
400 2183 431 2229 de
452 2188 523 2244 parte
539 2181 660 2245 eorporis,
676 2182 717 2230 cui
733 2197 782 2230 ser·
824 2200 914 2233 venato
940 2186 1030 2235 Actias
1056 2185 1183 2233 Aaaoaa'aa
1203 2183 1276 2247 sapit
1304 2186 1374 2234 Cleo-

235 2267 321 2325 pentes
338 2260 488 2317 admoverit,
505 2275 572 2309 nunc
583 2267 691 2320 constat,
702 2262 783 2309 multo
822 2269 903 2325 patra
919 2269 1028 2314 catenae.
1054 2264 1122 2325 Lege
1139 2277 1221 2312 nwraa
1232 2279 1332 2323 venato,
1347 2265 1374 2312 ia

235 2340 330 2397 minus,
341 2354 420 2403 quum
431 2339 550 2388 Horatius
560 2339 607 2388 hoe
617 2354 717 2389 carmen
726 2341 783 2389 scri-
825 2346 862 2388 est
877 2355 961 2389 morsa
976 2339 1084 2388 colubris
1101 2338 1186 2388 blandi
1201 2340 1298 2398 veneni,
1306 2343 1373 2404 quod

235 2418 316 2468 bebat.
338 2417 643 2468 Schraderusannotavit:
660 2420 783 2468 “Nonin·
825 2434 910 2468 somno
936 2421 1059 2469 hominem
1084 2419 1228 2482 exstinguit.
1261 2419 1303 2467 lta
1323 2421 1374 2469 iam

236 2498 362 2546 venustius
378 2497 505 2559 legeretur
520 2501 630 2561 aspidae.
656 2498 784 2547 Victorius
825 2499 943 2547 Heinsius
958 2500 1139 2549 emendaverat.

235 2574 297 2623 Var.
315 2576 384 2624 Lect.
402 2575 451 2624 IV.
468 2577 508 2626 22.
526 2585 598 2641 putat
613 2593 696 2629 errare
707 2594 783 2628 novos
859 2578 1009 2625 Deliberata
1024 2578 1227 2641 morteferaet‘ar.
1249 2578 1374 2641 Interpre-

235 2652 352 2714 piotores,
373 2653 443 2702 uberi
459 2662 596 2718 sementem
614 2658 784 2716 admoventes,
825 2652 913 2701 tatiani
933 2655 983 2702 siut
1006 2654 1067 2705 haee
1088 2655 1166 2705 Plinii
1186 2658 1208 2705 1.
1230 2658 1311 2720 Epist.
1332 2658 1372 2706 22.

236 2744 294 2778 cum
310 2746 360 2779 non
376 2733 468 2794 pectori
484 2735 526 2782 sed
551 2735 652 2784 brachio
668 2737 784 2786 admovit.
827 2734 896 2781 Nam
911 2734 1007 2796 impeta
1023 2736 1130 2797 qaedam
1144 2741 1169 2784 et
1181 2737 1307 2786 instincta
1318 2752 1374 2800 pra-

236 2809 319 2858 Fuere
339 2815 423 2858 tamen
444 2810 498 2868 alii,
523 2814 566 2874 qui
585 2817 678 2877 pectori
699 2818 783 2866 admo-
826 2826 927 2860 carrera
938 2814 1095 2873 camertem,
1106 2827 1300 2864 commonacum
1312 2819 1375 2865 mal-

237 2888 301 2936 uisse
318 2888 408 2935 dicant.
433 2889 574 2952 Eutychiae
589 2893 615 2940 in
627 2895 722 2946 Annal.
740 2898 784 2947 Ze·
827 2892 873 2938 tta:
899 2892 1037 2940 deliberare
1060 2906 1130 2948 vm,
1151 2897 1176 2940 θΐ
1197 2907 1300 2942 cmm
1321 2897 1376 2944 fiat

238 2966 294 3014 nob.
316 2965 388 3015 Ceut.
411 2966 487 3016 Prov.
508 2969 541 3018 v.
567 2972 608 3021 24.
630 2981 655 3022 et
678 2975 785 3026 Anthol.
826 2971 974 3031 expendere,
991 2971 1099 3032 inpensa
1115 2976 1153 3019 ear
1166 2972 1253 3020 anana.
1270 2973 1376 3021 Dictum

237 3045 376 3094 Burmann.
394 3046 424 3095 T.
444 3046 465 3096 1.
482 3064 506 3111 p.
528 3050 586 3099 225,
620 3053 654 3100 Et
676 3053 710 3101 sic
729 3070 786 3104 con·
827 3047 926 3096 Horatii
952 3050 1038 3097 multis
1063 3048 1162 3097 videtur
1182 3049 1317 3112 placuisse,
1334 3054 1377 3115 qui

238 3124 342 3186 spicitur
351 3125 378 3173 in
389 3140 488 3187 gemma
498 3129 565 3190 apud
577 3128 713 3180 Gorlaeum
721 3135 786 3183 Dae·
827 3127 948 3176 imitando
958 3134 1140 3191 expresserunt.
1157 3128 1254 3178 Lucan.
1262 3129 1312 3179 IV.
1320 3132 1376 3180 534.

238 3203 284 3265 tyl.
302 3202 333 3252 P.
350 3203 386 3252 Π.
403 3219 428 3253 n.
448 3206 502 3253 196.
527 3206 593 3258 Vide
609 3210 736 3261 Drakenb.
755 3215 786 3261 ad
827 3209 913 3273 etatat
929 3209 1017 3256 denota
1032 3209 1148 3257 taceatur
1173 3209 1308 3256 Damnata
1325 3211 1377 3258 tana

239 3280 284 3331 Sil.
310 3281 435 3333 11.417.··
469 3284 605 3335 Ponnanus
629 3288 656 3336 in
681 3291 786 3342 Anthol.
828 3272 888 3334 lut?
896 3269 981 3347 Tem·-
1016 3285 1112 3335 Statius
1134 3286 1196 3334 ΧΠ·
1222 3286 1302 3335 Theb·
1319 3288 1376 3338 760·

238 3360 376 3410 Burmann.
402 3362 423 3411 Ι.
449 3379 506 3426 pag.
527 3365 590 3415 225:
605 3368 680 3416 etiam
699 3377 788 3432 pecata
828 3364 888 3412 Iam
905 3366 979 3414 letale
988 3364 1093 3427 farma,
1109 3371 1185 3428 atque
1198 3367 1285 3414 aradae
1298 3375 1378 3419 morte

239 3441 358 3489 nominat.
383 3444 464 3491 Picta
474 3444 533 3503 fait
549 3448 674 3506 quondam
690 3450 788 3498 Pharii
821 3442 926 3505 fultra·
952 3443 1031 3492 Tacit·
1053 3444 1089 3493 11.
1111 3444 1177 3494 Hist·
1198 3445 1238 3492 46-
1275 3446 1377 3507 operit·

239 3521 326 3581 reaa'na
345 3521 451 3581 Carrapt',
463 3521 691 3587 Artafiaa'smaata
702 3543 787 3586 areana,
828 3524 904 3570 batur
924 3524 990 3572 Otlw
1006 3525 1135 3580 nuntium,
1153 3537 1311 3586 nequaquam
1327 3528 1376 3572 tre·

239 3613 300 3646 nam
315 3599 396 3646 aicae
411 3613 511 3660 serpena
524 3599 660 3663 Creditur,
670 3609 695 3650 et
706 3620 788 3654 naaria
826 3601 903 3660 piane
919 3606 944 3649 et
960 3602 1055 3649 coastat
1070 3607 1161 3650 certae
1178 3601 1273 3651 Seneca
1281 3601 1375 3664 Agam.

239 3677 351 3736 paam
366 3677 428 3725 dare
436 3677 501 3738 fata
519 3678 629 3739 papilla.
665 3680 687 3728 0
712 3697 788 3744 quam
827 3678 883 3726 210.
911 3680 969 3727 Nan
985 3680 1072 3728 aazia
1089 3680 1167 3740 Aiax,
1183 3686 1264 3729 morte
1276 3682 1377 3729 decreta

240 3755 303 3803 vivit
326 3759 402 3818 apua!
423 3771 500 3818 qaam
521 3772 602 3818 paene
617 3757 707 3820 flaura
723 3763 787 3810 dola
819 3755 924 3819 faretra
958 3756 1106 3806 Ambrosius
1132 3758 1163 3807 T.
1181 3759 1218 3807 11.
1243 3773 1301 3822 pag·
1319 3759 1376 3807 540·

240 3848 293 3882 rem
303 3834 475 3890 Stratit,etea
491 3835 546 3897 ipae
561 3837 670 3885 morttar
682 3839 787 3901 pictura
829 3837 962 3885 contemta
977 3841 1056 3885 morte
1065 3835 1184 3899 ferocia.
1219 3836 1290 3886 Conf.
1308 3836 1376 3886 Cort.

240 3916 345 3961 venato!
378 3912 452 3961 Tolle
480 3927 513 3962 ex
539 3913 651 3963 versibus
675 3917 787 3980 pulcher·
806 3951 808 3974 ,
827 3915 858 3962 ad
875 3914 969 3963 Lucan.
987 3915 1036 3964 IV.
1054 3915 1109 3966 487.
1143 3915 1175 3963 In
1192 3914 1318 3979 Porphyr.
1332 3930 1377 3978 pro

144 4059 149 4069 .
240 3989 309 4040 rimis
333 3991 459 4054 ingratam
479 3992 661 4055 repetitionem:
685 4011 788 4059 serpena
827 3995 926 4056 capuita
942 3994 991 4056 leg.
1008 3994 1107 4042 videtur
1123 3996 1241 4056 capitata.

141 4081 145 4090 '
241 4072 316 4129 vivit,
332 4086 395 4134 apae
411 4072 486 4128 aicit,
511 4078 537 4120 et
561 4073 627 4136 lege:
664 4077 687 4124 0
711 4092 788 4140 quam
861 4071 949 4120 Saevit
961 4072 1084 4120 Libarna.
1101 4071 1155 4120 Hos
1168 4072 1268 4122 volebat
1277 4072 1376 4136 Papias,

241 4149 325 4209 ¹spirat
345 4154 419 4212 opas!
454 4149 499 4200 Sil.
520 4152 579 4200 Ital.
601 4152 637 4200 II.
659 4154 715 4202 429,
751 4157 788 4205 At
828 4152 910 4199 dicens
921 4154 1097 4215 proarptoaad
1110 4155 1270 4202 armandam.
1288 4154 1377 4216 Itaque

240 4229 323 4276 aanor
353 4229 445 4277 sicutte
466 4232 580 4279 excultat
601 4233 740 4282 Hamilcar
759 4237 788 4283 in
828 4231 1093 4281 nonrecteCramerus
1106 4231 1259 4281 adIuvenal.
1270 4232 1377 4283 Satvl.

242 4305 323 4355 araia:
342 4306 488 4367 Spirantem
500 4310 587 4358 credat
599 4312 787 4361 certamiaeaa-
829 4311 887 4362 744.
904 4308 1006 4372 corrigit
1019 4316 1150 4374 promptas
1167 4312 1201 4360 ad
1216 4313 1377 4361 currendam.

729 4413 893 4437 *⁴0⁶*-
