2916 5220
561 304 734 369 LIBER
780 305 806 366 l.

274 489 450 573 Aequor?
475 487 550 552 Non
574 487 635 552 tibi
660 493 738 552 sunt
762 487 889 571 integra
912 487 1032 568 lintea,

299 591 374 655 Non
399 591 459 673 Di,
485 612 565 675 quos
591 591 710 654 iterum
732 612 846 675 pressa
867 612 962 655 voees
986 592 1082 655 male.

346 693 501 773 Quamvis
526 692 664 758 Pontica
686 692 802 777 pinus,

432 796 541 862 Silvae
563 796 633 860 filia
656 795 793 878 nobilis,

298 901 402 966 lactes
427 905 460 964 et
481 921 585 984 genus
610 906 643 964 et
666 921 785 963 nomeu
809 900 943 982 inutile,

152 1054 211 1101 Nee
228 1052 279 1108 Di,
302 1067 362 1115 ques
382 1054 476 1100 iterum
490 1067 580 1115 presse
595 1066 664 1100 voees
706 1051 827 1113 disputari
843 1051 938 1114 possint
954 1066 987 1099 ex
1004 1050 1093 1101 Ovidie
1110 1051 1184 1101 XVI.
1203 1053 1251 1102 He-

114 1134 190 1181 malo.
224 1131 255 1179 In
271 1131 379 1181 Franek.
394 1126 457 1195 pase
467 1132 514 1179 hoe
524 1135 561 1178 est
570 1146 665 1194 prensa
705 1131 766 1178 reid.
795 1132 848 1179 113.
875 1130 917 1178 ubi
947 1133 1030 1179 Venus
1046 1132 1165 1179 coinitute
1183 1135 1252 1195 eupi-

114 1217 145 1257 nt
162 1210 266 1258 eonieeit
288 1211 321 1258 N.
343 1211 462 1259 Heinsius
479 1217 503 1259 et
520 1211 573 1258 alii:
590 1210 665 1272 idque
704 1210 762 1257 dine
777 1215 815 1258 est
832 1212 924 1269 tetela;
941 1216 965 1257 et
982 1223 1014 1256 ex
1030 1209 1116 1258 Persio
1133 1211 1181 1260 VI.
1200 1211 1251 1261 Sat.

113 1288 139 1336 h.
168 1289 185 1337 l.
212 1289 302 1337 melius
327 1290 444 1346 arbitror,
469 1305 544 1352 qnam
569 1304 664 1351 pressa.
704 1288 744 1336 29.
766 1289 831 1337 ieret
851 1290 904 1350 ipae
920 1287 1078 1350 (naufragus)
1095 1291 1122 1336 in
1139 1290 1212 1338 litore
1228 1297 1253 1339 et

113 1368 317 1415 Prehenduntur
334 1375 359 1415 et
375 1370 664 1431 deprehendunturnau-
705 1382 757 1414 une
791 1368 909 1428 Inqentes
926 1369 956 1414 de
970 1382 1055 1429 puppe
1072 1368 1129 1415 Dei.
1159 1367 1251 1428 Quam·

113 1455 156 1494 tae
173 1452 317 1508 tempestate
337 1447 364 1492 in
385 1447 465 1494 medio
488 1446 563 1503 mari,
589 1459 664 1508 quam
705 1459 781 1506 quam
798 1444 823 1491 in
841 1443 931 1493 Ouidio
947 1445 978 1491 sit
994 1459 1032 1492 res
1048 1446 1123 1506 plane
1139 1446 1207 1506 fieta,
1228 1457 1253 1498 et

112 1539 166 1573 nou
186 1532 397 1587 exspectaverant.
434 1525 493 1573 Vid.
514 1525 619 1573 Bentlei.
641 1530 665 1572 et
705 1525 730 1570 in
747 1523 833 1572 Persio
850 1525 925 1586 aeeipi
940 1524 1016 1586 possit
1032 1530 1106 1574 “eum
1124 1528 1252 1576 Deotate-

113 1603 187 1652 Serv.
205 1605 237 1651 ad
254 1604 302 1653 IV.
320 1606 410 1668 Georg.
423 1605 479 1653 421.
501 1608 666 1666 “Deprensus
706 1605 768 1661 lari,
795 1605 934 1665 quicunque
959 1604 981 1651 is
1002 1603 1089 1666 faerit
1118 1607 1254 1655 Deorum.’'

111 1682 221 1730 verbum
237 1685 366 1732 nauticum
384 1691 433 1741 est,
450 1698 507 1731 eum
520 1689 665 1745 tempestate
705 1680 772 1738 Hoc,
792 1681 907 1742 inquam,
928 1696 978 1729 non
999 1697 1100 1744 urguee.
1134 1684 1201 1732 Nam
1226 1685 1251 1733 in

112 1763 293 1824 occupantur.''
341 1763 442 1811 Dieeres
476 1763 605 1811 Avienum
638 1762 664 1808 in
706 1767 853 1821 argumento
869 1760 900 1808 de
915 1761 1000 1809 tutelis
1016 1768 1041 1808 et
1057 1761 1193 1825 insignibus
1209 1780 1252 1812 na·

112 1839 218 1889 Arateis
243 1855 294 1888 non
321 1842 490 1890 immemorem
519 1841 591 1890 fuisse
617 1841 665 1888 loei
705 1838 786 1897 vium,
803 1840 877 1887 etiam
894 1847 948 1902 post
964 1842 1154 1890 eruditissimam
1165 1844 1252 1892 Ruhn-

43 1968 52 1979 ,
111 1917 258 1968 Horatiani:
279 1926 397 1983 vesteque
418 1923 505 1970 delum
527 1924 664 1983 deprensus
705 1917 771 1964 keuii
787 1918 1092 1979 dissertationem‚multa
1104 1930 1204 1970 manent
1216 1923 1251 1970 in-

110 1998 140 2044 in
162 1999 214 2047 alto
236 2001 414 2061 Nequidquam
433 2001 521 2062 pipree
546 2001 665 2048 clamabit
706 2002 779 2045 eerta.
806 1997 855 2047 Sed
872 1997 892 2044 si
908 1999 979 2046 navis
997 2006 1166 2062 tempestatem
1183 2003 1253 2050 salva

109 2078 199 2124 milam
217 2078 313 2126 Lunae.
338 2078 476 2127 Eumenius
492 2079 517 2126 in
534 2078 603 2129 Orat.
619 2094 664 2141 pro
706 2078 831 2133 evasisset,
852 2077 949 2125 salvum
975 2084 1028 2125 erat
1052 2093 1157 2138 numen,
1182 2080 1252 2127 euius

110 2155 281 2204 instaurandis
299 2156 395 2206 Scholia
411 2173 464 2220 eap.
485 2159 508 2205 6.
545 2160 614 2216 Quas
631 2161 665 2207 ad
689 2161 802 2222 'tultam
832 2171 917 2204 curam
949 2157 1078 2219 gerebant,
1109 2164 1137 2205 ut
1166 2158 1252 2216 etiam,

110 2235 171 2297 ipae
188 2237 286 2298 palatii
306 2238 451 2299 rmrqiaterie
470 2239 573 2300 prouehi
594 2253 662 2300 opor·
706 2237 763 2283 navi
785 2236 875 2295 fracta,
897 2242 983 2284 nantes
1005 2251 1088 2284 seeum
1109 2237 1135 2284 in
1160 2245 1252 2285 terram

111 2319 190 2370 teret,
208 2316 287 2362 ueluti
303 2317 527 2377 repentinonettro
538 2319 565 2363 in
576 2318 663 2365 medita
706 2316 832 2364 ducerent.
850 2317 909 2364 Vid.
927 2317 944 2364 l.
962 2317 979 2364 l.
997 2317 1084 2365 Persii.
1122 2318 1210 2380 Atque
1226 2320 1251 2366 in

111 2394 294 2441 adolescentiae
303 2395 429 2456 fluetibus
447 2396 604 2456 deprehensi,
625 2397 663 2443 in·
706 2395 855 2456 gravissimis
871 2395 985 2458 procellis
997 2396 1076 2457 magis
1086 2395 1252 2457 implorabant

108 2479 183 2521 eerta
199 2473 563 2534 dicendiae'qaasequereeter.
588 2474 663 2523 Adde
705 2473 771 2521 Deos
788 2475 895 2522 marines
920 2481 944 2522 et
964 2473 1101 2543 Castorem!
1116 2488 1173 2520 eum
1190 2475 1253 2522 Pel·
1298 2468 1301 2471 ¹

109 2550 235 2599 Amtzen.
253 2551 285 2598 ad
305 2551 407 2599 Arator.
429 2552 463 2599 II.
485 2553 540 2600 683.
575 2554 609 2601 Et
630 2555 663 2601 sie
704 2552 772 2609 luce,
790 2567 865 2615 quam
882 2567 974 2600 numen
991 2552 1104 2600 tutelare.
1138 2553 1194 2600 Hoc
1211 2568 1252 2615 pa·

110 2628 210 2679 Graeci.
253 2630 371 2693 Apellen.
397 2631 478 2678 Rhod.
504 2632 538 2679 11.
565 2632 662 2694 Argen.
705 2636 739 2678 tet
756 2646 787 2679 ex
804 2631 912 2679 centenis
929 2631 1056 2692 poetarum
1071 2631 1138 2679 loeis,
1163 2632 1252 2694 Neque

111 2708 187 2759 1087.
223 2711 268 2773 σφὲ
297 2708 437 2771 κατέλλαβε
468 2709 587 2772 χείματος
612 2713 662 2776 ὥρη
704 2708 775 2756 i'aeile
800 2710 869 2756 neiis
894 2710 947 2757 sine
972 2710 1026 2757 Deo
1051 2709 1151 2759 tutelari
1172 2710 1251 2759 altum

109 2785 286 2852 Ἀπροφάτως.
312 2788 399 2837 Burm.
418 2789 449 2835 ad
466 2788 575 2837 Phaedri
591 2791 626 2838 V.
639 2793 661 2839 li.
703 2793 802 2849 peteret.
837 2787 865 2836 si
886 2787 1023 2835 amisissent
1039 2794 1195 2851 tempestate,
1213 2790 1251 2838 al-

108 2879 163 2912 non
179 2874 247 2915 reete
257 2869 319 2931 egit,
330 2869 491 2929 interpretans
502 2870 663 2928 depredantes
703 2870 783 2914 teram
803 2865 991 2927 imagunculam
1012 2866 1083 2914 eitius
1101 2866 1147 2914 sibi
1164 2883 1252 2930 parare

109 2960 158 3008 per
169 2949 392 3002 ebretoamersoa.
418 2947 485 2994 Nam
493 2947 663 2995 navisobruta
703 2951 830 3006 poterant,
847 2959 922 3009 quam
939 2951 1017 2993 totam
1034 2961 1124 2994 navem
1142 2948 1249 2996 reficere.

109 3032 137 3074 et
158 3039 241 3074 mersa
260 3026 338 3088 periit.
373 3023 446 3084 Quod
466 3024 531 3071 idem
553 3023 661 3085 plerum·
703 3023 757 3080 Dii,
778 3024 862 3080 erede,
884 3024 924 3070 hie
944 3031 1004 3071 sunt
1026 3028 1120 3074 uterini
1140 3033 1165 3074 et
1193 3030 1250 3074 Cea-

109 3119 162 3167 que
178 3103 245 3153 valet
262 3104 361 3152 danari
371 3118 466 3166 presse.
492 3102 577 3162 Quare
587 3103 661 3152 etiam
705 3107 776 3150 tores.
801 3102 854 3149 Hos
870 3102 952 3159 navis,
970 3102 1060 3150 iterum
1073 3104 1139 3151 malo
1151 3119 1250 3165 prensa,

109 3183 195 3231 iudico
211 3184 276 3231 hane
296 3182 425 3230 lectionem
447 3182 487 3229 hie
507 3182 589 3228 minus
610 3197 661 3231 esse
704 3178 796 3228 frustra
811 3181 946 3237 invocaret,
965 3180 1023 3242 quia
1043 3181 1110 3242 prius
1132 3183 1179 3231 iter
1200 3186 1249 3233 iam

110 3263 275 3310 commodam.
309 3261 429 3309 Horatius
453 3260 611 3322 Allegorianr
627 3262 662 3310 ita
703 3258 752 3306 illis
769 3260 851 3307 invitis
872 3265 925 3308 erat
949 3266 1102 3322 susceptum,
1127 3264 1192 3322 quod
1216 3280 1250 3313 ox

109 3342 228 3390 instituit,
260 3340 340 3388 Neris
356 3355 415 3403 erge
432 3340 523 3387 iterum
539 3347 613 3401 portu
625 3356 661 3388 re·
704 3344 847 3400 tempestate
865 3345 1019 3400 apparuerat.
1054 3339 1141 3402 Itaque
1158 3349 1250 3391 nautae

109 3422 171 3468 lieto
187 3421 215 3468 in
231 3434 300 3467 mara
316 3419 434 3481 prefieisei
449 3424 531 3480 parat,
549 3420 661 3479 quamvis
703 3427 756 3466 tum
774 3423 904 3475 voverant,
923 3431 961 3475 se,
983 3417 1004 3464 si
1024 3417 1087 3465 salvi
1106 3418 1133 3467 in
1149 3427 1249 3483 portum

110 3500 189 3548 etiem
205 3499 301 3546 laboret
317 3497 481 3555 detrimenta,
501 3513 566 3560 quae
582 3513 662 3560 nuper
703 3499 827 3554 venirent,
844 3496 870 3542 in
887 3502 961 3558 portu
977 3511 1029 3545 esse
1044 3492 1183 3547 mansuros,
1208 3501 1249 3548 Id-

110 3579 178 3627 feeit.
212 3578 314 3626 Maneat
334 3577 427 3639 potius:
452 3591 511 3625 narn
533 3577 553 3624 si
574 3591 661 3625 rursus
702 3592 751 3641 que
767 3577 858 3640 optime
875 3576 990 3625 convenit
1006 3591 1063 3624 eum
1081 3577 1147 3626 bello
1169 3578 1249 3637 civili,

110 3657 190 3704 simili
206 3661 351 3719 tempestate
368 3656 392 3703 in
409 3654 564 3703 mediomari
576 3657 660 3717 depre-
702 3657 768 3718 quod
779 3671 822 3720 per
833 3662 911 3704 totam
923 3656 1081 3718 Allegoriam
1091 3656 1249 3720 intelligitur.

110 3737 253 3792 tendatur,
270 3749 320 3782 non
337 3734 436 3791 evadet,
454 3741 483 3781 ut
500 3743 559 3781 tune
576 3736 660 3783 evasit.
702 3735 797 3783 Eadem
815 3737 898 3799 image
915 3744 951 3785 est
968 3736 993 3783 in
1018 3736 1069 3783 his:
1099 3739 1134 3785 Te
1158 3754 1250 3786 rursus

109 3816 171 3871 Dii,
187 3814 324 3862 seeundum
336 3812 538 3875 interpretes,hie
549 3818 607 3859 sunt
618 3813 661 3861 Dii
702 3815 729 3862 ie
751 3818 842 3864 bellem
862 3819 989 3865 resorbens
1016 3817 1092 3864 Unde
1103 3816 1171 3878 freti
1188 3819 1250 3864 tulit

108 3892 233 3940 tutelares
249 3893 359 3950 navium,
376 3906 438 3955 quos
456 3898 586 3954 tempestas
598 3893 660 3941 deie-
703 3895 818 3942 aestuosi.

108 3977 186 4020 cerat.
213 3971 299 4033 Atque
315 3972 361 4018 hoe
378 3976 429 4017 tam
446 3976 512 4017 eerto
523 3969 661 4028 affirmant,
737 3976 859 4033 Quamuis
882 3973 990 4021 Pontion
1008 3973 1097 4032 piaris,
1121 3972 1204 4021 Silene
1214 3974 1248 4033 fi-

108 4051 183 4114 quasi
205 4049 251 4112 ipsi
271 4049 433 4097 interfuerint.
466 4051 521 4112 Ego
544 4051 595 4097 iam
615 4052 661 4099 hoe
702 4054 738 4100 lia
754 4053 856 4109 nobil,
879 4052 963 4098 Ineter
983 4054 1008 4096 et
1029 4064 1105 4110 periris
1121 4056 1147 4097 et
1163 4067 1249 4100 nonren

108 4143 222 4192 urguere
242 4129 310 4185 nolo,
332 4128 405 4176 fuisse
426 4128 451 4174 in
469 4143 519 4176 una
534 4129 591 4176 nari
609 4129 659 4177 Ro·
701 4133 798 4179 inutile.
832 4129 913 4177 Loeus
938 4126 1019 4174 adhue
1043 4126 1169 4176 meliorem
1195 4144 1248 4178 ver-

107 4222 188 4255 mana
213 4221 293 4254 unuin
314 4207 407 4268 aliquid
429 4221 521 4254 numen
543 4209 660 4266 tutelam,
701 4210 789 4257 berum
815 4207 996 4255 distinctionem
1027 4205 1153 4255 desiderat.
1196 4209 1249 4256 Alii

106 4294 181 4335 stans
199 4287 224 4333 in
241 4301 334 4349 puppe:
354 4302 413 4334 narn
431 4287 479 4334 scie
497 4302 559 4350 quae
576 4296 661 4337 eontra
701 4289 826 4351 explicant
847 4285 977 4349 “quamvis
995 4284 1027 4332 sis
1044 4285 1150 4334 Pontica
1171 4293 1194 4335 et
1217 4288 1248 4335 sis
