2916 5220
170 322 234 386 396

427 320 663 386 CARMEN
713 319 1043 385 GNOMICUM.

370 511 436 567 Nec
458 509 644 566 fulminantia
665 528 774 583 magna
795 529 900 567 manus
921 510 1020 567 lovis:

410 606 442 665 Si
464 605 577 662 fractus
596 605 742 662 illabatur
762 606 852 675 orbis,

450 699 639 774 Impavidum
661 698 771 756 ferient
790 700 906 756 ruinae.

369 891 490 947 Delicta
509 890 655 946 maiorum
675 889 842 947 immeritus
862 892 941 961 lues,

368 986 517 1057 Romane,
539 986 635 1041 donec
654 985 767 1060 templa
786 984 929 1043 refeceris

406 1080 569 1152 Aedesque
590 1079 728 1136 labentes
749 1079 883 1137 Deorum
904 1088 935 1138 et

447 1176 550 1233 Foeda
570 1175 656 1248 nigro
676 1175 836 1231 simulacra
855 1175 946 1232 fumo.

366 1271 423 1328 Dis
443 1279 473 1328 te
495 1271 640 1327 minorem
661 1272 741 1343 quod
762 1271 856 1345 geris,
878 1272 1022 1347 imperas:

365 1367 447 1424 Hinc
468 1384 554 1422 omne
576 1365 773 1440 principium,
794 1366 855 1422 hue
875 1367 956 1424 refer
978 1368 1101 1425 exitum.

405 1461 446 1518 Di
467 1461 561 1518 multa
582 1460 712 1535 neglecti
732 1461 881 1518 dederunt

445 1555 613 1632 Hesperiae
634 1555 714 1612 mala
734 1555 899 1613 luctuosae.

364 1747 527 1804 Foeeunda
548 1747 656 1821 cnlpae
678 1747 801 1803 saecula
822 1748 944 1822 nuptias

363 1842 498 1899 Primum
518 1841 717 1914 inquinavere
739 1849 770 1898 et
789 1860 885 1915 genus
907 1851 937 1900 ct
959 1843 1074 1900 domos:

407 1936 475 1993 Hoc
496 1935 577 1992 sonte
600 1935 735 1992 derivata
757 1935 858 1992 clades

442 2032 479 2087 In
501 2031 630 2105 patriam
650 2031 854 2106 populumque
877 2033 972 2090 fluxit.

361 2127 464 2183 Motus
486 2127 588 2184 doceri
609 2128 722 2201 gaudet
742 2127 862 2184 Ionicos

360 2223 485 2280 Matura
505 2223 591 2297 virgo
613 2229 643 2279 et
664 2221 788 2296 fingitur
808 2222 938 2280 artibus:

400 2318 467 2374 Iam
487 2335 568 2374 nunc
590 2324 620 2373 et
640 2316 771 2373 incestos
793 2335 910 2374 amores

439 2413 487 2469 De
508 2421 614 2468 tenero
634 2412 796 2468 meditatur
816 2413 920 2486 ungui.

357 2508 428 2565 Non
449 2507 497 2564 his
517 2507 658 2563 iuventus
680 2514 746 2563 orta
767 2507 945 2581 parentibus

357 2603 469 2660 Infecit
489 2621 603 2676 aequor
623 2603 769 2677 sanguine
790 2602 923 2673 Punico,

397 2698 608 2773 Pyrrhumque
631 2705 662 2754 et
681 2698 835 2771 ingentem
857 2699 967 2755 cecidit

437 2792 622 2850 Antiochum
643 2793 905 2866 Hannibalemque
928 2793 1039 2850 dirum:

356 2888 418 2946 Sed
437 2889 617 2945 rusticorum
638 2889 772 2945 mascula
791 2889 919 2945 militum

356 2983 477 3054 Proles,
501 2983 630 3043 Sabellis
651 2984 740 3040 docta
760 2985 912 3059 ligonibus

395 3079 527 3136 Versare
548 3080 666 3154 glebas,
689 3087 720 3136 et
740 3098 863 3136 severae

436 3175 546 3232 Matris
567 3175 606 3232 ad
628 3175 785 3232 arbitrium
805 3175 919 3231 recisos

356 3270 484 3325 Portare
506 3268 616 3339 fustes,
633 3271 683 3326 'sol
704 3270 756 3326 ubi
777 3270 922 3326 montium

356 3364 492 3421 Mutarct
513 3365 635 3420 umbras
661 3373 692 3420 ct
712 3364 782 3437 iuga
804 3365 938 3421 demeret

398 3459 503 3517 Bobus
525 3457 673 3532 fatigatis,
696 3460 824 3515 amicum

436 3553 570 3628 Tempus
591 3572 683 3628 agens
705 3556 835 3610 abeunte
857 3572 957 3611 curru.

353 3648 511 3706 Damnosa
532 3649 605 3722 quid
626 3668 687 3705 non
707 3649 857 3705 imminuit
879 3648 961 3706 dios?

353 3746 450 3801 Aetas
471 3752 643 3818 parentum,
666 3745 752 3819 peior
772 3745 851 3816 avis,
873 3746 943 3801 tulit

393 3839 458 3896 Nos
480 3841 654 3911 nequiores,
676 3859 745 3896 mox
768 3840 891 3896 daturos

433 3935 616 4010 Progeniem
637 3935 829 3992 vitiosiorem.

634 4102 796 4125 ...φορ-
