2916 5220
571 330 889 395 (lilltllINUM

344 517 541 602 Plerumque
564 523 677 602 gratae
700 517 859 583 divitibus
883 517 971 584 vices

346 620 554 706 Mundaeque
577 642 677 706 parvo
700 621 763 685 sub
784 620 853 685 lare
875 641 1055 706 pauperum

389 724 516 789 Goenae
539 724 610 789 sine
632 723 755 789 aulaeis
779 729 812 788 et
835 729 924 789 ostro

436 826 622 892 Sollicitam
646 827 830 912 explicuere
853 827 1004 892 frontem.

344 932 414 996 Iam
438 930 544 996 clarus
569 931 734 996 occultum
757 931 986 997 Andromedae
1007 936 1101 1017 pater

345 1034 500 1101 Ostendit
524 1033 650 1119 ignem:
676 1035 742 1098 iam
767 1035 914 1119 Procyon
937 1033 1039 1117 furit,

390 1138 436 1202 Et
459 1137 556 1202 stella
578 1137 692 1202 vesani
717 1137 855 1220 Leonis,

436 1241 511 1306 Sole
534 1240 603 1305 dies
629 1240 787 1305 referente
811 1240 922 1306 siccos.

348 1345 418 1408 lam
441 1349 554 1429 pastor
577 1345 709 1409 umbras
734 1366 809 1410 curn
832 1365 932 1429 grege
954 1342 1113 1430 languido

346 1447 531 1534 Rivumque
555 1447 660 1513 fessus
685 1447 813 1533 quaerit
836 1454 869 1513 et
892 1447 1016 1513 horridi

392 1553 536 1617 Dumeta
560 1553 703 1636 Silvani,
728 1558 878 1639 caretque

437 1659 523 1744 Ripa
546 1659 638 1744 vagis
663 1659 827 1724 taciturna
849 1659 966 1724 ventis.

347 1763 413 1844 Tu,
438 1762 606 1828 civitatem
632 1762 705 1847 quis
730 1762 843 1828 deceat
866 1767 988 1845 status,

347 1867 471 1949 (iuras,
497 1871 530 1932 et
553 1866 635 1931 Urbi
660 1866 822 1931 sollicitus
846 1866 961 1948 times,

394 1968 481 2048 Quid
507 1969 598 2034 Seres
623 1976 657 2034 et
680 1975 815 2054 regnata
840 1969 924 2054 Cyro

439 2073 557 2137 Bactra
578 2079 696 2158 parent
718 2073 900 2159 Tanaisque
925 2073 1057 2139 discors.

351 2176 498 2240 Prudens
522 2176 626 2241 futuri
650 2177 806 2262 temporis
831 2177 957 2242 exitum

351 2278 541 2363 Caliginosa
564 2286 659 2344 nocte
681 2279 802 2364 premit
826 2280 933 2362 Deus,

395 2383 574 2466 Ridetque,
599 2383 628 2448 si
652 2383 800 2448 mortalis
824 2384 912 2449 ultra

439 2486 503 2550 Fas
528 2485 679 2569 trepidat.
729 2484 824 2564 Quod
847 2486 958 2567 adest,
982 2491 1149 2551 memento

351 2589 552 2674 Componere
575 2611 715 2674 aequus:
741 2594 867 2654 caetera
888 2589 1036 2654 fluminis

351 2692 431 2756 Ritu
454 2692 618 2774 feruntur,
644 2715 731 2757 nuno
754 2693 862 2758 medio
885 2694 978 2758 alveo

396 2794 480 2860 Cum
502 2816 582 2879 pace
606 2795 789 2862 delabentis
814 2797 994 2862 Etruscum

345 2975 346 2978 Ἴ
440 2899 479 2961 In
503 2919 609 2975 mare,
635 2920 723 2963 nunc
746 2899 871 2984 lapides
896 2899 1011 2965 adesos

354 2999 546 3086 Stirpesque
569 3006 680 3085 raptas
705 3007 738 3067 et
760 3025 859 3088 pecus
884 3008 917 3069 et
940 3003 1053 3068 domos

170 3141 193 3188 3.
221 3143 261 3189 Ab
277 3140 394 3188 insolenti
411 3143 589 3201 temperatum:
608 3144 632 3187 et
649 3138 716 3188 alibi.
794 3141 937 3202 Callpiaoea
952 3145 1025 3189 nocte
1036 3141 1132 3202 premit
1146 3142 1225 3190 Deua
1252 3141 1308 3190 Hil-

170 3220 299 3267 Ettamen
312 3218 472 3267 Burmannus
488 3217 569 3266 minor
585 3218 668 3280 patrui
680 3219 717 3266 sui
759 3218 874 3267 debertus
895 3219 964 3268 Phil.
981 3219 1046 3268 Mor.
1067 3233 1124 3282 pag.
1145 3220 1203 3269 990.
1240 3221 1309 3270 Gali·

170 3300 337 3348 coniecturam
362 3298 473 3346 laudavit
497 3299 523 3345 in
544 3298 717 3347 Anti-Klotzio
757 3299 870 3360 cinosam
887 3305 957 3347 nocte
972 3313 1050 3348 coeca.

170 3394 194 3440 p.
214 3380 267 3428 108.
285 3385 310 3428 et
326 3376 469 3435 inAnthol.
480 3377 538 3426 Lat.
550 3376 581 3425 T.
596 3376 717 3439 1.p.582.
794 3379 868 3435 Quod
893 3380 970 3426 adest.
1003 3377 1035 3425 In
1060 3391 1111 3424 uno
1137 3383 1224 3425 nostro
1244 3380 1311 3440 qaod

205 3459 360 3520 Plerumque
386 3463 475 3519 pratae
498 3456 619 3504 diuitibus
644 3457 717 3505 vices.
759 3462 803 3505 eet.
826 3456 897 3505 Idem
915 3456 957 3504 alii
971 3456 1239 3505 videruntinMentel.
1252 3456 1309 3507 MS.

171 3534 276 3584 Comma
292 3535 369 3594 illud,
385 3535 450 3598 quod
461 3534 539 3596 vulgo
550 3535 652 3595 ponitur
662 3540 718 3597 post
792 3537 861 3584 Hira
874 3535 1008 3599 seruntur.
1026 3534 1084 3584 MS.
1096 3534 1172 3585 Iloss.
1194 3537 1309 3593 reserun-

171 3616 246 3672 oicea,
264 3613 358 3675 deleri,
377 3619 406 3661 ut
417 3612 508 3661 melius
516 3612 649 3660 verborum
658 3614 718 3661 ordo
761 3621 811 3664 tur.

170 3693 311 3740 sentiretur.
345 3691 438 3741 Gratae
454 3691 519 3739 vices
537 3696 561 3740 et
577 3705 717 3741 coenaeex·
793 3695 941 3757 Stirpeaqae
960 3700 1059 3756 ruptae.
1092 3692 1230 3743 Cledouius
1250 3709 1309 3757 pag.

168 3773 281 3834 plicuere
290 3771 406 3834 frontem
416 3771 542 3817 diuitibus.
568 3768 654 3819 Crevit
664 3776 719 3833 post
762 3771 833 3820 1895.
850 3772 963 3821 laudavit
980 3778 1074 3835 ruptor.
1109 3771 1212 3822 Servius
1224 3780 1310 3822 tamen

171 3850 304 3901 Horatium
320 3850 369 3898 ista
385 3849 492 3898 divitum
509 3849 596 3911 cupido
613 3850 718 3899 sentien·
760 3850 791 3897 ad
816 3850 910 3914 Virgil.
937 3851 1001 3900 XII.
1025 3851 1091 3900 Aen.
1116 3851 1173 3900 208.
1203 3853 1253 3901 imo
1281 3855 1312 3902 de

170 3933 217 3980 dae
237 3929 389 3995 pauperioris
414 3929 486 3977 vitae.
520 3927 611 3991 Cogita
631 3931 719 3978 cellum
760 3932 842 3992 stirpe
852 3929 1115 3988 recisum,annotavit
1126 3931 1234 3992 stirpem
1245 3946 1310 3979 mas·

170 4013 303 4073 pauperae,
328 4009 394 4073 apud
417 4008 501 4059 Seneo.
520 4007 600 4069 Epist.
622 4008 674 4056 100.
692 4010 719 4056 in
761 4009 843 4058 culine
867 4009 914 4057 dici
946 4010 976 4057 de
1004 4008 1143 4068 arboribus,
1173 4009 1310 4059 Horatium

170 4105 222 4151 qua
242 4092 334 4138 diuites
359 4089 434 4138 certr's
459 4089 545 4135 diebus
571 4092 669 4136 tenuem
694 4093 718 4136 et
761 4095 844 4138 autem
866 4088 1011 4152 usurpative
1032 4089 1107 4137 etiam
1128 4088 1247 4139 feminine
1267 4091 1310 4138 ad-

168 4182 312 4229 pauperum
328 4169 422 4216 oletum
438 4167 614 4214 incitabuntur.
649 4165 717 4216 cira·
760 4168 878 4217 hibuisse.
895 4169 954 4218 Vid.
967 4168 1129 4232 Oudendorp.
1143 4170 1175 4217 ad
1187 4170 1311 4234 Appuleii

171 4246 208 4293 vit
218 4243 718 4295 autemhaeoverbaHildebertusPhiios.
761 4247 863 4296 Metam.
880 4247 959 4297 VIII.
976 4263 1032 4311 pag.
1050 4249 1107 4298 566,

172 4324 236 4373 Mor.
254 4339 310 4386 pag.
328 4325 384 4372 985.
402 4323 445 4371 sed
461 4324 514 4370 sine
530 4324 657 4372 varietate.
793 4328 834 4377 Et
852 4343 927 4390 pecua
950 4335 975 4376 et
996 4329 1077 4376 domos
1107 4330 1234 4378 Volcentr'r
1251 4345 1309 4378 arao.
