2916 5220
661 308 979 372 (lriRMINUM

437 495 511 559 Non
535 495 649 579 Hydra
673 504 763 560 secto
785 516 917 580 corpore
940 494 1067 571 firmior

436 598 534 664 Vinci
557 599 724 663 dolentem
747 598 851 662 crevit
873 598 908 661 in
936 598 1133 677 Herculem,

481 701 709 766 Monstrumve
733 701 928 767 summisere
952 699 1067 767 colchi

527 804 635 869 Maius
665 804 885 869 Echioniaeve
908 805 1044 870 Thebae.

438 907 560 972 Merses
583 907 762 992 profundo,
787 907 954 992 pulchrior
976 907 1104 974 evenit:

440 1009 591 1093 Luctere,
615 1010 722 1075 mult-a
744 1015 878 1095 proruet
899 1011 1067 1096 integrum

484 1112 568 1177 Cum
592 1113 689 1178 laude
712 1113 886 1196 victorem,
910 1122 1067 1201 geretque

528 1217 658 1282 Proelia
680 1217 876 1302 coniugibus
900 1218 1071 1304 loquenda

439 1319 632 1405 Carthagini
655 1321 722 1385 iam
745 1342 811 1385 non
835 1342 897 1406 ego
920 1322 1057 1387 nuntios

440 1422 574 1487 Mittam
597 1424 769 1508 superbos:
795 1423 934 1507 occidit,
958 1424 1078 1491 occidit

484 1526 565 1611 Spes
590 1528 698 1592 omnis
722 1536 756 1592 et
778 1527 912 1592 fortuna
934 1528 1039 1594 nostri

526 1629 697 1711 Nominis,
723 1629 931 1695 Hasdrubale
953 1631 1162 1698 interemto.'’

296 1779 369 1825 Vinci
385 1778 507 1825 dolentem
523 1776 601 1825 creuit
618 1777 646 1823 in
663 1775 807 1823 Herculem.
850 1775 893 1831 tis,
915 1776 958 1837 qui
974 1790 1045 1824 arma
1061 1777 1087 1824 in
1103 1791 1149 1824 sua
1164 1777 1212 1840 ipsi
1229 1777 1329 1826 viscera
1344 1793 1398 1828 ver·

259 1855 390 1917 Ingeniosa
407 1854 529 1903 Arntzcn.
546 1855 578 1902 ad
589 1853 667 1901 Plinii
680 1853 806 1916 Panegyr.
849 1859 937 1902 terent.

258 1934 298 1982 82.
321 1934 423 1981 coniecit
443 1935 511 1982 vinti
532 1935 663 1991 docentem,
689 1933 807 1982 laudante
877 1935 979 1981 Proelia
987 1936 1273 1998 corriuqibusloquenda.
1292 1937 1398 1986 Aliiex-

258 2013 310 2061 filio
335 2013 366 2060 ad
391 2014 493 2060 Arator.
518 2012 553 2060 Π.
578 2013 635 2060 844.
661 2011 751 2061 Claud.
776 2013 807 2061 B.
848 2018 957 2072 ponunt:
975 2011 1122 2075 coniugibus
1143 2015 1398 2078 Rouraaorum,qui·

260 2091 347 2141 Getico
371 2106 408 2140 rs.
436 2093 489 2141 140.
524 2095 638 2140 Poenum
666 2092 808 2140 Marcellus
848 2090 895 2137 bus
912 2091 1016 2139 victores
1033 2106 1071 2139 res
1088 2091 1114 2138 in
1124 2092 1220 2154 proelio
1231 2103 1319 2156 gestas
1328 2107 1398 2143 enar-

259 2174 327 2220 ulaci
342 2173 434 2220 docuit.
470 2171 563 2220 Seneca
579 2171 654 2219 Herc.
671 2171 732 2218 Fur.
748 2171 805 2219 241.
848 2174 911 2216 rent.
933 2169 1157 2233 Aliizconiugibns
1169 2170 1400 2236 Poenorumque

260 2251 338 2300 ‚tuero
366 2253 466 2300 Laruae
494 2256 619 2311 monstro,
651 2264 807 2299 uurriaosum
848 2261 930 2295 caesos
947 2249 1050 2297 maritos
1058 2249 1172 2298 defleant.
1200 2249 1338 2314 Supererat
1352 2260 1399 2301 ter·

260 2331 368 2388 malum,
390 2332 449 2380 Noa
474 2333 529 2393 ione
556 2333 654 2380 demum
681 2331 754 2386 vicit,
782 2334 808 2377 et
848 2327 884 2374 tia
900 2328 1041 2390 explicandi
1065 2329 1136 2377 ratio:
1161 2329 1258 2392 proelia
1276 2345 1292 2378 a
1308 2330 1398 2380 Romu¹

260 2410 344 2457 docuit
361 2412 431 2459 mori.
452 2410 513 2458 Vid.
534 2409 656 2458 Amtaen.
672 2410 703 2456 ad
716 2407 805 2457 Aurei.
848 2407 886 2454 nis
911 2408 1056 2470 coniugibus
1080 2407 1217 2470 loquenda,
1245 2408 1279 2455 ad
1304 2409 1398 2458 inflam-

260 2485 356 2536 Victor.
394 2489 451 2538 Vir.
468 2489 565 2538 Illustr.
588 2490 628 2537 45.
656 2495 681 2536 ct
705 2488 731 2535 in
752 2487 806 2536 Ad·
848 2485 952 2533 mundos
973 2487 1048 2548 flli0s3
1070 2486 1142 2535 sicuti
1158 2487 1190 2536 de
1206 2487 1329 2551 Hispanis
1344 2505 1399 2538 nar·

260 2567 354 2615 dendu.
387 2566 459 2617 Ovio.
497 2567 575 2616 XIII.
612 2568 715 2616 Metam.
750 2567 806 2615 349.
849 2566 916 2612 ravit
925 2566 1059 2616 Sallustius
1070 2568 1172 2630 Fragm.
1184 2568 1310 2630 pag.530.
1336 2571 1399 2618 Hie-

263 2648 390 2706 Peroama
415 2651 469 2694 tuor
494 2648 558 2701 vici,
583 2661 639 2695 cura
656 2648 723 2694 uinci
737 2660 809 2707 posse
847 2647 924 2706 punis
940 2663 990 2695 rrroa
999 2646 1071 2708 suit,
1088 2652 1118 2695 ut
1138 2650 1167 2695 in
1191 2649 1257 2696 bella
1283 2650 1401 2698 emotae

259 2723 332 2784 evipi.
849 2724 979 2773 iurenibua
994 2732 1130 2788 pareutum
1140 2726 1220 2789 sactu
1231 2734 1402 2776 memoratri?

294 2804 433 2850 Pulchrior
466 2806 554 2852 euenit.
601 2805 738 2852 Pulchrior
771 2810 809 2851 est
850 2807 1015 2854 (terratribus.
1049 2805 1099 2855 Sed
1119 2805 1177 2852 lans
1195 2819 1226 2853 ea
1245 2811 1285 2854 est
1306 2808 1400 2866 tenuia

254 2879 361 2940 fortior.
402 2881 543 2929 Burmann.
570 2883 601 2929 ad
626 2881 718 2944 Virgil.
744 2882 807 2930 VII.
849 2881 871 2930 si
896 2881 1002 2932 feminae
1025 2890 1123 2932 tantum
1140 2885 1170 2933 de
1187 2885 1283 2933 virtute
1297 2886 1401 2934 militari

261 2959 328 3006 Aen.
353 2959 410 3008 656.
431 2959 548 3008 Heinsius
565 2975 611 3023 pro
626 2963 708 3008 euenit
725 2961 807 3010 conie-
848 2960 993 3024 loquantur,
1015 2970 1040 3011 et
1059 2964 1177 3012 mulieres
1198 2964 1309 3012 hostium
1325 2966 1401 3015 inter·

260 3044 339 3086 corat:
353 3040 497 3099 pulchrior,
515 3055 558 3097 ea,
575 3041 651 3087 seuit.
685 3039 734 3089 Sed
754 3056 806 3090 eue-
849 3039 969 3088 tectorum
986 3042 1093 3091 doleant.
1126 3043 1216 3106 Neque
1237 3058 1268 3092 ea
1290 3044 1347 3093 leus
1363 3050 1400 3094 est

260 3119 301 3165 uit
317 3123 368 3165 est:
382 3133 414 3166 ex
431 3119 552 3182 profundo
569 3119 649 3177 venit,
665 3122 762 3177 exsilit,
779 3127 808 3168 ut
849 3119 978 3178 diuturna,
1001 3121 1110 3171 finienda
1129 3136 1218 3186 nempe
1239 3136 1300 3171 cum
1321 3131 1401 3173 morte

260 3197 285 3244 iu
302 3198 376 3246 simili
392 3200 537 3263 metaphora
553 3200 703 3249 RutilItin.
717 3201 738 3249 Ι.
753 3202 806 3250 122.
849 3214 947 3258 aarum,
964 3201 1142 3264 quaemaritos
1152 3203 1294 3252 amiserant
1324 3205 1400 3254 Prae·

264 3279 336 3336 Quae
361 3282 439 3342 aserai
464 3287 601 3343 oeqreeant,
626 3282 690 3329 airu
714 3285 809 3331 maiore
849 3285 916 3326 terea
937 3282 1005 3342 loqui
1026 3281 1174 3343 plerumque
1189 3281 1217 3329 iu
1234 3272 1328 3331 Maera
1344 3298 1400 3346 par·

260 3365 406 3420 retorqueat,
437 3361 619 3422 Exsiliumque
644 3361 703 3407 imis
727 3362 808 3408 altius
850 3363 900 3406 tem
927 3358 1053 3421 accipitur.
1095 3360 1169 3422 Quod
1196 3375 1256 3409 sane
1281 3361 1400 3412 mulieres

260 3443 319 3484 aeta
335 3440 415 3486 uada.
449 3439 545 3487 Euenit
565 3444 648 3486 tamen
674 3438 753 3487 altero
777 3440 807 3487 si·
849 3438 949 3486 Poenae
969 3452 1018 3486 non
1039 3437 1159 3496 facerent,
1182 3440 1225 3488 sed
1249 3454 1281 3489 aa
1305 3441 1401 3505 proclia

261 3515 314 3562 mili
348 3516 464 3579 exemplo
493 3523 566 3565 caret.
608 3516 683 3564 Nunc
715 3518 807 3566 mirum
849 3518 932 3581 potius
955 3522 1141 3570 detestarentur
1165 3525 1191 3568 et
1212 3521 1320 3583 flerent.
1362 3521 1401 3571 Ut

261 3592 322 3639 mihi
343 3594 443 3651 accidit,
462 3595 528 3658 quod
545 3610 594 3643 non
611 3596 692 3658 potius
709 3596 750 3644 vel
767 3612 807 3644 ea·
849 3598 968 3646 Horatius
985 3599 1006 3647 Ι.
1024 3599 1109 3650 Germ.
1130 3601 1150 3648 l.
1184 3600 1263 3649 Bella
1274 3603 1401 3650 matribus

259 3673 314 3720 silit
338 3671 379 3720 vel
406 3675 496 3722 eraicot
524 3673 627 3736 scripsit.
669 3675 809 3723 Meinekius
850 3678 988 3726 detestata:
1010 3684 1036 3727 et
1066 3679 1145 3728 Silius
1165 3677 1270 3727 Italicus
1288 3679 1399 3732 111.7t

260 3758 340 3799 totam
361 3751 478 3814 strophen
499 3752 524 3799 in
551 3754 690 3816 marginem
712 3754 806 3814 reiecit;
851 3758 1399 3819 Roraotaosoumaetlaopmmdoemotm-

259 3832 371 3894 ineptum
388 3831 454 3880 enim
471 3847 535 3891 csse,
553 3833 688 3894 Romanos,
701 3849 807 3896 quorum
850 3840 900 3893 oua¹
910 3851 993 3888 anum.
1017 3836 1113 3886 Statius
1127 3836 1174 3886 VI.
1193 3836 1273 3886 Theb.
1287 3837 1326 3886 16.
1343 3852 1400 3900 quo

259 3911 376 3958 invictam
393 3913 510 3960 virtutem
527 3912 805 3974 poitacelcbrat,com·
850 3931 953 3979 rumque
969 3915 1081 3978 inperitia
1098 3917 1172 3964 tellus
1189 3916 1282 3974 Aonia,
1306 3922 1332 3966 et
1350 3917 1398 3978 ry-

258 3991 340 4053 paran'
357 4005 415 4038 cum
433 3990 535 4053 Spartis,
549 3992 592 4053 qui
608 3998 807 4039 conscrtamanu
850 3997 904 4043 riae
919 3997 1050 4057 suspiraret
1065 3997 1281 4044 aorairroraotrea.
1308 3996 1399 4044 Emen-

259 4070 318 4117 victi
335 4071 510 4119 occubuerunt.
545 4071 616 4119 Idem
639 4085 679 4119 mc
696 4072 756 4119 olim
773 4071 806 4120 of·
849 4074 903 4122 dari
919 4080 1025 4137 oportet:
1053 4077 1159 4123 Proelia
1182 4076 1341 4125 carminibus
1363 4078 1398 4124 lo·

258 4148 379 4199 tendebat.
423 4150 571 4213 Cogitabam
596 4157 680 4199 tamen
707 4150 806 4198 Hanni·
848 4157 955 4216 quenda.
988 4155 1028 4202 Ea
1052 4153 1154 4202 demum
1171 4167 1231 4202 vera
1246 4142 1400 4203 et'maxima

258 4228 340 4277 balam
357 4229 438 4292 loqui,
455 4244 505 4278 non
522 4232 631 4291 po'e'tam,
644 4231 806 4280 etRomanos
848 4232 904 4281 laus
921 4240 970 4290 eat,
987 4248 1062 4297 quam
1078 4236 1151 4296 poeta
1171 4232 1228 4280 aliis
1252 4235 1336 4283 verbis
1357 4247 1399 4283 ex·

258 4307 382 4354 interdum
400 4308 467 4354 haud
478 4309 513 4355 ita
524 4308 654 4357 dissimiles
666 4325 718 4359 esse
731 4311 804 4373 Spar·
847 4313 947 4374 pressit,
964 4311 1011 4361 IV.
1034 4312 1117 4362 Carm.
1139 4313 1162 4360 9.
1197 4314 1317 4362 Dicenda
1339 4313 1399 4360 Mu·
