2916 5220
645 301 958 364 (turturinum

412 486 598 551 Terrninum
623 484 708 549 curis
733 506 833 568 vagor
856 484 1049 568 expeditus,

505 588 608 672 Fugit
634 587 809 651 inermem:

418 690 518 771 Quale
535 698 718 775 portentum
741 711 836 774 acque
859 689 1008 754 railitaris

414 794 566 857 Daunias
590 793 665 857 latia
687 792 746 856 alu
769 792 949 875 aaacrrlatis,

414 896 482 960 Nec
506 895 603 961 Iubae
627 896 886 982 adaequaret,
913 896 1032 961 [cauam

503 999 610 1063 Arida
634 1003 752 1063 autur.

417 1103 507 1166 Pone
530 1123 600 1183 me,
625 1101 728 1186 pigris
752 1101 810 1165 ubi
834 1102 926 1166 nulla
949 1103 1073 1187 campis

416 1206 522 1269 Arbor
546 1205 671 1268 aestiva
694 1212 855 1268 recreatur
878 1227 971 1286 aura,

416 1306 508 1384 Quod
533 1306 620 1371 latus
644 1305 760 1370 mundi
784 1306 922 1370 nebulae
945 1308 1117 1392 malusque

506 1410 630 1494 Iupiter
654 1417 768 1493 urget:

271 1679 432 1738 Curiaoapar·
443 1680 578 1739 expeditur.
598 1677 710 1724 Praetuli
724 1691 782 1724 curn
825 1683 848 1722 et
866 1676 963 1724 Manilii
981 1676 1028 1723 IV.
1046 1676 1102 1723 800.
1122 1673 1218 1736 Mapaa
1235 1677 1302 1723 iacet
1319 1692 1370 1722 rua·

237 1756 350 1804 Bentleio
371 1755 442 1803 alteri
461 1757 599 1817 expeditu,
619 1756 684 1816 qnod
708 1756 782 1802 ctiam
803 1772 805 1785 ¹
824 1758 879 1815 patr
901 1758 974 1802 tellas
994 1756 1151 1805 circumdata
1173 1755 1238 1815 ripis
1252 1756 1371 1801 Parthia.

236 1834 310 1882 habet
326 1834 382 1882 MS.
400 1833 685 1881 VossAdiectivumin
698 1832 742 1879 tali
757 1848 783 1880 re
825 1837 985 1882 Aesealetum
1010 1847 1134 1896 nusquam
1160 1832 1211 1880 fere
1236 1832 1372 1880 invenitur.

236 1912 325 1960 melius
351 1913 382 1959 ad
411 1913 492 1974 ipsum
517 1911 642 1959 hominem
670 1909 781 1960 refertur.
824 1913 884 1961 Fuit
894 1914 1013 1962 Horatius
1026 1913 1156 1961 verborum
1169 1919 1279 1968 novator,
1297 1913 1373 1959 inter-

236 1992 328 2040 Paullo
345 1992 401 2054 plns
419 1991 542 2053 significat
560 1993 690 2053 expeditus
707 1993 784 2050 cruris,
825 1992 885 2038 dum
903 1998 926 2039 ct
944 1991 1054 2039 obsoleta
1070 1997 1176 2038 revocat.
1194 1990 1244 2040 Sed
1258 1990 1301 2037 alii
1314 1991 1373 2037 scri-

234 2087 309 2132 quam
325 2073 456 2134 expeditis.
474 2069 541 2118 Plin.
554 2069 603 2118 III.
616 2069 696 2131 Epist.
707 2072 730 2117 5.
749 2072 783 2117 Ia
823 2077 918 2133 ptores,
935 2071 1019 2126 crede,
1036 2083 1121 2117 vocem
1139 2086 1155 2117 a
1168 2075 1219 2116 tam
1231 2070 1319 2117 idoneo
1329 2085 1373 2116 au-

234 2153 337 2209 ttiaere,
361 2152 433 2212 quaa
456 2151 553 2197 salutas
574 2150 680 2196 caeteris
701 2151 783 2207 arurae,
803 2160 805 2205 t
825 2156 891 2197 ctore
903 2149 1100 2197 commendatam
1113 2148 1268 2209 recepissent.
1286 2147 1373 2196 Varro

236 2231 295 2280 artie
313 2232 357 2277 uni
375 2231 490 2278 uacabat.
802 2213 805 2241 ⁸
824 2229 857 2277 V.
868 2230 898 2278 de.
911 2230 941 2278 L.
950 2230 981 2278 L.
998 2245 1021 2292 p.
1038 2230 1091 2277 152.
1112 2228 1236 2278 “Corneto
1253 2245 1269 2275 u
1281 2230 1373 2286 cornis,

270 2310 353 2367 Quale
379 2313 525 2369 portentum
555 2322 633 2368 aeque
661 2307 783 2354 utilitatis
824 2324 887 2370 quae
903 2310 1026 2357 obscurae
1039 2311 1089 2356 loca
1105 2309 1261 2369 reliquerunt
1276 2323 1373 2364 uantur,

235 2387 360 2435 Daunias.
386 2386 453 2434 Mira
469 2392 592 2433 terrarum
608 2384 669 2432 adeo
686 2384 780 2431 dissita·
825 2392 854 2433 at
871 2386 1048 2434 esculctumab
1061 2385 1145 2434 esculo
1157 2387 1265 2440 dictauit,
1282 2392 1308 2433 et
1325 2386 1373 2433 Fa-

234 2482 291 2514 rum
308 2465 456 2513 coniunctio.
473 2464 559 2512 Parva
576 2464 664 2512 ltaliae
681 2477 738 2526 pars
758 2472 782 2511 et
825 2467 895 2527 gutal
913 2483 928 2514 u
946 2466 1015 2528 fago,
1033 2467 1098 2514 riade
1112 2466 1188 2513 ettam
1201 2466 1272 2512 Ioats
1287 2467 1371 2526 Fapu-

233 2546 320 2606 iugens
337 2543 439 2592 Africae
456 2556 568 2604 regnum.
594 2541 643 2589 Illa
660 2541 781 2597 militaria,
825 2547 897 2605 tulit,
913 2547 979 2607 quad
1002 2547 1038 2593 ibi
1054 2544 1195 2592 erreellaur.”
1219 2543 1304 2591 Varro
1320 2545 1373 2606 agit

234 2625 280 2671 hoc
291 2623 361 2669 arida
376 2621 462 2668 nutrix
478 2620 586 2668 leonum.
606 2620 633 2668 Si
645 2635 689 2668 aec
703 2621 782 2668 Iubae
802 2674 804 2687 Ι
824 2624 854 2671 de
870 2624 930 2672 loeis
944 2625 969 2671 in
987 2624 1061 2681 urbe,
1078 2625 1121 2685 qui
1133 2636 1223 2670 nomen
1240 2622 1373 2671 habentab

234 2705 311 2750 tettae
327 2700 466 2762 significare
483 2706 564 2760 posset
580 2714 611 2746 ue
632 2700 708 2746 lubae
724 2700 779 2759 qui·
802 2698 804 2757 ξ
824 2703 962 2761 arboribus,
989 2710 1072 2766 postea
1092 2703 1187 2751 excisis,
1225 2705 1373 2751 Esculetum

234 2784 288 2829 cam
301 2784 552 2839 tuttaessettamen
565 2778 649 2840 aliqua
661 2777 780 2839 gradatio.
802 2836 804 2843 y
824 2784 921 2831 videtur
946 2792 997 2830 tam
1023 2783 1151 2846 proprium
1173 2796 1262 2831 nomen
1285 2781 1372 2838 fuisse,

234 2861 321 2923 Neque
339 2859 464 2922 epitheton
481 2860 602 2906 militaria
613 2856 672 2905 facit
682 2858 713 2904 ad
726 2857 781 2905 hor·
802 2870 804 2887 1
824 2876 899 2923 quam
911 2863 1060 2921 Carnutum,
1077 2864 1228 2917 Lauretum,
1245 2860 1302 2909 alia.
1321 2864 1371 2909 Es-

234 2940 312 2987 renda
336 2938 467 2994 animalia,
492 2951 555 3000 quae
579 2937 717 2999 Plurimum
743 2938 779 2998 gi·
802 2894 804 3021 l
824 2943 932 2989 caletum
958 2956 1006 2988 usn
1029 2939 1156 2988 communi
1178 2955 1228 2987 non
1245 2946 1372 3002 receptum

234 3025 347 3080 gnuntur
363 3019 388 3066 in
405 3017 596 3080 iisregiouibus‚
614 3016 658 3065 ubi
669 3017 781 3064 homines
824 3018 873 3067 fere
890 3021 982 3068 credas.
1005 3021 1063 3068 Non
1079 3021 1132 3082 ipse
1149 3018 1244 3076 Varro,
1261 3033 1310 3066 non
1329 3020 1372 3066 alii

234 3098 337 3146 minime
368 3103 427 3145 sunt
452 3096 578 3144 militares.
621 3094 781 3151 Maluissem,
802 3036 804 3151 Ι
825 3098 955 3161 scriptores
972 3100 1069 3158 rustici,
1087 3099 1126 3146 usi
1142 3104 1208 3145 sunt.
1234 3098 1329 3146 Dicunt
1345 3099 1371 3144 in

232 3177 299 3239 quod
316 3177 347 3224 ad
364 3177 443 3238 ipsam
453 3174 570 3224 tellurem
579 3174 781 3237 pertineret,n0n
802 3196 804 3259 p
824 3176 909 3225 Plinio
925 3178 1038 3227 inveniri.
1069 3177 1118 3228 Sed
1135 3177 1188 3233 ille,
1210 3177 1231 3223 si
1256 3176 1286 3223 da
1303 3176 1372 3224 Lati·

233 3256 266 3302 ad
285 3255 408 3311 homines,
434 3256 476 3318 qui
497 3260 611 3317 portenta
631 3267 680 3302 non
702 3253 780 3300 alunt.
802 3268 804 3333 j
823 3255 900 3303 nitate
917 3257 1053 3319 quaeritur,
1069 3271 1119 3304 uon
1135 3269 1253 3318 maguam
1266 3254 1372 3301 auctori-

234 3336 264 3382 In
291 3334 364 3384 MSS.
391 3334 483 3397 legitur
505 3333 545 3382 vel
565 3334 683 3381 Daunias
706 3334 782 3392 latis,
802 3340 804 3377 !
824 3341 900 3383 tatem
916 3335 998 3384 habet.
1016 3335 1182 3392 Philoxenus,
1199 3334 1242 3397 qui
1259 3334 1285 3380 in
1300 3332 1371 3381 Glos-

233 3415 272 3461 vcl
284 3415 391 3462 Daunia
401 3415 469 3461 tatu.
486 3415 606 3461 Dauniae
616 3411 714 3459 videtur
726 3411 781 3473 poe·
824 3413 888 3462 sario
905 3428 949 3460 suo
966 3420 1018 3460 tam
1034 3413 1126 3461 multas
1137 3427 1208 3461 voces
1225 3427 1256 3460 ex
1267 3411 1373 3459 Horatio

232 3501 272 3541 tae
288 3506 386 3539 manus.
404 3491 498 3554 quue,
515 3499 544 3538 nt
561 3490 741 3545 Horatianum,
757 3496 782 3536 et
802 3510 804 3549 r
824 3492 948 3540 desumtas
981 3491 1106 3554 explieat,
1132 3493 1308 3554 interpretatur
1330 3507 1371 3538 ae-

232 3571 352 3619 Heinsius
363 3571 388 3617 in
397 3570 534 3618 Adversar.
553 3584 576 3631 p.
587 3570 642 3616 490.
660 3567 781 3630 probavit,
802 3554 804 3633 i
823 3574 919 3629 aeritur,
941 3585 990 3618 non
1013 3573 1169 3620 aesculetam.
1195 3570 1284 3617 Inveni
1305 3571 1372 3632 apud

231 3657 256 3697 et
273 3648 396 3698 Graevius
419 3647 445 3694 in
466 3647 615 3710 pervetustis
637 3646 687 3693 suis
705 3659 780 3692 mem·
801 3638 803 3679 l
823 3650 904 3697 solum
914 3650 1032 3713 Papiam:
1050 3652 1188 3699 “Erculua:
1205 3650 1263 3698 inde
1277 3654 1370 3698 euade-

232 3728 316 3777 branis
333 3726 437 3787 invenit,
454 3735 482 3775 nt
499 3727 584 3774 scribit
601 3726 632 3773 ad
650 3725 781 3773 Heinsium
824 3735 891 3785 tura,
916 3729 980 3777 sicut
1000 3728 1145 3776 olivetum.”
1181 3728 1216 3776 Et
1232 3727 1371 3777 Commeat.

232 3807 257 3854 in
275 3806 380 3870 Sylloge
391 3806 472 3870 Epist.
485 3807 573 3854 Burm.
587 3805 616 3853 T.
631 3804 678 3852 IV.
690 3820 714 3866 p.
726 3804 780 3852 129.
824 3806 901 3869 Cruq.
919 3810 950 3855 ad
967 3807 1002 3856 11.
1021 3807 1103 3858 Carra.
1122 3809 1144 3854 9.
1163 3823 1198 3855 vs.
1216 3809 1239 3858 7.
1265 3807 1320 3856 “Ut
1336 3809 1372 3868 pi-

232 3887 348 3937 Ostendit
362 3894 449 3942 autem
460 3885 602 3943 Bentleius,
613 3885 661 3933 hoc
672 3897 782 3931 noncsse
823 3892 894 3944 ncta,
911 3890 1029 3944 esculeto,
1047 3888 1142 3943 vineta,
1163 3887 1197 3933 sic
1214 3894 1238 3934 et
1255 3895 1371 3948 querceta

231 3967 416 4015 consuetudinis
437 3966 572 4014 Romanae.
608 3963 699 4012 Melius
716 3970 782 4012 certe
824 3966 940 4013 dicuntur
958 3966 1023 4023 loca,
1040 3966 1082 4014 ubi
1098 3966 1195 4014 multae
1211 3980 1372 4029 quercusna-

232 4046 346 4095 tinxisset
364 4049 469 4096 Daunia
491 4049 520 4094 ia
538 4046 607 4093 latit.
641 4043 689 4093 Sed
707 4043 781 4090 etiarn
823 4045 948 4091 scantur.''
978 4045 1075 4093 Versus
1100 4044 1199 4106 quidem
1225 4045 1372 4093 Hexametri

232 4133 285 4171 tum
297 4124 411 4173 additum
422 4123 572 4188 oportuisset
583 4138 628 4170 ara
642 4121 682 4170 vel
698 4127 779 4169 terra:
824 4125 974 4170 aeserttetura
988 4137 1038 4170 non
1052 4122 1227 4179 admittebant,
1240 4123 1294 4182 sed,
1311 4132 1373 4186 quot

232 4204 279 4252 nisi
293 4200 781 4267 hecesequentibusIabaetellusvelis
824 4201 881 4248 alii?
906 4201 1022 4263 Denique
1044 4204 1119 4249 tellus
1140 4204 1220 4250 Iubae
1244 4204 1372 4250 nonsatis

232 4282 377 4339 intelligere.
414 4283 456 4332 Sic
474 4280 555 4331 Ovidii
577 4289 614 4328 est
634 4282 712 4328 Italis
728 4295 780 4338 ara,
824 4279 937 4327 distincte
954 4280 1057 4336 indicat,
1076 4287 1130 4327 uter
1147 4280 1212 4327 Iuba
1229 4281 1261 4327 sit
1278 4281 1370 4329 intelli-
