2916 5220
637 298 955 361 (miltMINb'M

374 489 426 552 lle
450 509 508 552 nec
533 493 602 552 tam
626 488 755 572 patiens
780 487 1021 567 Lacedaemon,

324 592 390 655 Nec
415 596 484 655 tam
508 590 658 655 Larissae
682 590 843 675 percussit
866 611 1001 675 campus
1026 589 1173 674 opimae,

368 695 473 773 Quam
498 694 614 759 domus
639 695 809 759 Albuneae
832 693 1017 758 resonantis

232 825 313 888 ganda
331 824 374 871 illa
384 825 512 887 plurimus
523 826 550 871 in
561 826 649 872 harere
661 824 780 871 Iunonis.-
827 820 941 878 Primus,
963 821 989 869 ni
1007 820 1093 876 fallor,
1113 819 1261 867 Franciscns
1278 820 1377 868 Vavas-

234 905 257 951 lr.
275 918 295 951 1.
313 903 416 965 aliquis,
433 902 509 959 alter,
526 903 568 965 qui
586 903 719 965 plurimus,
730 902 781 949 sive
826 914 866 947 sor
882 902 908 947 in
926 899 1028 950 Observ.
1049 900 1080 948 de
1096 901 1122 948 ai
1137 905 1163 946 et
1179 913 1227 946 usu
1244 903 1376 949 cerbarum

232 981 327 1030 multus
350 988 387 1031 111
408 983 435 1031 in
461 982 554 1031 honore
580 981 694 1038 Iunonis,
721 982 781 1030 dicit
826 981 983 1041 quorundam
1008 979 1043 1040 (in
1065 977 1217 1028 collectione
1237 978 1330 1027 Ketelii
1352 998 1375 1042 p.

234 1062 325 1123 Argos.
369 1061 520 1124 Interpretes
544 1062 665 1123 iungunt:
693 1062 780 1109 Pluri-
826 1059 877 1120 27.)
894 1061 998 1122 negavit
1015 1058 1080 1120 apud
1098 1057 1177 1106 bonus
1190 1058 1376 1119 scriptoresex-

233 1155 288 1188 naus
310 1141 372 1188 dicit
390 1139 471 1202 Arpos
488 1141 647 1188 inhonorem
666 1141 780 1187 Iurwnt's.
826 1144 891 1186 stare
920 1141 1073 1202 “quidquam
1098 1140 1125 1185 in
1146 1139 1254 1186 alieuius
1275 1140 1376 1187 lacedem

234 1219 283 1269 Sed
300 1219 373 1267 valde
390 1218 477 1267 dubito
494 1233 525 1266 an
542 1219 661 1268 Latinum
678 1219 710 1266 sit
724 1222 781 1282 plu·
825 1222 930 1268 scribae
963 1225 1009 1266 aur
1041 1218 1132 1280 loqui.''
1174 1217 1278 1265 Veteres
1308 1219 1375 1266 enim

233 1301 313 1349 rivaus
321 1300 392 1348 dicit
412 1311 457 1361 pro
475 1299 588 1360 plurimi.
623 1297 780 1361 Oudendorp.
826 1297 918 1344 dixisse
938 1298 1055 1345 ί’1111111111
1075 1311 1178 1351 caussa,
1198 1297 1229 1344 de
1245 1298 1377 1353 laudibus,

233 1379 333 1441 quidem
356 1377 502 1441 simpliciter
519 1375 637 1432 affirmat,
654 1390 704 1424 nou
721 1391 781 1426 esse.
825 1378 853 1424 iu
869 1378 976 1440 aliquem
992 1376 1121 1425 scribare.”
1149 1376 1184 1423 Et
1200 1389 1258 1423 sane
1275 1376 1377 1424 videtur

233 1459 320 1521 Atque
341 1458 388 1505 hoc
405 1455 559 1506 Godofredus
576 1455 738 1504 Hermannus
755 1457 781 1504 in
825 1455 871 1502 illa
891 1454 1043 1503 consuetudo
1063 1467 1115 1502 esse
1132 1455 1182 1502 iam
1199 1460 1309 1502 mutatae
1325 1455 1376 1502 La·

234 1536 365 1599 Program.
383 1553 406 1585 a.
426 1537 497 1585 1842.
508 1536 543 1582 ita
553 1534 694 1583 confirmat:
712 1536 781 1584 “Nec
826 1534 942 1591 tinitatis,
963 1534 1034 1582 cuius
1054 1534 1170 1596 exempla
1190 1541 1248 1582 ante
1269 1535 1376 1595 Augus-

233 1617 381 1665 Latinorum
403 1630 448 1664 nec
471 1613 625 1663 Graecorum
650 1614 780 1677 quisquam
826 1618 879 1659 tum
905 1629 953 1662 non
979 1615 1144 1676 reperiantur:
1170 1629 1193 1661 v.
1219 1612 1316 1661 Duker.
1343 1613 1375 1659 ad

233 1693 581 1755 multaapluairnuarrobdc,
601 1694 729 1753 πλεῖστος,
746 1695 781 1742 ita
825 1691 895 1740 Flori
913 1693 948 1741 11.
966 1695 989 1741 3.
1011 1692 1079 1743 Cort.
1098 1693 1129 1740 ad
1150 1693 1229 1740 Plinii
1248 1693 1281 1740 X.
1303 1692 1375 1754 epist.

233 1778 276 1819 aut
292 1771 357 1818 dixit
374 1778 417 1819 aut
433 1771 514 1819 dicere
530 1771 622 1834 potuit,
640 1786 669 1819 ea
686 1786 780 1830 caussa,
824 1770 864 1818 24.
882 1779 907 1820 11
924 1771 1082 1835 Oudendorp.
1102 1773 1132 1819 ad
1147 1771 1242 1834 Appul.
1259 1771 1293 1820 V.
1311 1773 1374 1820 Met.

231 1851 306 1911 quod,
320 1850 364 1912 qui
381 1864 431 1898 non
448 1850 532 1898 addito
548 1850 701 1899 substantivo
718 1857 780 1901 mut-
825 1866 847 1912 p.
866 1851 921 1899 366.
960 1851 1043 1914 Igitur
1064 1852 1184 1900 Horatius
1205 1851 1310 1898 scribere
1331 1867 1374 1912 po-

232 1934 274 1976 tus
291 1929 392 1986 dicitur,
409 1945 458 1977 non
474 1935 554 1992 potest
571 1930 618 1978 nisi
635 1931 700 1980 idem
716 1933 779 1979 mul·
825 1930 873 1977 tuit
889 1932 951 1980 dicit
967 1934 994 1978 in
1012 1933 1137 1979 honorem:
1156 1937 1184 1977 ut
1201 1931 1314 1992 Propert.
1324 1929 1374 1977 IV.

231 2007 357 2069 tiplicatus
375 2008 493 2070 intelligi,
511 2009 558 2056 hoc
574 2016 619 2065 est,
632 2011 725 2072 aliquid
739 2010 779 2058 vel
824 2009 847 2056 6.
872 2011 908 2057 13.
946 2011 1064 2059 Caesaris
1088 2011 1116 2058 in
1140 2025 1227 2059 nomen
1252 2011 1375 2058 dicuntur

231 2099 418 2148 saepenumero,
443 2088 483 2135 rel
502 2087 577 2135 simul
595 2089 621 2136 in
637 2089 725 2137 multis
742 2104 778 2138 rc·
824 2092 945 2137 carticina.
969 2090 1065 2139 Caesar
1080 2091 1375 2150 Durrrcunitunquaeso,

232 2166 278 2213 bus
306 2165 407 2215 faciens.
449 2168 520 2230 Ergo
545 2169 673 2230 plurimus
699 2169 779 2231 Arpos
825 2169 927 2229 Iupiter
946 2171 1001 2231 ipse
1021 2184 1098 2217 vaces.
1131 2169 1202 2217 Licet
1219 2168 1262 2215 alii
1279 2167 1373 2230 praef·

230 2246 309 2307 dicet,
325 2252 362 2292 est
374 2246 519 2307 saepissime
531 2246 614 2311 Arpos
622 2250 701 2306 dicet‚·
712 2248 778 2310 quod
823 2253 879 2294 rant
895 2249 1030 2296 ducantur.
1064 2248 1150 2295 Minus
1167 2253 1239 2295 recte.
1264 2245 1332 2294 Vide
1349 2255 1375 2294 et

230 2329 298 2385 patet
322 2323 395 2372 nihili
419 2338 484 2382 esse,
506 2326 553 2374 nisi
579 2327 698 2384 addatur,
724 2328 778 2389 quis
825 2326 926 2375 Santen.
944 2327 975 2373 ad
992 2327 1091 2375 Terent.
1110 2326 1230 2374 Maurum
1246 2340 1304 2387 pag.
1313 2325 1372 2374 226.

231 2404 372 2466 saepissime
393 2405 479 2467 Argos
500 2406 533 2453 sit
552 2406 671 2454 dicturus.
709 2405 777 2455 Affe-
824 2405 873 2454 Sed
890 2406 1016 2466 plurimus
1033 2407 1060 2452 in
1073 2407 1187 2453 honorem
1203 2404 1310 2452 scribere
1321 2419 1373 2452 non

229 2491 289 2531 runt
314 2484 414 2546 quidem
432 2485 474 2547 qui
495 2486 604 2534 asultum
623 2500 670 2548 pro
690 2488 778 2534 acuitis
822 2485 916 2546 potuit:
933 2491 959 2532 et
975 2484 1066 2531 erravit
1083 2483 1230 2532 Vcchuerus
1247 2484 1273 2530 in
1285 2484 1372 2533 Helle-

230 2562 320 2610 dixcrit
337 2564 469 2612 Lucanum
486 2564 535 2611 III.
553 2563 609 2614 707.
622 2566 778 2611 ruultussnu
822 2562 872 2610 nol.
894 2563 929 2611 ΙΙ.
958 2579 1016 2626 pag.
1038 2564 1094 2611 264.
1120 2557 1195 2610 hunc'
1212 2577 1312 2611 versum
1338 2565 1374 2611 ita

228 2644 335 2690 curnem
360 2645 442 2705 puppi
480 2643 576 2705 Afficit
605 2643 727 2701 auriens,
752 2649 778 2689 at
822 2641 975 2704 subiungens
996 2658 1019 2689 v.
1041 2656 1062 2690 c.
1083 2640 1198 2704 exemplo
1218 2655 1233 2689 e
1253 2640 1373 2691 Cicerone

229 2719 264 2766 ibi
281 2721 388 2768 chamierus
401 2721 558 2783 participium
570 2734 614 2782 pro
624 2720 779 2770 substantivo
821 2720 909 2780 petito:
943 2722 1131 2783 Theophrastus
1157 2722 1253 2768 inultus
1278 2727 1317 2769 est
1344 2725 1373 2770 in

229 2804 278 2855 est,
304 2797 344 2845 cui
365 2798 513 2845 adiectivum
534 2799 645 2847 additum
662 2803 777 2850 111111111-
822 2799 951 2848 laudanda
972 2800 1164 2863 armenificentiu.
1203 2799 1318 2848 Laetam.
1340 2802 1373 2848 ad

230 2882 278 2924 tus.
320 2877 386 2925 Nam
416 2881 512 2926 nautius
536 2879 655 2939 1110111111,
681 2881 777 2929 multus
823 2878 896 2927 Statii
914 2878 988 2926 VIII.
1012 2879 1091 2927 Theb.
1101 2879 1158 2927 224.
1186 2881 1302 2927 Paeones
1318 2895 1373 2928 uer·
1396 2880 1404 2890 '

229 2957 299 3004 1111111
320 2962 345 3004 11
366 2955 457 3003 similia
477 2962 544 3004 recte
565 2956 694 3013 dicuntur,
719 2959 778 3021 quia
820 2970 864 3004 sus
888 2962 950 3005 sunt
978 2959 1006 3005 iu
1031 2959 1142 3005 Homero
1168 2959 1284 3019 Apollini
1307 2960 1373 3007 dicti

229 3034 265 3081 sic
281 3035 409 3083 morientis
426 3041 469 3082 aut
486 3035 573 3082 militis
590 3034 697 3083 conditio
713 3037 777 3084 mul·
818 3042 924 3098 propter
936 3038 1088 3084 exstinctum
1097 3037 1250 3097 Pythonem:
1266 3036 1371 3084 11111101-

229 3112 342 3175 tiplicata
357 3113 524 3175 significatur,
544 3128 607 3176 quae
627 3128 676 3162 non
698 3121 778 3177 potest
821 3120 886 3162 tasse
910 3114 1058 3177 legendum:
1083 3117 1109 3162 in
1131 3116 1221 3162 horrore
1244 3118 1373 3178 Apollinis

230 3191 302 3240 aliter
323 3206 398 3254 quam
419 3192 445 3239 in
466 3191 565 3249 multis,
587 3194 630 3255 qui
646 3194 777 3245 morientes
820 3195 890 3243 dicti.

230 3279 273 3318 aut
291 3270 383 3318 milites
408 3270 470 3326 sint,
495 3272 622 3334 eogitari.''
655 3272 712 3322 Hoc
737 3275 776 3322 de·
858 3272 900 3322 Me
924 3288 968 3322 nec
994 3279 1047 3321 tam
1071 3273 1170 3335 patiens
1192 3274 1370 3323 Lacedaemon.

230 3365 299 3398 mum
316 3355 354 3398 est
372 3364 473 3398 caussas
485 3357 509 3398 et
517 3353 638 3401 rationem
647 3352 777 3402 Gramma·
821 3352 940 3401 Dixerat:
962 3353 1005 3400 alii
1023 3353 1141 3411 Rhodon,
1162 3352 1291 3416 Ephesum
1307 3360 1370 3401 caet.

228 3430 302 3476 ticam
320 3428 420 3490 linguae
436 3428 567 3491 explicare.
601 3432 690 3494 Neque
709 3447 776 3481 vero·
821 3431 931 3480 laudent.
963 3432 1038 3494 Sequi
1055 3432 1188 3480 debuisset:
1205 3431 1266 3479 mihi
1283 3432 1373 3479 nullus

229 3508 310 3555 simile
343 3514 392 3563 est,
422 3507 544 3556 Iunonem
582 3525 642 3572 prae
675 3512 777 3559 caeteris
821 3525 852 3558 ex
873 3510 912 3558 his
932 3510 993 3558 loeis
1014 3517 1112 3558 tantum
1134 3510 1226 3572 placet,
1247 3517 1370 3573 quantum

229 3585 372 3633 numinibus
396 3587 517 3647 plurimos
550 3585 691 3635 laudatores
725 3603 778 3637 esse
822 3589 910 3637 Tibur.
927 3590 983 3638 Nisi
995 3596 1133 3637 statuamus
1146 3590 1371 3639 iuLacedaemone

229 3673 336 3714 nactam.
369 3666 465 3714 Eadem
492 3665 538 3713 fruit
563 3669 701 3717 emendatio
726 3670 776 3721 On·
820 3675 845 3715 11
862 3683 949 3730 campo
961 3670 1076 3718 Larissae
1092 3669 1167 3717 etiam
1184 3669 1279 3732 aliquid
1295 3668 1371 3719 fuisse

228 3744 357 3805 dendorpii
379 3750 404 3793 et
425 3744 607 3807 Cuninghami,
628 3762 704 3809 quam
726 3747 777 3798 Ou-
820 3748 998 3808 praestantium
1018 3763 1093 3811 quam
1115 3749 1142 3795 in
1163 3748 1258 3811 oppidis
1275 3747 1343 3811 Rhoq'
1371 3780 1374 3785 -

230 3823 345 3886 dendorp.
364 3823 443 3871 tribus
460 3823 520 3871 locis
541 3826 733 3882 commendavit,
751 3828 776 3875 in
820 3826 912 3888 Ephesi
930 3834 990 3875 caet.
1018 3827 1067 3876 Sed
1084 3822 1338 3888 11111111111111111111111Ι

229 3909 311 3950 annot.
331 3901 407 3952 MSS.
425 3901 456 3948 ad
482 3902 505 3950 h.
532 3903 548 3950 l.
575 3904 606 3950 ad
633 3904 734 3954 Sueton.
752 3907 777 3953 in
819 3905 1030 3955 Lacedaemonem
1048 3907 1088 3954 hic
1105 3906 1316 3968 laudaripropter

229 3982 291 4030 Vita
314 3981 411 4030 Lucani
432 3996 456 4043 p.
479 3983 535 4031 995.
557 3989 582 4031 et
607 3983 701 4046 Appul.
724 3985 777 4034 Me·
820 3984 932 4033 tientiam
954 3993 978 4034 et
996 3987 1125 4042 duritiem,
1148 4000 1212 4048 quae
1228 3982 1325 4039 olimel

229 4067 288 4108 tam.
311 4077 334 4123 p.
355 4061 411 4109 366.
450 4060 537 4124 Atque
558 4062 618 4111 haec
639 4065 778 4112 emendatio
821 4065 888 4112 modi
905 4072 988 4122 erant,
1007 4072 1034 4112 ut
1051 4079 1123 4114 nemo
1139 4066 1203 4112 hanc
1214 4064 1321 4115 urbemi

228 4141 365 4187 necessaria
381 4140 491 4196 videtur,
508 4149 607 4205 propter
623 4155 722 4190 caussas
738 4158 776 4190 su·
821 4143 875 4190 aliis
895 4142 1043 4206 praeferret,
1068 4144 1160 4191 nedum
1182 4143 1319 4203 Romanum

228 4233 274 4280 pra
287 4226 443 4275 memoratas,
454 4233 512 4277 uon,
524 4222 582 4284 quia
594 4222 676 4268 minus
689 4222 778 4279 Latine
822 4222 947 4270 Horatius.
982 4222 1052 4270 Idem
1070 4224 1146 4270 sensit
1163 4222 1313 4287 Oudendorp

228 4297 376 4345 scriberetur
402 4298 464 4346 dicit
486 4301 513 4346 in
534 4301 648 4348 honorent
666 4299 775 4349 Iunonis.
822 4301 922 4350 Sueten.
945 4301 1056 4363 August.
1078 4317 1130 4364 cap.
1149 4303 1188 4350 83.
1211 4310 1234 4350 et
1255 4316 1308 4357 eme
