2916 5220
1213 39 1365 335 Q!

1310 386 1315 393 ι
1356 270 1365 360 ζ

564 315 882 378 (tt'rrMINUM

339 499 393 563 llli
417 499 513 564 robur
537 504 569 564 et
593 522 645 564 aes
673 499 792 583 triplex

381 602 475 668 (lima
497 607 611 688 peetus
636 608 720 683 erat,
746 602 803 686 qui
825 598 978 686 fragilem
1002 598 1086 663 truci

339 706 513 772 Commisit
535 706 653 791 pelago
676 710 779 770 ratem

381 809 530 892 Primus,
554 832 613 874 nec
637 809 751 874 timuit
773 806 985 893 praecipitem
1009 805 1159 870 Africum

336 915 565 979 Desertantem
588 911 828 998 Aquilonibus,

378 1015 445 1080 Nec
470 1015 580 1080 tristes
605 1015 756 1099 Hyadas,
781 1035 840 1079 nee
865 1013 988 1078 rabiem
1012 1012 1109 1088 Noti;

338 1120 405 1198 Quo
428 1139 489 1182 aaa
512 1116 630 1183 arbiter
653 1117 802 1182 Hadriae

377 1222 502 1303 Maior,
532 1220 639 1285 tollere
658 1241 713 1284 eea
734 1240 856 1305 pariere
879 1219 942 1284 ruli
954 1217 1059 1303 freta.

339 1325 435 1404 Quem
457 1327 567 1389 martie
589 1327 691 1388 bimait
711 1321 864 1410 praciam,

156 1465 235 1513 detur.
270 1464 369 1522 Redde,
387 1464 457 1521 dicit,
474 1465 534 1513 mihi
552 1465 703 1527 Virgilium,
742 1471 786 1522 tos,
803 1478 879 1527 quam
904 1463 1090 1513 Grammaticus
1114 1471 1197 1512 noster
1223 1465 1292 1513 dedit

156 1552 180 1592 et
207 1551 304 1607 partem
334 1545 430 1593 animae
463 1559 531 1593 meae
559 1544 703 1592 servaveris.
741 1550 814 1593 vento
830 1544 857 1591 in
873 1543 970 1592 fluetus.
1004 1543 1100 1606 Iupiter
1112 1542 1169 1591 fecit
1178 1543 1292 1592 Aeolum

157 1622 239 1673 Schol.
263 1622 342 1671 Persii
365 1623 417 1673 Sat.
434 1624 468 1673 V.
485 1626 526 1673 22.
551 1624 625 1673 etiam
643 1624 704 1686 legit
741 1625 834 1687 ταμίην
852 1623 953 1687 ἀνέμων
986 1622 1064 1687 'Epir
1082 1621 1232 1686 παυέμεναι,
1252 1613 1290 1680 ἠδ’

155 1708 179 1751 et
195 1717 283 1751 aereas.
316 1702 393 1749 Hunc
414 1709 496 1751 autem
513 1703 595 1750 locum
612 1704 703 1765 cogita-
741 1703 863 1768 ὀρνύμεν,
881 1702 913 1752 bv
930 1721 954 1752 κε
972 1700 1070 1766 bibare.

155 1780 199 1829 bat
221 1780 356 1842 Augustin.
374 1780 421 1829 IV.
447 1779 558 1830 Confess.
575 1782 599 1830 6.
634 1784 705 1832 Bene
777 1784 856 1840 Quem
882 1784 971 1831 mortis
995 1783 1082 1830 timuit
1099 1781 1214 1843 pradum.
1248 1779 1292 1827 In-

156 1860 261 1921 qaidam
285 1861 355 1908 dixit
379 1862 409 1908 de
432 1862 511 1909 amieo
533 1874 578 1909 aaa
601 1860 703 1909 “Dimi·
740 1866 858 1922 terpretes
875 1861 915 1908 hie
931 1861 957 1908 in
968 1861 1050 1908 varias
1060 1865 1142 1923 partes
1153 1859 1292 1914 discedunt,

155 1941 227 1987 diam
243 1941 343 1988 animae
359 1940 449 1988 meae.”
740 1939 782 1987 sed
791 1938 892 2001 plurimi
900 1939 1011 2001 cogitant
1019 1941 1108 1987 martis
1114 1951 1201 2001 aenae.
1222 1936 1291 1985 Lati·

191 2019 248 2076 Qua
263 2033 312 2066 aon
329 2021 426 2068 arbiter
447 2021 570 2068 Hadriae.
599 2017 704 2068 Guictus
741 2033 801 2065 num
818 2024 855 2066 ost
872 2021 962 2067 martie
978 2018 1203 2079 perramutmartir
1211 2018 1292 2073 madi,

156 2096 231 2145 ctiam
248 2098 335 2154 sensit,
360 2112 404 2146 sex
425 2112 511 2146 versus
530 2098 635 2147 Horatio
652 2112 705 2146 esse
740 2104 845 2158 inerter,
879 2112 929 2146 non
946 2098 1006 2146 item
1023 2099 1114 2146 nrartis
1130 2098 1227 2159 pradm
1243 2095 1292 2143 hae

156 2177 301 2239 suppositos.
336 2176 533 2235 Grammaticus,
556 2178 598 2240 qui
620 2178 703 2227 memi-
741 2177 926 2240 significatione.
951 2177 1057 2240 Legitur
1068 2176 1133 2239 apud
1147 2175 1292 2224 Ausonium

156 2256 234 2304 nisset
258 2257 347 2307 Horat.
372 2259 422 2307 ΙΙΙ.
451 2258 536 2308 Carni.
560 2260 584 2306 3.
614 2257 704 2304 dixisse
740 2257 766 2304 in
784 2257 894 2306 Praefat.
929 2255 1057 2305 Parentel.
1084 2257 1114 2303 de
1131 2255 1292 2304 muneribus:

155 2342 243 2385 auster
256 2336 318 2384 Dar
329 2339 438 2400 inquieti
450 2339 566 2386 turbidas
579 2338 705 2392 Hadriae,
744 2335 817 2394 Quae
834 2337 922 2384 Numa
938 2337 1050 2398 rapiatis
1060 2336 1179 2383 solemnia
1190 2336 1293 2385 dedicat

155 2413 255 2463 videtur
271 2430 302 2464 ex
320 2429 348 2464 co
365 2430 437 2464 suum
454 2416 563 2473 finxisse,
580 2421 609 2462 ut
625 2421 704 2462 osten·
741 2417 849 2475 rrmbris,
876 2416 913 2463 Ur
928 2416 1021 2477 aradae
1037 2419 1084 2463 aar
1101 2416 1191 2463 martis
1203 2419 1293 2476 paeta-

156 2493 237 2551 deret,
253 2508 329 2556 quam
346 2495 500 2557 periculosus
516 2500 580 2544 esset
592 2494 634 2541 hic
647 2507 705 2542 ven·
742 2492 780 2539 lat
796 2497 842 2540 aut
858 2493 962 2554 pencris.
990 2491 1039 2541 Sed
1056 2492 1090 2540 ibi
1107 2493 1198 2555 gradus
1214 2493 1241 2540 in
1252 2507 1292 2542 co

156 2576 197 2618 tus
219 2586 263 2633 per
284 2586 352 2621 mare
376 2574 549 2622 Hadriaticum
566 2572 705 2634 naviganti·
742 2570 859 2632 gnatione
877 2571 994 2619 comitur.
1028 2571 1130 2629 Latine,
1143 2573 1292 2630 credo,nul-

155 2649 210 2698 bus.
252 2651 370 2700 Horatius
398 2652 522 2700 invehitur
545 2652 570 2699 in
595 2651 704 2712 primum
741 2648 794 2696 lum
834 2651 931 2698 Mortis
954 2651 1062 2712 aradum
1088 2652 1166 2708 timet,
1193 2653 1244 2700 sive
1271 2653 1293 2700 is

156 2729 278 2787 navitam,
300 2731 443 2793 quicunque
459 2728 546 2787 fuerit,
563 2728 705 2792 ubieunque
741 2729 835 2790 gradus
852 2728 883 2776 sit
899 2734 1039 2786 consuetus,
1064 2729 1115 2777 sive
1140 2731 1213 2788 celer,
1238 2732 1293 2780 sive

156 2807 265 2868 primum
287 2822 358 2856 suam
380 2815 459 2857 artem
481 2808 619 2857 tentaverit.
653 2809 703 2856 Ho
740 2821 835 2856 cursus.
869 2806 919 2867 Qui
943 2813 993 2856 tres
1018 2809 1110 2869 gradus
1132 2816 1204 2857 erant
1219 2811 1246 2857 in
1264 2826 1294 2860 re

156 2885 248 2934 minem
266 2893 375 2943 certum,
393 2887 530 2943 stlocum,
548 2900 598 2935 non
612 2888 704 2950 cogita·
741 2885 851 2943 militari,
867 2886 898 2934 dc
914 2901 966 2949 qua
981 2901 1008 2935 rc
1029 2887 1158 2949 vegetius.
1192 2889 1293 2939 Auctor

156 2963 200 3012 vit.
225 2965 363 3014 Enumerat
379 2967 404 3014 in
421 2966 565 3014 universum
582 2967 703 3015 terribiles
740 2963 791 3026 ipse
810 2965 894 3013 statim
910 2965 937 3012 in
953 2966 1039 3014 eadem
1056 2967 1200 3029 metaphora
1216 2970 1292 3032 scrip·

156 3049 250 3092 ventos.
276 3045 331 3093 Iam
348 3045 410 3093 nihil
427 3044 539 3107 frigidius
555 3045 601 3093 illa
616 3060 702 3108 paren.
740 3042 783 3090 sit:
810 3047 887 3093 tarda
912 3048 1045 3094 accersitas
1078 3048 1138 3095 Leti
1163 3051 1292 3111 corripuit

157 3123 219 3172 thesi
244 3125 380 3187 excogitari
403 3131 496 3188 potest,
522 3140 554 3174 ex
579 3140 629 3188 qua
653 3139 702 3173 non
739 3125 854 3183 pradum.
880 3125 921 3173 Ac
936 3125 999 3181 vide,
1016 3139 1092 3188 quam
1108 3127 1227 3189 exiguum
1238 3125 1291 3176 fue-

157 3201 245 3261 aliam,
274 3204 321 3252 nisi
345 3204 410 3252 hane
435 3204 514 3252 elicies
540 3204 702 3253 sententiam:
740 3201 772 3248 rit
789 3200 952 3251 Grammatici
968 3204 1094 3254 iudicium·
1120 3206 1177 3254 Non
1195 3206 1292 3264 dubim,

156 3281 265 3330 “rabiem
281 3283 349 3331 Noti.
379 3283 461 3332 Notus
478 3289 561 3332 autem
577 3298 623 3346 pro
640 3283 703 3331 arbi·
740 3281 799 3343 quin
816 3281 926 3329 imitatus
942 3283 974 3330 sit
990 3283 1085 3333 Lucan.
1103 3284 1138 3333 ΙΙ.
1155 3285 1196 3332 99.
1224 3287 1293 3344 Quia

156 3361 204 3408 trio
226 3361 314 3410 fluctus
330 3362 487 3411 Hadriaticos
503 3362 543 3411 vel
560 3362 639 3420 tollit,
662 3363 702 3412 rel
733 3360 793 3423 fait
810 3362 854 3408 ilie
870 3363 929 3418 dier,
949 3364 1116 3426 Mariusque
1133 3366 1229 3413 aroeaia
1240 3367 1291 3415 rie·

156 3440 290 3503 componit,
313 3454 393 3504 neque
405 3448 443 3489 est
460 3441 523 3490 alter
538 3448 638 3497 ventus,
660 3441 703 3504 qui
741 3444 782 3488 tor
801 3441 1192 3506 Corripuitiqaaatoqaearada
1216 3442 1292 3493 Mars

156 3517 191 3565 ibi
213 3519 270 3581 plus
295 3519 390 3577 valeat,
415 3527 440 3569 et
464 3520 615 3584 frequentius
638 3520 702 3568 flet.’'
740 3534 813 3568 saeva
829 3523 960 3570 cucurrit?
993 3521 1102 3570 Pulchre
1127 3528 1152 3570 et
1177 3523 1292 3584 graviter

157 3597 226 3644 Haec
251 3599 350 3660 sapiunt
375 3598 494 3660 glossam,
521 3605 545 3646 et
566 3599 703 3647 orationem
740 3599 864 3648 Lucanus.
898 3600 967 3648 Mors
989 3615 1082 3664 magno
1099 3603 1180 3664 gradu
1198 3604 1291 3662 currit,

156 3675 302 3738 pedestrem.
321 3679 418 3726 Ponere
435 3685 518 3725 autem
535 3684 653 3725 terrorem
668 3677 703 3726 rei
741 3686 873 3740 grassatur,
895 3694 1041 3744 quacunque
1066 3681 1141 3740 venit,
1164 3683 1291 3733 obstantes

157 3754 253 3803 minuit.
287 3755 340 3803 Nec
359 3756 409 3803 scio
430 3770 461 3803 an
477 3771 569 3818 pariere
585 3762 650 3804 recte
668 3757 703 3805 di·
740 3760 880 3820 prosternit,
896 3765 925 3807 ut
941 3759 1020 3808 victor
1035 3760 1194 3819 Homericus
1203 3763 1291 3827 μακρά

156 3835 273 3882 catardo
290 3834 335 3882 tali
351 3842 432 3884 vento.
466 3835 546 3882 Not-us
562 3835 628 3884 enim
641 3851 703 3886 sem·
740 3836 836 3900 βιβάς,
854 3845 879 3887 et
896 3839 990 3902 Virgil.
1008 3838 1042 3888 X.
1061 3840 1126 3889 Aen.
1144 3842 1201 3892 572.
1218 3843 1292 3905 lonae

156 3932 200 3979 per
231 3930 288 3964 suas
318 3922 399 3980 partes
425 3915 477 3977 egit
501 3916 526 3963 in
551 3922 703 3978 tempestate.
740 3921 866 3980 praelieris.
885 3919 1068 3982 Sicpugneturi
1077 3920 1180 3970 veniunt
1188 3927 1213 3969 ct
1221 3906 1291 3970 stant

156 3995 266 4054 Aeolus,
284 3996 430 4058 Neptunus,
448 3993 570 4053 Castores,
588 3995 704 4059 Zephyri,
741 4000 837 4060 inperiti
861 4001 950 4061 prada
983 4000 1038 4048 Liv.
1064 4001 1100 4050 II.
1127 4001 1165 4050 10.
1203 4003 1290 4059 Quam

156 4074 177 4121 si
193 4074 265 4132 velis,
282 4074 406 4139 ponebant
422 4080 508 4123 ventos
525 4081 550 4122 ct
566 4074 663 4133 fluctus
680 4083 705 4125 ct
744 4078 828 4128 Cocles
843 4081 983 4128 obstinatas
998 4083 1095 4143 inparti
1108 4087 1210 4144 panteni
1226 4085 1290 4131 obti-

156 4155 202 4217 ipsi
219 4156 285 4203 venti
300 4160 438 4218 pariantur.
468 4153 647 4202 Memorandus
665 4156 705 4204 hic
740 4160 908 4220 aeretprada.
927 4159 1131 4223 PliaPanegyr.
1144 4161 1181 4209 10.
1202 4162 1290 4218 Quam

156 4239 194 4281 est
210 4232 314 4281 Homeri
330 4247 414 4280 versus
431 4232 456 4278 in
474 4229 564 4294 Odyss.
577 4233 610 4282 K.
623 4235 664 4283 21.
678 4235 704 4282 in
742 4242 800 4285 tuas
823 4239 923 4300 aquilas
946 4253 1035 4301 mapreo
1061 4241 1144 4301 prada
1167 4241 1289 4289 anteiret.

156 4326 204 4376 quo
227 4312 328 4359 eandem
352 4310 402 4356 vim
425 4309 491 4358 dedit
507 4310 588 4359 Aeolo
604 4313 629 4359 in
646 4328 704 4362 ven·
741 4313 813 4364 Ovid.
831 4315 881 4364 111.
899 4316 957 4365 Art.
975 4317 1030 4365 303.
1048 4325 1153 4379 tangens
1166 4317 1288 4366 incessum
