2916 5220
223 304 286 366 lto
632 303 950 368 ‹rnaMlNUM

402 489 519 551 qucuc
542 489 654 552 Diris:
696 488 803 553 “Ilicu
825 488 910 553 Iliou

444 589 569 654 Fatalis
593 593 783 676 incestusque
806 591 902 656 iudcu

489 695 535 757 Et
557 693 669 759 muticr
686 698 861 781 percuriua
883 699 976 761 uertit

401 799 442 860 Iu
458 796 638 881 puluerem,
664 818 704 861 ccc
725 818 784 882 quc
807 797 947 862 destituit
970 801 1058 864 Deos

400 899 544 963 rlIcrccrte
559 909 662 985 pacta
684 900 878 982 Lucrucdcu,
902 902 978 967 ruiti

449 1003 620 1088 Castaequc
642 1003 823 1068 dumumuru
845 1005 1009 1070 Murcus

494 1104 571 1170 Cum
587 1104 709 1191 populo
732 1115 761 1169 ct
784 1105 861 1170 ducc
871 1105 1115 1194 fraudulento!

400 1211 472 1273 Iura
494 1230 550 1273 uec
570 1210 739 1273 Lacaeuue
761 1207 904 1292 splendet
926 1209 1089 1274 adulterae

403 1313 553 1376 quenis
574 1311 702 1396 hospes,
727 1332 782 1374 uec
804 1312 934 1376 Priami
955 1312 1064 1377 clauus

444 1417 587 1480 Periuru
604 1435 767 1501 puuuuccs
791 1413 924 1480 Achiuos

222 1610 387 1675 συνεφύλαξε,
401 1608 525 1675 καὶμέχρι
540 1610 590 1656 νῦν
602 1605 769 1672 συμμένουσιν
809 1608 835 1654 2.
859 1608 899 1658 37.
933 1621 978 1655 nec
1008 1606 1088 1654 minor
1119 1621 1238 1655 venerum
1264 1605 1359 1655 arbiter

222 1689 250 1738 ἐν
267 1688 374 1746 τούτοις.
408 1688 517 1736 Videtur
537 1687 598 1735 haec
619 1686 697 1734 oratio
716 1699 769 1732 esse
809 1685 894 1736 Heins¹
921 1687 951 1733 ad
979 1686 1112 1736 Claudian.
1138 1686 1174 1734 II.
1207 1684 1268 1735 Ruf.
1293 1687 1358 1734 402:

221 1767 355 1828 composita
376 1767 406 1815 ab
427 1766 564 1828 antiquiore
580 1763 663 1826 aliquo
680 1765 768 1814 Gram·
809 1779 875 1812 nunc
891 1771 975 1826 autem
991 1767 1086 1828 ineptos
1102 1765 1214 1813 homines
1230 1763 1360 1812 fulciendo

222 1846 323 1902 matico,
350 1845 392 1907 qui
414 1847 478 1894 lecta
494 1844 605 1893 oratione
621 1843 714 1905 Reguli
735 1843 767 1890 si·
810 1845 893 1892 versui
909 1845 1006 1892 easdem
1023 1859 1095 1907 saepe
1111 1858 1182 1892 voces
1198 1844 1288 1892 iterare
1306 1857 1358 1890 non

222 1924 282 1973 mile
299 1923 392 1985 aliquid
410 1930 506 1972 tentare
523 1922 613 1971 voluit:
634 1923 660 1970 in
677 1937 727 1984 qua
743 1938 769 1971 re
809 1921 861 1969 sine
878 1923 928 1970 n'su
945 1923 1080 1971 uidemus.''
1102 1922 1171 1971 Haec
1187 1923 1358 1970 Burmannus

222 2004 337 2066 exempla
357 2003 508 2066 praebebant
529 2002 666 2058 Homerus,
683 2002 769 2063 Virgi-
809 2001 910 2049 Accidit
925 2003 1083 2058 Burmanno,
1104 2001 1171 2064 quod
1191 2000 1277 2048 multis
1293 2000 1359 2048 acci·

221 2081 283 2139 lius,
301 2081 356 2139 alii,
381 2081 447 2143 apud
467 2093 528 2142 quos
544 2080 640 2127 multae
656 2081 768 2128 Deorum
810 2080 853 2128 dit.
887 2079 999 2143 Culpant
1017 2080 1043 2128 in
1061 2080 1200 2129 hominibus
1216 2079 1359 2127 recentiori-

221 2160 344 2207 orationes
369 2159 539 2207 inveniuntur.
581 2158 616 2205 Et
643 2164 696 2205 erat
722 2159 768 2207 hoc
810 2159 864 2218 bus,
873 2161 938 2222 quod
951 2161 1071 2223 patienter
1083 2159 1190 2208 tolerant
1203 2159 1227 2206 in
1241 2157 1359 2220 antiquis.

222 2253 293 2301 saepe
305 2245 483 2301 argumentum
496 2237 768 2288 Grammaticorum.
842 2241 887 2287 Ea
908 2254 955 2301 quc
975 2241 1091 2288 destituit
1115 2241 1186 2287 Deos.
1219 2236 1361 2300 Impeditns

221 2333 242 2366 c.
268 2318 347 2367 Verba
369 2318 479 2366 [unuin.
521 2317 592 2374 Quid
612 2317 680 2364 Iano
700 2318 769 2364 diac·
810 2318 941 2365 verborum
966 2316 1038 2375 ordo,
1063 2317 1162 2378 qualem
1187 2315 1309 2364 Horatius
1334 2322 1360 2364 et

219 2400 265 2455 rit,
274 2400 382 2447 Romulo
392 2399 420 2445 iu
430 2398 524 2446 coelruu
534 2401 640 2458 recepto.
658 2394 768 2457 August.
810 2396 867 2444 boni
884 2396 1013 2457 scriptores
1031 2397 1137 2444 studiose
1153 2395 1255 2443 evitant.
1276 2394 1359 2442 Iudex

220 2477 331 2526 Confess.
356 2476 392 2524 Π.
420 2476 457 2526 17.
502 2477 539 2523 Ut
563 2477 670 2524 dicerent
694 2476 768 2522 uerba
810 2476 899 2523 evertit
915 2475 1002 2534 Ilium,
1020 2476 1165 2524 damnatum
1182 2473 1252 2530 mihi,
1265 2487 1297 2521 ex
1310 2488 1361 2535 quo

220 2559 327 2605 Iunonis
343 2555 477 2604 irascentis
487 2556 634 2607 attolentia,
645 2555 710 2615 quod
720 2567 770 2600 nou
810 2554 950 2602 Laomedon
967 2554 1083 2602 destituit.
1117 2554 1153 2602 Et
1172 2567 1218 2600 cur
1233 2552 1300 2600 Iuno
1317 2566 1360 2614 po·

219 2641 303 2696 posset
320 2636 405 2683 Italia
427 2635 581 2681 Teucrorum
598 2637 711 2681 cautere
732 2647 769 2678 re·
810 2633 932 2681 tissimum
949 2638 974 2681 et
990 2633 1105 2682 Minerva
1123 2632 1237 2680 fraudem
1254 2632 1361 2680 Laome-

220 2729 273 2775 pem
290 2728 325 2775 sq.
811 2713 891 2761 dontis
909 2713 1076 2761 detestantur?
1109 2711 1206 2759 Iniuria
1220 2710 1362 2773 pertinebat

254 2793 324 2839 Ilion
342 2793 419 2839 Ilion.
454 2790 520 2837 Iuno
536 2789 607 2836 dicit:
629 2787 769 2848 “Quoniam
810 2793 842 2840 ad
859 2792 1004 2855 Apollinem
1021 2797 1046 2838 et
1057 2791 1211 2852 Neptunum.
1228 2791 1264 2838 Et
1275 2796 1361 2838 tamen

222 2870 274 2917 voti
293 2870 342 2918 mei
366 2883 464 2930 compos
485 2868 551 2915 facta
573 2881 629 2914 sum
653 2873 678 2914 et
694 2867 771 2914 Troia
811 2872 905 2934 Apollo
921 2885 966 2934 pro
983 2869 1061 2918 Troia
1076 2869 1164 2916 stabat.
1198 2867 1294 2918 Caussa
1310 2869 1362 2917 odii

222 2954 259 2996 cst
276 2947 367 3005 deleta,
384 2947 468 2994 veniat
484 2946 533 2994 huc
549 2944 680 2994 Romulus.
714 2946 770 2994 Iam
811 2949 913 2998 Iunonis
930 2949 1009 3011 vulgo
1025 2955 1062 2996 est
1078 2954 1180 3010 spretae
1196 2948 1362 3011 iniuriafor·

222 3028 247 3074 in
273 3027 380 3090 simplici
404 3026 449 3075 illa
470 3025 700 3074 commemoratione
721 3025 770 3083 rei,
812 3045 878 3086 inae,
903 3035 928 3078 et
948 3028 1015 3091 quod
1035 3027 1128 3076 sciebat
1149 3027 1271 3077 Troianos
1287 3027 1363 3090 origi-
1445 3037 1448 3042 '

222 3121 286 3170 quae
312 3105 416 3162 accidit,
445 3106 526 3154 inanis
555 3111 592 3154 est
621 3104 771 3167 anadiplosis
812 3118 869 3151 nem
888 3104 989 3155 daturos
1005 3107 1131 3156 Romanis.

157 3202 159 3205 ·
223 3188 292 3234 Ilion
308 3188 384 3234 Ilion.
418 3185 561 3233 Laudarem
584 3184 605 3232 si
621 3184 698 3240 Iuno,
715 3198 770 3246 gra·
847 3184 1142 3249 Cottaequedumuatum
1153 3185 1292 3235 Minervae.
1310 3184 1362 3235 Ob-

223 3264 287 3313 viter
308 3265 391 3312 animo
411 3270 550 3322 commota,
576 3264 617 3312 vel
638 3265 778 3323 miserans2
813 3277 914 3312 scurum
923 3273 947 3313 et
956 3266 1102 3328 ambiguum
1114 3267 1139 3314 in
1148 3265 1255 3314 circuitu
1266 3263 1363 3327 periodi

223 3343 288 3391 Ilion
312 3344 495 3406 alloqueretur:
525 3351 554 3392 ut
578 3345 664 3407 Eurip.
690 3342 771 3393 Orest.
813 3345 863 3392 iam
884 3345 980 3393 notavit
996 3345 1132 3394 Bentleius.
1164 3346 1234 3407 Ergo
1253 3345 1364 3393 conexit

226 3424 295 3472 1381.
324 3422 421 3485 Ἴλιον,
443 3422 574 3486 Ἰλιον,ὦ
604 3424 646 3487 μοί
666 3441 709 3488 μοι
729 3422 772 3482 Ὡς
813 3425 973 3482 damnatam,
990 3431 1018 3472 ut
1034 3423 1127 3472 clarius
1144 3423 1175 3470 ad
1192 3425 1266 3472 Ilion
1278 3429 1364 3486 posset

224 3501 246 3549 σ’
263 3501 390 3565 ὀλομέναν
404 3500 494 3551 στένω.
528 3503 656 3566 Aristoph.
674 3502 772 3551 Achar-
813 3499 904 3549 referri.
926 3502 961 3550 Et
973 3501 1007 3549 sic
1018 3508 1104 3550 auctor
1117 3500 1222 3549 scribere
1233 3500 1362 3550 debuerat.

223 3597 304 3630 nens:
321 3583 340 3629 ὦ
359 3582 445 3643 πόλις,
464 3583 549 3640 πόλις.
579 3585 678 3633 Terent.
687 3584 770 3632 Andr.
847 3582 967 3629 Facturus
990 3583 1083 3643 hospes.
1120 3580 1239 3629 Amarior
1263 3579 1363 3639 Itonia,

224 3661 245 3708 I.
264 3662 288 3709 5.
313 3661 352 3712 47.
390 3659 486 3708 Memor
503 3662 598 3709 esseut?
629 3663 772 3724 OMynis,
814 3659 834 3705 si
860 3659 984 3720 legeretur
1004 3659 1149 3723 sarusar,
1173 3659 1248 3721 idque
1272 3659 1364 3708 melius

225 3741 323 3802 Musis,
341 3741 418 3788 etium
436 3755 503 3788 urcuc
519 3741 581 3788 ruiti
603 3742 708 3802 Scripta
725 3743 772 3790 illa
813 3738 943 3800 &Spondet
967 3738 1041 3786 verbo
1056 3738 1150 3800 sulcet.
1184 3738 1296 3786 Alcman
1315 3757 1362 3788 κα·

223 3823 293 3868 dicta
309 3825 370 3868 suut
387 3820 415 3866 iu
428 3820 511 3867 anirnc
527 3820 667 3882 Chrysidis.
683 3820 771 3869 Valet.
813 3817 925 3882 λὸπαριν
948 3817 1064 3880 appellat.
1096 3815 1169 3866 Ouid.
1195 3817 1274 3867 XIII.
1307 3818 1361 3866 He·

223 3898 306 3947 Flacc.
328 3897 391 3946 VII.
414 3898 454 3945 44.
478 3914 562 3960 uaeque
579 3905 639 3947 urite
655 3900 718 3947 alias
735 3901 772 3947 sic
814 3896 877 3944 roid.
885 3897 925 3944 43.
961 3899 1023 3944 Dua
1033 3896 1109 3954 Pari,
1119 3897 1260 3953 Priamide,
1271 3899 1364 3946 darum

223 3980 346 4038 upreauit
369 3993 433 4032 uua,
465 3979 523 4025 Uun
539 3980 620 4026 rutis?
652 3978 692 4026 Ibi
708 3978 771 4026 Bur·
807 3977 919 4038 fornrose
933 3986 1039 4025 taurana.
1061 3974 1185 4025 Iudicium
1197 3975 1297 4023 Paridis
1309 3976 1365 4025 alta

223 4071 308 4105 rnann.
334 4057 475 4106 annotavit:
501 4061 580 4119 “quae
604 4057 772 4121 ropetitmnes,
813 4054 851 4103 illi
869 4062 951 4103 mento
967 4061 1091 4117 repostum
1108 4055 1230 4103 manebat.
1255 4055 1364 4104 Excidio

223 4151 266 4184 suo
283 4137 337 4184 loco
353 4139 453 4200 positae,
469 4137 520 4184 vim
538 4151 656 4200 magnam
673 4137 772 4194 habent,
814 4141 896 4182 tamen
913 4134 1003 4183 Troiae
1019 4133 1107 4183 laetari
1122 4134 1234 4184 debebat.

223 4217 253 4263 de
278 4217 366 4278 quibus
391 4217 489 4279 egregie
513 4217 620 4279 optimus
642 4218 770 4280 poetarum
846 4217 966 4262 Periuru.
1005 4215 1061 4263 Iam
1086 4229 1161 4277 supra
1185 4215 1282 4262 dixerat
1306 4231 1364 4265 carn

224 4296 342 4357 interpres
359 4294 534 4344 Broukhusius
548 4296 579 4342 ad
591 4295 705 4358 Propert.
719 4295 768 4343 111.
812 4296 902 4357 pupillo
919 4300 943 4342 et
959 4296 1020 4342 dirce
1028 4293 1204 4355 flarcdnlento.
