2916 5220
577 304 752 369 LIBER
801 307 824 369 1.

306 486 382 551 Non
406 487 614 565 Laertiaden,
641 491 780 555 exitium
807 497 882 557 tuae

309 591 446 674 Gentis,
472 614 537 657 non
561 594 694 677 Pylium
719 595 858 661 Nestora
880 598 1035 683 respicis?

306 695 459 779 Urguent
481 695 640 781 impavidi
665 703 697 763 te
722 698 921 765 Salaminius
946 694 957 722 '

350 799 484 881 Teucer,
509 804 543 864 te
567 799 742 866 Sthenelus
769 802 873 867 sciens

307 904 459 987 Pugnae,
485 902 553 968 sive
577 925 658 988 opus
682 909 733 969 est
756 904 942 989 imperitare
965 906 1074 991 equis,

305 1005 381 1070 Non
404 1004 520 1089 auriga
541 1004 642 1090 piger.
678 1005 847 1071 Merionen
871 1029 998 1092 quoque

306 1107 439 1172 Nosces.
487 1107 571 1172 Ecce
595 1107 675 1172 furit
699 1112 732 1173 te
754 1109 893 1194 reperire
916 1115 1009 1174 atrox

349 1209 505 1294 Tydides,
530 1211 645 1275 melior
667 1216 773 1296 patre:

309 1314 413 1394 Quem
437 1318 491 1396 tu,
517 1336 630 1378 cervus
654 1314 705 1379 uti
727 1315 823 1380 vallis
848 1315 882 1378 in
907 1315 1010 1380 altera

308 1417 427 1481 Visum
449 1421 542 1501 parte
565 1416 681 1501 lupum
705 1414 864 1502 graminis
888 1418 1075 1499 immemor,

308 1519 449 1585 Sublimi
473 1519 580 1603 fugies
604 1520 715 1586 mollis
739 1520 904 1603 anhelitu,

347 1624 423 1687 Non
446 1624 507 1687 hoc
529 1623 697 1708 pollicitus
721 1628 805 1689 tuae.

303 1725 468 1790 Irccaadc
488 1725 570 1789 diem
590 1724 737 1810 proferet
756 1726 820 1791 Ilio

304 1830 522 1912 Matronisqua
542 1827 705 1914 Plrppum
725 1828 837 1893 classis
857 1829 1009 1894 Asiatici:

125 2016 150 2061 in
177 2011 254 2062 MSS.
281 2011 354 2060 Voss.
382 2010 474 2074 legitur
495 2012 587 2060 cultus.
623 2010 672 2060 Sed
714 2013 813 2060 nostro?
830 2010 939 2060 Gravius
956 2013 1003 2060 boc
1017 2020 1152 2077 est,quam
1165 2016 1260 2063 nonin-

125 2092 193 2140 uotio
217 2091 322 2138 crinium
347 2090 449 2153 pulvere
474 2091 615 2139 collircrum
637 2089 672 2150 (in
712 2092 812 2152 peraruit.
830 2091 869 2138 Ibi
885 2092 911 2138 in
921 2091 997 2142 MSS.
1011 2093 1111 2141 eaedem
1121 2107 1192 2142 voces
1209 2101 1260 2141 tur-

125 2185 176 2233 quo
196 2170 272 2218 verbo
293 2169 367 2217 simul
388 2171 492 2230 sanquis
512 2168 672 2232 intelligitur,
714 2168 786 2217 batac
802 2176 869 2218 sunt.

123 2265 184 2298 narn
205 2249 288 2312 pulvis
309 2248 376 2295 solus
397 2261 447 2294 non
468 2248 564 2296 collinit
584 2249 671 2310 crines)
746 2249 865 2296 Eritium
889 2255 948 2298 tuae
974 2252 1070 2299 0111111.
1105 2252 1161 2300 Alii
1184 2255 1260 2314 penti

125 2329 207 2392 magis
222 2329 336 2376 convenit
361 2340 419 2374 cum
439 2326 548 2388 imagine
567 2327 672 2375 morien-
714 2324 873 2389 Oudendorp.
890 2330 970 2390 magis
990 2344 1050 2377 vero
1071 2329 1151 2378 simile
1175 2336 1259 2392 putat,

125 2409 188 2456 tium
206 2406 271 2469 apud
288 2405 427 2452 Homerum
444 2410 468 2452 ct
484 2418 570 2452 omnes
580 2405 672 2466 poetas.
713 2404 827 2452 librarios
843 2411 952 2454 mutasse
968 2410 1037 2468 periti
1047 2408 1072 2454 in
1083 2410 1172 2469 ccctis,
1183 2424 1260 2471 quam

125 2487 160 2534 Et
180 2487 201 2533 si
221 2485 294 2532 Paris
316 2484 342 2530 in
364 2483 487 2545 proelium
507 2484 566 2542 iret,
587 2484 672 2532 cultus
713 2490 805 2532 contra.
823 2482 879 2546 Ipse
896 2484 981 2547 paucis
998 2498 1053 2532 cam
1066 2498 1118 2531 rcm
1135 2486 1216 2547 attigit
1229 2487 1260 2533 ad

125 2564 184 2612 istos
201 2563 350 2626 deponebat,
368 2576 454 2624 sequa,
472 2569 501 2610 111
521 2562 575 2620 alii,
592 2579 671 2612 arma-
713 2562 762 2610 Iul.
777 2561 866 2627 Obseq.
880 2564 911 2611 de
921 2562 1045 2624 Prodigiis
1056 2577 1112 2624 pag.
1126 2563 1164 2610 93.
1183 2563 1259 2612 Vidd.

125 2641 176 2690 bat.
194 2643 271 2691 Alius
287 2647 341 2689 erat
358 2641 384 2688 in
401 2641 479 2697 bello,
497 2641 560 2689 alius
576 2643 602 2690 in
619 2644 671 2691 tha·
713 2640 838 2704 interpret.
860 2642 892 2689 ad
915 2641 960 2690 Sil.
979 2640 1037 2689 Ital.
1054 2641 1088 2689 V.
1107 2642 1164 2689 360.
1194 2645 1259 2690 Eri-

125 2721 201 2770 lamo.
226 2722 284 2770 Vid.
302 2721 405 2769 Homer.
431 2720 503 2768 Iliad.
526 2725 552 2768 Γ.
574 2721 630 2768 330.
648 2728 673 2769 et
714 2722 777 2767 111111
794 2723 912 2784 trepida,
930 2723 1020 2783 letique
1037 2727 1061 2769 ct
1078 2722 1172 2782 strapis
1189 2736 1258 2769 acer·

125 2802 182 2850 391.
199 2801 314 2864 Denique
331 2806 442 2848 extremo
459 2805 568 2862 tempore
584 2798 672 2847 fortem
713 2800 756 2847 bae
767 2800 867 2848 Caussa
885 2800 1005 2848 sichaeus
1022 2805 1085 2847 erut.
1102 2800 1142 2848 De
1154 2801 1260 2848 1111111111

123 2893 151 2927 se
169 2880 255 2942 gessit,
271 2880 346 2942 inque
363 2879 415 2927 acie
432 2892 517 2926 caesus
533 2885 577 2927 cst.
599 2878 671 2928 Conf.
712 2881 737 2924 et
745 2879 869 2925 excidium
876 2877 925 2925 vid.
934 2877 1063 2926 Drakenb.
1075 2878 1169 2927 adLiv.
1179 2879 1213 2928 V.
1222 2881 1259 2928 18.

124 2958 198 3020 Virg.
204 2957 240 3005 ΙΙ.
250 2958 314 3007 Aen.
320 2958 377 3008 272.
390 2963 492 3019 aterque
500 2960 672 3006 craenroPul-
750 2957 832 3004 Vallis
845 2958 872 3004 in
885 2958 967 3005 altera
983 2959 1071 3005 Visum
1081 2963 1156 3018 parte
1164 2959 1259 3020 lupum.

124 3051 187 3084 cere.
199 3037 305 3085 Euman.
315 3036 442 3099 Panegyr.
449 3035 586 3084 Constantii
595 3036 671 3085 XVI.
713 3033 807 3081 Dubito
824 3049 855 3082 111
873 3035 934 3084 hacc
951 3036 982 3082 sit
999 3050 1059 3083 vora
1069 3035 1148 3084 lectio.
1168 3040 1260 3086 Altera

125 3115 146 3161 I
145 3114 182 3161 lla
198 3116 319 3169 barbara,
330 3119 378 3162 1111
387 3115 527 3162 abitatione
538 3117 673 3164 barbariae
712 3127 775 3172 part
791 3116 873 3171 1111111,
890 3114 1002 3176 pedestre
1014 3120 1062 3171 est,
1075 3115 1258 3164 concedendurn

124 3193 183 3240 olim
200 3194 271 3240 cultu
287 3194 364 3241 vestis
385 3199 410 3240 et
429 3193 529 3253 prolixo
544 3195 613 3242 crine
629 3209 671 3241 ru-
713 3189 851 3239 Prudentio
877 3193 966 3241 Perist.
992 3192 1026 3240 X.
1047 3193 1105 3242 846.
1132 3200 1161 3241 at
1185 3202 1260 3257 parte
1351 3190 1354 3195 ’

124 3271 243 3331 tiliaciis,
261 3276 321 3319 tanc
337 3286 395 3320 cero
414 3272 518 3333 puluere
539 3276 564 3318 et
585 3286 673 3321 cruere
713 3273 795 3332 corripi
812 3287 843 3319 ea
860 3275 949 3321 altera.
985 3271 1113 3321 Sententia
1133 3280 1181 3330 est,
1198 3290 1258 3337 qua-

117 3347 227 3411 soedata
240 3347 360 3412 (corpora)
369 3351 510 3399 tacueram.
537 3349 588 3398 Ubi
604 3350 671 3413 lege:
713 3347 763 3396 lem
780 3349 867 3397 melius
878 3349 998 3411 expressit
1010 3347 1083 3398 Ovid.
1095 3350 1130 3398 11.
1148 3350 1223 3400 Pont.
1234 3353 1257 3403 7.

124 3428 251 3487 11111111
272 3430 382 3476 barbara
402 3442 438 3491 sq.
464 3427 543 3490 quue
563 3443 577 3476 e
594 3428 671 3478 MSS.
714 3429 794 3490 Saepe
810 3445 896 3480 canem
913 3431 981 3491 longe
997 3431 1078 3477 msam
1089 3428 1164 3491 fucit
1185 3444 1258 3492 apae.

124 3506 151 3552 in
184 3521 234 3568 quo
264 3505 392 3554 Livineius
422 3506 479 3554 dicit
506 3506 592 3555 scribi:
626 3510 673 3556 Ita
713 3505 762 3566 Qui
779 3507 848 3555 locus
869 3509 971 3556 ridicule
992 3508 1106 3556 scribitur
1130 3507 1156 3555 in
1174 3507 1258 3557 Carm.

124 3587 179 3633 illa.
712 3584 850 3635 Hildeberti
857 3603 914 3649 pag.
927 3589 996 3636 1349.
1010 3589 1089 3650 Saepe
1097 3603 1182 3636 canem
1191 3590 1260 3650 longe

160 3664 218 3711 Non
235 3663 397 3712 Lairticdcn.
420 3662 474 3711 Alii
491 3678 564 3723 aum,
582 3663 671 3711 utedi-
713 3666 794 3713 aarum
803 3666 878 3729 sapit
896 3671 979 3716 Anac.
1009 3668 1103 3716 Totum
1119 3668 1186 3715 Istud
1203 3667 1258 3714 Hil-

125 3743 162 3789 dit
186 3741 244 3790 Fea.
274 3742 362 3804 Atque
387 3741 434 3788 hoc
455 3740 544 3788 melius
565 3740 671 3788 videtur.
713 3743 806 3793 deberti
827 3760 927 3794 carmen
949 3761 980 3795 ex
999 3746 1125 3797 Ouidianis
1147 3745 1258 3794 versibus

126 3822 197 3869 Nam
213 3822 331 3883 respiat?
348 3819 406 3866 Non
423 3820 489 3867 vidos
500 3825 556 3882 post
573 3826 672 3882 tergum
712 3823 847 3871 conflatum
855 3832 898 3873 est.
910 3826 978 3874 Dicit
986 3832 1069 3873 autem
1078 3824 1182 3875 Ovidius
1191 3826 1259 3887 lonqe
1342 3879 1347 3885 ⁸

125 3899 170 3948 tibi
186 3899 290 3957 instare,
306 3907 331 3947 et
342 3899 476 3962 perniciem
488 3899 570 3947 moliri
578 3899 673 3962 patriae
713 3903 805 3959 11111111,
822 3917 873 3951 non
882 3905 1035 3967 longefacit,
1048 3910 1077 3951 111
1086 3903 1178 3965 accepit
1190 3901 1256 3952 Can-

125 3984 184 4026 tuae
202 3977 319 4041 Ulyssem
337 3985 362 4026 et
377 3978 523 4026 Nestorem?
540 3978 609 4026 Haec
622 3993 672 4026 uon
713 3981 822 4043 negieter
838 3983 870 4028 ad
887 3982 979 4030 Avian.
998 3980 1046 4028 fab.
1065 3981 1142 4029 XIII.

125 4057 223 4120 proprie
243 4057 387 4121 depugna,
405 4058 447 4106 sed
467 4058 588 4107 translate
608 4059 672 4106 acci-
748 4061 879 4108 Iracundo
896 4061 960 4108 diem
980 4059 1094 4122 proferet
1114 4062 1173 4108 Ilio.
1208 4059 1257 4109 Nc·

124 4136 215 4198 pienda
231 4143 300 4194 sunt,
314 4137 344 4185 de
353 4137 411 4185 dolo
427 4143 452 4186 et
468 4138 574 4185 consiliis
583 4138 671 4185 utrius·
713 4152 771 4186 reus
791 4139 838 4186 hoc
858 4137 1000 4186 vaticinium
1021 4138 1067 4185 soli
1084 4138 1170 4186 Paridi
1188 4139 1256 4187 dixit.

124 4228 173 4276 que
192 4213 287 4263 Gracci.
321 4215 390 4263 Num
408 4215 520 4278 respicis?
538 4224 566 4264 ut
579 4217 671 4280 Virgil.
713 4219 817 4281 Iamque
834 4218 891 4266 satis
908 4217 1070 4276 indicaverat,
1087 4218 1189 4267 Troiam
1206 4234 1258 4269 esse

125 4293 173 4342 IV.
196 4293 261 4342 Aen.
284 4294 340 4341 369.
375 4295 445 4343 Num
462 4295 531 4356 fletu
550 4297 672 4358 ingemuit
714 4298 857 4360 perituram.
891 4296 943 4344 Ista
960 4311 1030 4345 vero:
1051 4299 1121 4360 [piris
1142 4306 1199 4349 aret
1217 4302 1257 4348 clo·
