2916 5220
162 310 226 372 aar
573 304 599 367 Ε
623 304 649 367 P
673 305 701 366 0
729 305 755 367 l)
780 304 808 365 0
832 304 864 368 N

249 491 313 557 Ubi
339 491 417 555 haee
435 513 564 555 severus
591 500 623 555 te
648 491 760 576 palam
785 489 1009 573 laudaveram,

294 595 407 659 Iussus
432 594 520 658 abire
545 594 697 675 alonium,
723 592 847 657 ferebar
870 592 994 657 incerto
1018 593 1100 678 pede

247 698 301 761 Ad
322 719 388 761 non
412 697 555 777 amieos,
581 697 661 760 lieu!
686 696 767 760 mihi
792 701 902 780 postes
927 701 977 779 et,
995 696 1076 761 heu!

294 800 425 864 Limina
448 800 546 882 dura,
572 800 690 884 quibus
714 800 844 863 lumbos
868 806 902 863 et
926 799 1044 884 infregi
1068 801 1167 865 latus.

248 903 345 968 Nunc
368 903 542 988 gloriantis
567 903 749 987 quamlibet
771 902 1003 967 mulierculam

292 1006 429 1071 Vincere
453 1005 596 1070 mollitia
622 1027 713 1070 amor
736 1005 865 1090 Lycisci
888 1028 941 1070 me
966 1010 1075 1088 tenet,

252 1109 349 1174 Unde
373 1109 526 1193 expedire
550 1130 614 1172 non
639 1108 819 1173 amicorum
843 1115 966 1194 queant

293 1212 409 1277 Libera
432 1212 572 1277 consilia
601 1235 660 1278 nec
685 1213 905 1278 contumeliae
928 1235 1060 1298 gravem

252 1316 314 1380 Sed
338 1315 423 1380 alius
447 1316 542 1380 ardor
565 1321 623 1380 aut
645 1316 775 1400 puellae
799 1316 957 1381 candidae

291 1420 362 1482 Aut
386 1419 497 1484 teretis
520 1418 614 1504 pueri
638 1419 772 1504 longam
797 1419 985 1484 renodantis
1010 1440 1148 1484 comam.

159 1611 215 1676 ῥεεν
231 1612 315 1661 εἴδατα
338 1612 435 1661 πάντα.
463 1615 588 1675 [afflatae
610 1627 648 1661 res
670 1612 706 1659 di·
753 1613 826 1669 velit,
855 1612 1005 1660 destinatum
1039 1611 1127 1669 habet,
1154 1611 1196 1659 vel
1221 1613 1301 1660 nevit.

159 1697 263 1749 cuntur,
290 1706 354 1754 quae
379 1691 458 1739 labori
483 1697 567 1738 nostro
590 1706 640 1740 non
666 1707 704 1740 rc·
730 1704 733 1769 2
753 1691 825 1741 Orid.
843 1691 895 1741 III.
920 1692 1024 1740 Metam.
1047 1685 1107 1741 '17:5.
1137 1693 1195 1739 Per
1215 1705 1303 1738 nemus

159 1770 293 1832 spondent,
321 1770 413 1817 frustra
437 1785 452 1816 a
479 1769 548 1818 nobis
570 1776 706 1831 susceptae.
752 1773 862 1832 ὶῃηοτααι
888 1787 937 1819 non
961 1772 1038 1817 certa
1061 1770 1180 1830 passibus
1204 1783 1300 1816 mana.

160 1849 246 1897 Plaut.
265 1848 338 1897 Asin.
356 1849 377 1896 Ι,
395 1849 419 1895 2.
440 1848 477 1896 10.
504 1850 615 1909 Inprota
632 1853 708 1910 atque
730 1836 732 1881 l
752 1849 851 1898 Plinius
880 1849 928 1898 VI.
956 1848 1036 1910 Epist.
1061 1849 1085 1895 5.
1121 1848 1165 1894 Ad
1189 1849 1301 1895 diaetam

159 1929 239 1975 irrita
262 1942 314 1975 ease
329 1929 415 1976 omnia
435 1927 554 1988 intelligia.
589 1925 707 1974 Catullus
730 1928 732 1949 ¹
752 1936 824 1978 taam
841 1932 893 1992 ipsi
908 1945 958 1989 me,
984 1935 1013 1976 ut
1038 1929 1170 1976 verissime
1192 1927 1299 1981 dieitur,

159 2007 244 2057 Germ.
255 2005 384 2056 LXXIII.
405 2007 500 2054 Ornnio
517 2010 574 2053 sunt
591 2007 708 2068 inprata:
729 2004 732 2059 l
750 2011 824 2072 pedes
850 2010 953 2057 ducunt.
995 2007 1040 2055 Ad
1064 2005 1215 2054 sententiam
1242 2003 1301 2051 facit

160 2087 225 2135 arihel
235 2086 330 2147 secisse
346 2085 447 2146 benique
463 2090 506 2132 eat.
730 2076 824 2150 {poeta
848 2087 874 2134 in
900 2086 1007 2135 Anthol.
1034 2084 1131 2132 Iacobs.
1158 2099 1216 2146 pag.
1246 2083 1300 2130 161.

192 2167 286 2213 Iussus
303 2167 373 2213 ubire
390 2167 497 2213 doraum.
524 2165 558 2213 Et
575 2165 622 2212 hoc
639 2179 707 2212 nunc
747 2165 847 2231 Ὠμοσα
873 2166 921 2230 γὰρ
946 2163 1097 2226 λυκάβαντα
1118 2161 1206 2226 μένειν
1228 2162 1300 2210 ἀπά-

160 2259 193 2293 ex
210 2244 332 2306 superiori
348 2244 550 2304 interpretatione
568 2243 658 2291 rectius
671 2243 706 2290 in·
752 2245 842 2292 νευὲεν
859 2244 963 2302 ἐκείνης.
979 2240 1010 2290 Ὦ
1030 2242 1120 2290 πόποι·
1139 2240 1200 2289 ἀλλ’
1219 2240 1301 2300 ἱκέτης

161 2323 294 2385 relligitur.
329 2323 449 2379 Amicus,
466 2323 507 2369 cui
524 2324 706 2385 imploraverat,
752 2322 850 2386 πρώϊας
867 2321 943 2378 εὐθὺς
960 2320 1034 2383 ἔβην.

160 2402 268 2450 dicebat:
287 2401 409 2449 “Praesta
417 2407 442 2448 te
451 2401 603 2457 virum‚nec
616 2415 731 2467 quaere¹
785 2402 881 2448 Postea
924 2398 1010 2447 Unum
1040 2397 1097 2447 MS.
1131 2397 1212 2446 facete
1246 2412 1300 2459 pes·

161 2481 251 2528 solatia
267 2480 292 2528 in
310 2480 429 2527 conviviis
447 2496 462 2528 a
478 2481 550 2541 vino,
576 2481 619 2528 sed
641 2481 707 2530 domi
729 2474 732 2511 ¹
752 2485 796 2527 tea.

160 2564 185 2605 et
203 2573 218 2604 a
234 2557 374 2604 constantia
391 2557 458 2605 tua.''
785 2559 836 2607 Sed
846 2559 913 2604 alius
927 2558 1013 2604 ardor.
1040 2555 1146 2602 Hieron.
1165 2554 1248 2617 Epist.
1260 2556 1301 2603 95.

195 2638 304 2684 Ferebnr
320 2640 415 2686 incerto
430 2639 493 2699 pede
534 2641 637 2689 Incerto
646 2643 709 2702 pede
753 2637 903 2697 Philosophi
919 2635 1015 2683 saeculi
1032 2635 1113 2682 soleret
1134 2649 1245 2682 canorem
1263 2651 1301 2682 ae-

161 2715 248 2770 fertur,
266 2716 309 2776 qui
326 2715 374 2762 huc
391 2716 452 2764 illuc
469 2724 561 2765 temere
582 2719 633 2766 sine
651 2734 707 2767 con·
752 2723 829 2765 terem
846 2729 930 2762 errrore
946 2728 1019 2771 erere,
1030 2714 1210 2774 quasielauam
1222 2715 1300 2771 clareo,

160 2793 216 2840 silio
240 2794 350 2852 oberrat,
377 2809 457 2856 neque
479 2811 573 2852 seeum,
600 2812 650 2859 quo
672 2798 707 2845 ire
752 2795 880 2856 erpellere.

656 2962 820 2990 -οοο-

552 3114 800 3179 OARMEN
844 3115 922 3180 ΧΠ.

251 3252 346 3334 Quid
370 3267 431 3331 tibi
455 3268 521 3350 vis,
546 3267 681 3348 mulier,
712 3267 815 3351 nigris
840 3268 1037 3353 dignissima
1060 3270 1183 3335 barris!

297 3371 433 3435 Munera
457 3394 513 3436 cur
537 3371 637 3453 mihi,
663 3370 782 3454 quidve
806 3371 945 3437 tabellas

251 3474 377 3557 Mittis,
403 3498 461 3539 nee
484 3476 578 3539 firmo
602 3474 711 3539 iuveni
735 3496 840 3560 neque
863 3476 951 3541 naris
976 3478 1117 3542 obesae?

296 3577 447 3661 Namque
472 3578 620 3661 sagacius
645 3599 730 3641 uuus
755 3578 885 3660 odoror,

315 3756 468 3806 CARMEN
488 3757 551 3806 xpp
745 3730 849 3778 Ruhnk.
876 3732 907 3779 ad
930 3733 1030 3780 Terent.
1057 3731 1139 3780 Andr.
1163 3732 1200 3779 ΙΙ.
1228 3734 1251 3780 3,
1278 3735 1300 3782 l,

746 3809 813 3856 Hinc
831 3811 894 3859 aliae
907 3811 1110 3874 significationes:
1128 3812 1206 3858 sotier'
1219 3827 1300 3860 sanus

199 3851 284 3961 Quid
301 3888 347 3935 tibi
359 3889 402 3935 vis.
413 3886 497 3934 Plaut.
507 3887 561 3935 Mil.
575 3887 645 3936 Glor.
656 3888 704 3936 1v.
746 3903 783 3944 es,
807 3891 873 3938 niihil
892 3891 1018 3953 perficies,
1045 3890 1118 3938 facile
1143 3890 1299 3940 derivantur.

161 3967 200 4013 53.
222 3967 292 4022 Qeaid
308 3981 374 4014 siurac
392 3967 437 4014 tibi
454 3968 503 4021 cis,
516 3968 621 4014 viridior?
639 3967 706 4013 Nota
749 3966 800 4015 Pro
814 3970 898 4017 burris
914 3969 1041 4031 Geganius
1058 3969 1198 4018 Praeterm.
1214 3985 1238 4032 p.
1257 3972 1299 4019 35.

159 4052 196 4091 cst
215 4044 330 4092 formula.
365 4044 414 4093 Sed
432 4058 480 4091 non
507 4052 573 4092 recte
595 4043 705 4101 faciunt,
749 4046 811 4109 legit
830 4051 926 4104 acerris,
944 4049 969 4095 id
990 4054 1038 4096 est:
1064 4049 1184 4115 pustulis,
1208 4050 1300 4099 faciem

160 4124 203 4184 qui
221 4139 270 4171 uno
287 4138 383 4187 semper
399 4124 533 4185 eodemque
554 4125 627 4171 modo
645 4123 705 4171 aeci-
747 4125 825 4174 instar
843 4127 894 4174 fimi
912 4126 1075 4175 foedantibus.

161 4203 274 4261 piendam
287 4211 382 4266 putant.
401 4204 489 4251 Prima
499 4203 646 4266 significatio
655 4211 704 4251 est:
782 4207 879 4254 Mittis.
924 4206 980 4256 MS.
1015 4207 1084 4256 Leid.
1112 4223 1203 4256 unum:
1237 4212 1297 4258 aar·

160 4284 285 4341 querularum
308 4289 379 4328 {terrm
406 4289 441 4330 est
466 4285 603 4330 corraditur.
640 4283 706 4329 Vide
744 4290 785 4331 tes,
