2916 5220
586 312 904 377 CARMINUM

359 503 507 566 Vincunt
531 522 671 587 aequora
694 500 843 582 navitae,
970 567 973 571 ,

403 607 563 690 Magnum
587 604 758 690 pauperies
783 602 997 689 opprobrium
1020 603 1112 669 iubet

357 710 496 789 Quidvis
521 714 554 773 et
578 707 682 772 facere
705 712 739 772 et
761 706 851 791 pati,

399 813 606 898 Virtutisque
629 811 718 876 viam
742 811 863 876 deserit
885 809 1030 875 arduae?

356 918 419 984 Vel
443 940 503 983 nos
527 917 562 981 in
586 915 806 1001 Capitolium,

404 1022 475 1101 Quo
499 1020 621 1085 clamor
642 1024 738 1084 vocat
762 1023 795 1082 et
817 1017 914 1082 turba
935 1016 1137 1100 faventium,

357 1125 419 1191 Vel
442 1146 502 1190 nos
527 1124 561 1187 in
585 1145 673 1188 mare
696 1121 885 1207 proximum

401 1227 557 1294 Gemmas
581 1232 614 1292 et
636 1225 761 1310 lapides
791 1247 906 1290 aurum
930 1230 964 1289 et
986 1223 1121 1307 inutile,

359 1330 489 1397 Summi
511 1329 681 1394 materiem
705 1327 803 1410 mali,

401 1422 598 1516 Mittamus,
621 1432 780 1497 scelerum
803 1430 833 1495 si
855 1430 938 1495 bene
960 1429 1118 1515 poenitet.

360 1537 536 1602 Eradenda
559 1535 724 1621 cupidinis

401 1640 499 1704 Pravi
522 1644 601 1705 sunt
623 1639 802 1720 elementa,
827 1641 861 1702 et
884 1641 1013 1703 tenerae
1036 1637 1138 1710 nimis

359 1742 490 1808 Mentes
514 1741 732 1829 asperioribus

400 1845 607 1912 Formandae
631 1843 760 1911 studiis.
809 1844 924 1910 Nescit
947 1865 1029 1930 equo
1053 1843 1145 1909 rudis

212 1965 323 2011 Vincunt
356 1977 464 2024 aequora
494 1964 610 2011 notitae?
642 1961 722 2009 Tacit.
765 1961 895 2024 eidemque
914 1960 989 2009 verbo
1005 1962 1123 2010 mittendi
1134 1961 1229 2023 duplex
1240 1959 1303 2023 signi-

175 2040 264 2105 Agric.
281 2042 321 2090 25.
344 2043 433 2090 Victus
457 2042 579 2090 Oceanus.
602 2039 673 2101 Quae
686 2046 723 2088 est
766 2039 857 2095 ficatio,
875 2054 933 2087 enm
949 2040 1042 2088 honore
1054 2041 1199 2102 reponendi,
1216 2046 1305 2088 etcum

175 2119 723 2183 pulcherrimaLipsiiemendatiopronuctru,
765 2124 892 2166 contemtu
909 2118 1044 2167 abiiciendi.
1078 2119 1169 2182 Neque
1187 2119 1237 2168 illis
1253 2127 1307 2168 tem·

175 2199 199 2247 h.
218 2199 235 2248 l.
253 2198 352 2247 Horatii
368 2198 522 2247 confirmata.
764 2197 867 2259 poribus
885 2212 996 2261 unquam
1012 2197 1038 2245 in
1056 2197 1258 2246 deliberationem
1272 2211 1309 2245 ve

212 2279 319 2336 Quidvis
339 2284 364 2328 et
378 2279 469 2342 fucere
488 2281 553 2341 pati.
589 2278 676 2328 Cicero
697 2277 722 2324 in
765 2275 819 2323 nire
835 2281 940 2338 poterat,
951 2282 1070 2324 utrumne
1081 2290 1203 2337 gemmas,
1221 2275 1311 2338 lapides

175 2354 259 2404 Pison.
277 2370 330 2420 cap.
348 2359 371 2406 5.
394 2358 445 2415 Qui
460 2359 526 2405 nihil
544 2359 594 2406 sibi
611 2373 723 2420 unquam
765 2361 789 2402 et
806 2369 896 2403 aurum
913 2354 940 2401 in
956 2353 1120 2417 Capitolium,
1142 2368 1175 2401 an
1195 2354 1223 2402 in
1247 2368 1314 2403 mare

174 2450 219 2484 uec
229 2434 321 2498 secere
331 2452 375 2485 nae
384 2438 443 2499 pati
455 2442 529 2498 turpe
541 2437 624 2484 duait.
641 2434 723 2491 Unde,
765 2433 898 2482 mitterent.
916 2434 951 2482 Et
962 2447 1007 2480 cur
1017 2433 1042 2480 in
1053 2434 1215 2495 prociarum?
1231 2433 1314 2492 Mure,

175 2519 203 2560 ut
229 2520 301 2576 putat
325 2515 503 2572 Ruhnkeuius,
529 2513 599 2563 Vell.
623 2513 721 2562 Patere.
765 2518 838 2575 puto,
855 2511 999 2560 sufficiebat.
1026 2514 1177 2561 Proximum
1191 2516 1317 2574 praeterea

175 2592 285 2641 11.100.
312 2596 398 2655 Nibil,
415 2596 480 2656 quod
493 2593 584 2657 socere
604 2599 650 2641 aut
666 2594 723 2656 pati
765 2592 828 2654 sapit
843 2606 949 2654 prosam.
983 2591 1019 2639 Et
1036 2591 1077 2638 cui
1097 2589 1162 2638 bono
1179 2604 1256 2638 omne
1275 2605 1316 2637 au·

175 2672 286 2732 turpiter
288 2673 390 2735 femina
396 2677 486 2735 posset,
496 2675 606 2735 reliquit.
616 2673 721 2721 Rectum
764 2683 821 2717 rum
836 2670 874 2717 vel
884 2670 910 2716 in
922 2668 1074 2731 Capitolium
1085 2667 1126 2716 rel
1141 2668 1167 2715 in
1179 2682 1252 2715 mare
1263 2669 1317 2716 mit

129 2761 131 2765 ·
174 2755 258 2797 autern
276 2755 300 2796 et
317 2749 437 2797 Latinum
456 2755 494 2797 est
509 2753 622 2813 quidvis,
640 2753 722 2798 nauita
764 2754 856 2805 terent,
875 2748 896 2795 si
914 2748 1026 2795 studium
1038 2746 1182 2795 corradendi
1194 2753 1318 2805 maneret,

174 2828 232 2888 pati.
249 2826 343 2888 Virgil.
356 2828 377 2876 1.
394 2829 461 2877 Aen.
479 2829 502 2876 5.
521 2827 611 2876 Multa
627 2844 722 2890 quoque
764 2842 809 2875 nee
816 2833 949 2890 paupertas
963 2825 1093 2889 opprobrio
1108 2839 1160 2873 esse
1174 2824 1317 2874 desineret?

173 2911 199 2954 et
215 2907 381 2967 tellopassna.
399 2905 486 2954 Valer.
503 2905 573 2954 Max.
587 2905 623 2954 II.
641 2907 666 2954 e.
683 2908 719 2955 12.
765 2907 821 2968 Ipse
843 2905 944 2967 cupido,
975 2906 1029 2968 ipsa
1048 2904 1169 2966 cupidinis
1191 2905 1319 2953 elementa

175 2985 290 3033 Dulcedo
311 2986 391 3042 uitae,
412 3000 476 3047 quoe
497 2986 580 3033 multu
596 2985 722 3047 etfncere
763 2987 872 3048 primum
889 2991 947 3032 sunt
963 2984 1080 3041 delenda,
1099 2984 1206 3031 avaritia
1226 2984 1317 3032 radici·

174 3068 200 3111 et
213 3064 272 3125 pat-i
289 3065 401 3125 turpiter
417 3065 488 3126 coqu.
523 3063 573 3113 Sed
589 3063 636 3111 hoe
646 3063 720 3111 notis·
763 3071 803 3112 tus
831 3063 1003 3126 exstirpanda,
1020 3061 1127 3125 pueritia
1149 3061 1318 3124 asperioribus

174 3142 265 3190 simum
282 3148 332 3202 est,
349 3156 429 3206 neque
446 3141 575 3199 dixissem,
593 3142 641 3189 nisi
656 3143 721 3190 Bur·
764 3143 854 3191 studiis
870 3142 1009 3190 formanda.

174 3238 258 3272 mann.
276 3224 307 3272 ad
324 3223 430 3272 Anthol.
448 3223 480 3271 T.
492 3222 513 3272 Ι.
530 3238 588 3286 pag.
600 3223 656 3272 306.
674 3222 720 3270 sol·
798 3224 936 3285 Cupidinis
950 3222 1034 3283 praui.
1060 3217 1321 3284 Comm.Cruq.pro·

174 3301 291 3350 licitasset
306 3301 383 3350 verba
400 3301 555 3351 scholiastae
571 3302 602 3349 ad
614 3301 720 3351 Iuvena·
763 3305 799 3351 ni.
827 3299 928 3351 Hildeb.
954 3298 1019 3347 Mor.
1045 3297 1141 3346 Phiios.
1170 3312 1231 3360 pag.
1258 3300 1317 3350 971.

174 3382 236 3430 lem:
256 3384 405 3431 Sarmentus
421 3386 474 3428 tam
490 3383 563 3443 quiue
574 3396 649 3443 quarn
667 3387 720 3430 tur-
760 3397 866 3444 pravae.

132 3461 134 3465 ’
171 3456 287 3520 pitudini
303 3460 416 3515 deditus,
433 3473 480 3519 pro
500 3472 551 3520 qun
566 3473 595 3506 re
608 3459 721 3520 porteba-
796 3461 955 3510 Fcrmundaa
971 3458 1072 3507 studita.
1092 3454 1194 3505 Hildeb.
1212 3469 1316 3519 quoquc

175 3541 220 3583 tur·
236 3538 327 3584 multa.
353 3535 464 3583 Putabat
480 3536 599 3584 excidisse
614 3537 721 3584 dicteria
763 3538 836 3586 habet
837 3539 999 3602 formandae.
1011 3534 1315 3587 FaberadLueretiiIII.

174 3613 215 3663 vel
236 3619 380 3663 scommata.
413 3613 545 3674 Homines,
566 3613 648 3678 qualis
667 3623 720 3663 erat
763 3633 819 3680 pag.
837 3619 886 3671 479
902 3618 982 3666 multo
999 3617 1088 3666 melius
1104 3621 1186 3678 putat,
1203 3614 1317 3663 siHora-

176 3692 334 3751 Sarmentus,
355 3693 437 3740 multa
457 3708 556 3756 quoque
577 3694 626 3742 alia
643 3697 719 3758 patie-
762 3697 811 3744 tius
839 3696 975 3759 scripsisset
1002 3695 1140 3744 durandus.
1181 3693 1315 3742 Bentleius

175 3773 275 3830 bantur,
291 3779 388 3836 praeter
405 3772 508 3820 dicteria
525 3773 564 3821 vel
577 3781 718 3824 scommata.
762 3775 865 3838 corrigit
868 3776 1028 3838 firmandae:
1044 3772 1111 3837 quod
1126 3786 1215 3820 verum
1229 3772 1315 3822 existi·

209 3850 353 3900 Mittnmus.
371 3850 447 3899 Recte
459 3854 592 3901 mittamus
603 3856 631 3901 in
643 3870 720 3912 mare,
762 3868 810 3902 mc.
827 3855 958 3917 Exemplis
976 3854 1038 3901 udde
1054 3849 1178 3900 nonnulla
1194 3865 1210 3897 a
1225 3851 1313 3900 Mark-

174 3936 202 3978 ut
219 3931 357 3995 ἐμβάλλειν
373 3929 408 3988 εἰς
426 3932 475 3990 τὴν
490 3931 633 3994 subdecan,
645 3933 719 3981 conii·
761 3933 836 3980 lando
853 3933 884 3980 ud
901 3933 975 3982 Statii
992 3933 1027 3981 II.
1046 3930 1109 3981 Silv.
1126 3931 1151 3978 3.
1172 3930 1214 3977 22.
1233 3945 1312 3979 anno·

173 4009 274 4058 ciamus.
298 4010 404 4059 ¹Dubito
430 4025 461 4057 an
478 4017 543 4060 reete
568 4013 595 4060 in
616 4011 719 4074 Cupito·
761 4017 821 4059 tata.
847 4012 881 4061 Et
891 4013 1001 4074 firmare
1017 4025 1075 4059 cum
1086 4010 1205 4073 formare
1222 4024 1311 4073 perpe-

173 4090 234 4136 lium
252 4091 390 4137 mittamus.
417 4089 719 4155 Graecidicunturpecu-
761 4097 805 4139 tuo
821 4090 987 4139 confunditur.
1016 4090 1077 4139 Vid.
1097 4089 1198 4150 interpr.
1222 4090 1255 4137 ud
1274 4090 1311 4140 Si·

173 4166 240 4215 niam
256 4168 282 4215 in
299 4168 437 4231 Acropolin
452 4184 502 4217 non
519 4170 664 4235 ἐμβάλλειν,
676 4171 719 4220 sed
761 4171 824 4219 lium
841 4169 899 4218 Ital.
917 4169 964 4218 XI.
974 4171 1031 4218 449.
1058 4170 1165 4218 Peliaca
1175 4167 1315 4230 formabat

173 4244 319 4310 ἀναφέρειν,
344 4246 374 4294 de
394 4262 443 4310 quo
463 4249 560 4298 Hemst.
585 4251 617 4298 ad
639 4249 719 4299 Arist.
761 4251 942 4311 rupeconando
952 4250 1065 4298 Heroum
1077 4252 1208 4297 mmteset
1224 4249 1312 4309 nmpni

174 4322 244 4370 Plut.
264 4336 288 4383 p.
305 4323 345 4373 74.
367 4324 406 4374 75.
441 4325 572 4374 Tribuitur
593 4328 653 4378 adeo
675 4330 719 4377 uni
758 4334 864 4390 pectora
881 4326 1000 4378 Achillia.
