2916 5220
513 354 538 415 L
567 356 581 414 l
606 353 631 415 B
657 352 682 414 ll
707 355 744 415 tt.

1146 356 1206 418 371

208 542 256 606 At
278 545 332 624 tu,
356 541 553 626 quicumque
576 562 610 606 es
634 539 759 606 felicior
782 544 881 624 atque
903 560 976 605 meo
1001 561 1087 604 nunc

253 644 418 729 Superbus
442 643 567 709 incedis
590 643 698 725 malo,

210 747 262 813 Sis
285 768 399 833 pecore
422 754 456 812 et
478 745 584 811 multa
608 746 699 811 dives
718 745 835 811 tellure
858 745 972 812 licebit

252 851 387 937 Tibique
411 851 565 916 Pactolus
589 849 687 932 fluat,

208 954 276 1020 Nec
300 961 333 1020 te
357 955 562 1039 Pythagorae
585 953 705 1018 fallant
725 976 843 1018 arcana
866 953 990 1035 renati,

258 1059 444 1142 Formaque
467 1057 580 1122 vincas
604 1056 720 1134 Nirea3

209 1161 316 1225 Eheu!
343 1161 520 1226 translatos
545 1159 610 1225 alio
632 1160 790 1225 moerebis
815 1181 959 1224 amores:

255 1263 319 1328 Ast
344 1285 404 1348 ego
427 1263 576 1328 vicissim
593 1263 703 1328 risero.

69 1451 167 1513 offam
196 1454 264 1501 cedet
293 1453 438 1499 cantantia
468 1453 552 1507 corde,
592 1453 622 1499 Si

73 1536 161 1578 certus
184 1531 294 1578 intrarit
312 1532 388 1578 dolor.
422 1530 480 1578 Non
501 1531 581 1578 verita
596 1545 621 1578 es

70 1622 114 1656 me
130 1608 236 1657 laedere.
270 1607 321 1658 Cor
345 1623 429 1656 meum
455 1623 524 1656 nunc
545 1610 622 1658 semel

69 1685 202 1736 offendisti.
238 1687 266 1737 si
282 1703 384 1751 pergas,
402 1703 520 1751 quaeram
538 1688 622 1746 aliam,

70 1781 117 1816 nec
133 1781 175 1814 me
193 1768 332 1814 constantia
352 1766 489 1829 relinquet,
514 1767 536 1814 si
553 1767 622 1815 dolor

72 1854 156 1896 certus
170 1846 281 1894 animum
306 1845 443 1894 intraverit.
478 1846 521 1895 Sic
537 1848 620 1894 iatra-

71 1927 140 1973 verit
157 1924 243 1984 habet,
260 1939 310 1987 quo
331 1926 413 1972 intret.
439 1925 557 1986 offerunt
573 1932 622 1974 est:

72 2004 170 2062 laesus,
187 2003 260 2066 idque
276 2003 367 2050 iratus:
388 2004 491 2052 Ruhnk.
509 2004 540 2051 ad
559 2004 618 2053 Sue·

73 2091 190 2146 tompog.
200 2083 240 2130 34.
268 2085 349 2132 Dolor
360 2083 450 2131 eximie
467 2083 499 2130 ud
516 2099 558 2132 cor
569 2097 621 2146 per·

73 2161 149 2218 tinet,
176 2166 205 2208 ut
229 2160 333 2223 pulchre
359 2161 453 2209 dictum
470 2162 513 2209 sit:
538 2165 562 2210 ai
580 2177 622 2211 cor

72 2241 219 2289 intraverit.
244 2239 336 2302 Virgil.
358 2241 379 2288 I.
402 2241 467 2289 Aen.
488 2242 545 2289 209.
566 2257 623 2303 pre-

73 2322 123 2369 mit
148 2323 230 2369 altum
249 2323 322 2370 eorde
346 2323 463 2370 dotorem.
488 2320 538 2368 VI.
565 2321 621 2369 383.

72 2399 213 2461 pulsusque
219 2412 359 2461 parumper
372 2399 453 2449 Corde
461 2402 530 2448 dolor
543 2402 622 2448 tristi.

75 2477 150 2527 ovid.
169 2477 217 2526 XI.
235 2479 337 2527 Metam.
356 2479 413 2526 329.
429 2485 571 2540 patruoque
582 2481 623 2527 do-

74 2559 153 2606 lorem
181 2559 260 2606 Corde
277 2560 333 2606 tuli.
362 2557 433 2604 Idem
454 2557 503 2605 VI.
520 2557 621 2606 Heroid.

75 2637 117 2686 76.
138 2637 188 2686 Cor
204 2639 277 2685 dolet.
297 2637 372 2685 Unde
389 2651 439 2684 vox
456 2636 558 2697 antiqua
571 2651 622 2684 cor·

75 2717 182 2773 dotium,
209 2716 238 2764 de
268 2730 319 2777 que
346 2715 463 2764 Elmenh.
488 2714 513 2761 in
539 2713 623 2761 Indice

75 2794 197 2858 Appuleii
212 2802 237 2844 et
253 2796 393 2843 Burmann.
410 2795 436 2842 in
447 2792 553 2841 Anthol.
565 2793 621 2840 Lat.

75 2874 108 2922 T.
124 2875 160 2924 II.
178 2889 202 2936 p.
215 2873 268 2922 110.
294 2873 335 2922 Ac
351 2872 413 2920 forte
430 2871 456 2920 in
474 2870 550 2920 MSS.
568 2871 620 2933 qui·

75 2953 182 3001 busdam
199 2953 259 3007 fuit,
277 2954 314 3001 uti
338 2967 382 3000 nos
404 2952 563 3008 conieeimus,
577 2965 622 2997 un·

74 3033 106 3081 de
122 3031 223 3080 fluxerit
239 3032 299 3081 haec
315 3030 483 3094 interpretatio
491 3028 623 3079 Commen-

75 3109 172 3158 tatoris:
191 3112 214 3158 ti
231 3113 272 3158 ira
289 3125 332 3159 cor
349 3125 428 3156 areum
443 3111 622 3170 penetraverit.

74 3188 143 3237 Dicit
159 3195 244 3236 autem
261 3203 287 3237 so
303 3188 414 3235 nondum
427 3188 487 3235 adeo
504 3201 556 3234 esse
575 3188 622 3234 ira-

74 3274 137 3316 tum.
149 3267 275 3324 Minatur,
284 3273 313 3314 ut
324 3266 373 3316 XI.
385 3267 464 3328 Epod.
478 3268 515 3315 15.
529 3268 624 3325 Quodsi

73 3347 135 3395 areis
151 3349 276 3395 inaestuet
291 3348 447 3408 praecordiis
460 3348 553 3394 Libera
566 3348 623 3394 otto

73 3452 107 3461 —
119 3427 229 3475 Desinet
240 3426 381 3486 imparibus
395 3425 502 3472 Cartare
518 3439 623 3472 rutanio-

74 3511 117 3553 tua
133 3506 223 3567 pudor.
248 3504 390 3553 Meinekius
407 3504 463 3552 vult
480 3504 566 3552 scribi:
584 3505 622 3551 ia-

74 3584 167 3640 trauit,
184 3584 244 3646 quio
259 3584 332 3646 poitc
348 3584 397 3631 iam
415 3597 483 3632 nunc
499 3588 567 3631 certo
579 3583 621 3630 do·

73 3661 127 3709 lore
144 3671 264 3711 movetur.

700 1455 737 1499 At
755 1457 791 1500 tu.
826 1454 863 1499 At
890 1451 1009 1500 minantis
1035 1459 1071 1500 est
1096 1459 1121 1501 et
1145 1453 1213 1510 irati,

664 1529 716 1576 sive
732 1531 870 1578 orationem
887 1531 987 1594 incipiat
1004 1531 1058 1579 sive
1076 1532 1213 1580 continuet.

664 1607 773 1656 Gronov.
791 1609 822 1655 ad
839 1609 930 1658 lustin.
942 1610 1020 1658 XIV.
1033 1612 1056 1658 4.
1074 1611 1212 1658 Burmann.

664 1685 771 1734 Anthol.
798 1687 828 1735 T.
857 1688 893 1736 II.
917 1705 940 1751 p.
968 1690 1008 1738 55.
1049 1690 1092 1751 qui
1121 1695 1146 1738 et
1174 1688 1214 1736 hic

664 1765 799 1826 vulgatum
843 1772 934 1815 tuetur.
977 1767 1060 1816 Bentl.
1102 1767 1213 1815 molebat

665 1846 704 1892 Et
730 1850 766 1892 tu.
809 1842 881 1903 Quod
898 1845 924 1892 iu
942 1860 992 1894 uno
1009 1845 1066 1895 MS.
1084 1846 1155 1895 Leid.
1172 1846 1211 1894 in·

664 1921 729 1970 veni.

698 2003 751 2050 Nec
774 2008 798 2050 te
820 2004 992 2065 Pythaqoroe.
1027 2004 1058 2052 In
1080 2018 1131 2051 uno
1156 2003 1214 2053 MS.

666 2081 816 2142 Pythaqori.
851 2081 914 2130 Mox
928 2085 1023 2140 Nerea,
1041 2097 1099 2130 cum
1115 2082 1215 2132 Scholio

664 2162 790 2209 Matinum
801 2162 886 2209 maria.
899 2160 982 2210 Schol.
993 2160 1067 2211 Statii
1076 2161 1125 2209 III.
1135 2161 1214 2209 Theb.

666 2239 721 2287 483.
749 2239 848 2287 “Aiunt
868 2239 935 2287 enim
957 2246 982 2288 et
1003 2238 1073 2301 opsin
1092 2239 1146 2288 fieri
1163 2242 1214 2288 ani-

665 2333 764 2366 marum
787 2320 813 2365 in
831 2332 946 2381 corpora,
973 2325 1002 2366 ut
1026 2319 1119 2366 lectum
1135 2324 1172 2365 est
1188 2319 1215 2366 in

665 2397 783 2446 Horatio:
809 2399 862 2446 Nec
888 2404 912 2446 te
930 2400 1096 2460 Pythaqorae
1109 2398 1215 2460 saltaret

665 2492 762 2526 arcana
780 2477 887 2524 renati.''
922 2476 974 2524 Pro
992 2481 1016 2524 et
1038 2478 1112 2539 apeia
1136 2476 1214 2524 scribe

667 2555 870 2619 μετεμψύχωσιν.

701 2635 851 2682 Trauatotos
883 2635 934 2682 alio
963 2634 1082 2682 moer-eota
1111 2648 1214 2681 umores.

665 2713 765 2761 Terent.
783 2711 875 2774 Hecyr.
896 2713 917 2761 1.
935 2712 959 2760 2.
983 2712 1022 2759 94.
1050 2712 1111 2760 Huc
1130 2718 1213 2760 trous-

666 2793 727 2838 tutit
753 2806 869 2840 aurorem.
899 2790 966 2840 Vide
991 2790 1126 2853 Ruhnken.
1152 2789 1213 2838 Pro·

664 2875 727 2931 pert.
744 2870 781 2919 ΙΙ.
799 2871 821 2918 4.
840 2871 863 2918 3.
894 2873 966 2920 Haeo
987 2871 1067 2918 merui
1089 2867 1215 2932 sperare?

665 2951 737 2997 dabir
754 2951 828 3008 mihi,
844 2951 956 3013 perfida,
963 2964 1072 3012 poenae:
1092 2950 1130 2997 Et
1146 2950 1215 2998 nobie

665 3028 727 3086 alio,
748 3028 873 3090 Cynthia,
891 3035 980 3077 centua
995 3031 1052 3077 erit.
1078 3026 1115 3077 Ut
1132 3027 1214 3090 legen-

665 3105 725 3152 dum
742 3121 775 3154 ex
785 3107 954 3169 pulcherrima
965 3104 1137 3155 emendatione
1148 3106 1214 3154 Bur-

665 3185 764 3242 manni,
782 3199 827 3248 pro
844 3187 936 3247 aquilo.

699 3268 749 3312 Ast
774 3279 815 3326 eqo
844 3266 954 3312 uicissim
979 3266 1066 3312 moero.
1100 3264 1156 3312 Hoc
1177 3271 1214 3310 cst

669 3345 740 3392 Touo
761 3357 811 3405 eqo.
847 3341 1003 3391 Philoxenus
1025 3343 1050 3390 in
1077 3341 1213 3392 Glossario.

665 3424 716 3471 Ast
732 3438 790 3485 eqo:
817 3422 865 3487 ἐγὼ
889 3421 922 3471 di.
946 3423 1001 3471 Liv.
1024 3423 1058 3471 X.
1089 3423 1123 3469 19.
1151 3423 1214 3470 Bei-

666 3505 736 3559 louo,
759 3503 782 3550 ai
800 3503 871 3551 hodie
895 3503 964 3550 arou
984 3502 1115 3550 uictoriam
1142 3501 1213 3557 durs,

665 3588 705 3630 ost
733 3596 775 3643 eqo
801 3582 921 3640 templum
953 3581 1000 3628 tihi
1025 3595 1103 3629 coreo.
1148 3578 1213 3626 Vide

666 3659 775 3710 Gronou
794 3660 824 3707 ad
850 3659 953 3708 XXIV.
967 3660 1006 3710 37.
