2916 5220
714 333 750 340 -
1226 320 1297 360 XXV

159 479 185 536 si
207 479 333 553 pignore
356 480 393 534 de
415 479 468 534 tali
490 498 524 535 re
547 488 647 554 posset
675 480 829 550 contendi,
857 499 912 555 ego
939 482 1045 553 quovis
1071 482 1297 548 contenderem,

160 573 292 632 Carmen
314 574 420 630 saltem
432 573 589 631 XXXLX.
609 575 707 632 adhuc
729 574 864 631 habitum
885 575 922 631 iri
939 594 993 650 pro
1008 575 1186 634 Horatiano.
1218 577 1299 633 Nam

157 670 190 724 in
216 668 393 725 Horatianis
412 686 493 724 nunc
512 669 603 725 etiam
624 669 769 726 nonnulla
790 669 1027 744 conspiciuntur,
1055 689 1132 744 quae
1155 692 1214 728 non
1240 690 1300 728 mc·

158 765 236 821 liora
261 771 344 833 sunt,
371 782 400 818 v.
428 780 453 818 c.
480 763 624 820 1.20.1.
653 765 701 821 30.
730 763 773 820 ΙΙ.
804 766 850 819 ll.
877 763 937 820 ΙΙΙ.
961 765 989 820 8.
1012 765 1073 821 ΙΠ.
1099 767 1145 822 14.
1168 766 1225 823 IV.
1253 767 1298 822 17.

160 859 223 917 Sed
251 857 396 914 eiusmodi
426 854 582 930 Carmina,
614 857 844 916 Commentariis
864 858 1030 929 illustrata,
1053 860 1203 932 quandam
1224 859 1301 917 anti-

159 952 285 1026 quitatis
310 952 441 1027 speciem
472 953 539 1026 ipsa
563 953 791 1023 nanciscuntur,
826 970 885 1024 quo
913 953 961 1023 fit,
988 962 1023 1010 ut
1051 954 1088 1010 de
1115 955 1301 1011 detrahenda

160 1047 263 1103 fucato
290 1045 381 1120 capiti
410 1065 540 1121 persona
566 1047 664 1103 securi
690 1046 793 1104 simus.
835 1045 976 1121 Exempli
1007 1066 1114 1104 caussa
1142 1049 1300 1123 explicabo

161 1140 293 1198 Carmen
314 1140 462 1196 XXXIX
484 1148 636 1213 tamquam
659 1160 734 1215 opus
756 1141 851 1215 ipsius
872 1140 1002 1198 Horatii.

404 1294 548 1356 LIBRI
581 1295 607 1374 Ι.
663 1294 870 1357 CARMEN
900 1295 1053 1359 XXXIX.

564 1463 608 1501 AI)
630 1461 744 1502 IULIUM
765 1460 902 1502 FLORUM.

344 1600 494 1665 Discolor
516 1599 675 1684 grandem
698 1604 814 1684 gravat
837 1621 902 1665 uva
921 1620 1067 1665 ramum:

342 1715 451 1778 Instat
473 1713 701 1790 Auctumnus3
725 1712 875 1797 glacialis
899 1735 985 1777 anno

345 1818 425 1882 Mox
449 1816 566 1881 Hiems
590 1815 742 1880 volvente
765 1815 887 1899 aderit,
912 1816 1040 1901 capillis

478 1917 620 1983 Horrida
642 1917 742 1982 oanis.

344 2025 415 2089 lam
438 2023 517 2088 licet
539 2022 711 2106 Nymphas
735 2020 861 2106 trepide
878 2020 1010 2106 fugaces

345 2125 479 2212 insequi
501 2125 591 2190 lento
616 2124 698 2209 pede
721 2123 934 2189 detinendas:

343 2229 388 2293 Et
411 2228 511 2293 labris
535 2233 663 2312 captae,
690 2227 877 2293 simulantis
901 2227 1003 2311 iram,

477 2332 598 2398 Oscula
619 2331 687 2416 figi.

346 2436 417 2499 Iam
441 2435 519 2500 licet
542 2434 619 2499 vino
642 2433 792 2498 madidos
816 2438 946 2498 vetusto

348 2539 398 2604 De
421 2539 474 2603 die
497 2538 621 2604 lactum
644 2537 779 2604 recitare
802 2559 950 2604 carmen:

344 2642 458 2725 Flore,
483 2642 512 2707 si
536 2648 569 2707 te
592 2642 664 2724 des,
688 2641 827 2706 hilarem
849 2639 963 2705 licebit

478 2746 613 2812 Sumere
637 2751 774 2811 noctem.

197 2890 241 2937 Ad
265 2889 364 2936 Iulium
390 2890 503 2937 Florum.
542 2887 660 2935 Horatius
684 2886 710 2935 in
755 2887 848 2935 matici.
882 2888 966 2937 Multa
987 2894 1044 2935 sunt
1061 2887 1176 2950 exempla
1192 2888 1217 2936 in
1235 2887 1299 2951 frag-

163 2967 233 3015 brevi
254 2967 301 3014 hoe
321 2972 346 3014 et
366 2973 470 3014 venusto
486 2966 596 3013 carmine
616 2967 710 3014 Iulium
755 2967 844 3015 mentis
857 2968 1022 3031 Tragioorum
1035 2969 1213 3024 Romanorum,
1222 2981 1300 3030 neque

163 3046 711 3104 Florum,amicum,h0rtatur‚ut,auctumno
755 3046 863 3094 Plautus
887 3060 933 3095 nec
949 3046 1079 3095 Terentius
1103 3046 1176 3094 istam
1202 3045 1300 3107 elegan-

162 3125 283 3182 instante,
304 3125 416 3174 hilariter
437 3140 520 3174 secum
541 3125 621 3181 vivat,
638 3139 710 3172 curas
754 3124 814 3172 tiam
827 3125 990 3173 nesciverunt.
1025 3125 1129 3173 Accius:
1148 3126 1233 3172 Deum
1246 3139 1299 3185 rep·

163 3204 243 3253 ventis
265 3205 358 3261 tradat,
384 3211 408 3252 et
434 3218 537 3267 aequam
558 3210 667 3251 mentem
684 3203 710 3250 in
754 3210 829 3252 tiator
850 3210 919 3253 nocte
939 3219 1010 3253 coeca
1031 3204 1125 3251 coelum
1141 3207 1299 3263 econepeota

163 3285 236 3334 rebus
255 3286 364 3335 tristibus
381 3292 468 3334 servet.
502 3284 619 3339 Mortem,
632 3282 709 3330 scrius
754 3284 875 3342 abstulit3
909 3289 945 3331 et:
979 3282 1174 3330 Scamandriam
1203 3282 1299 3328 cadam

162 3366 242 3424 ocius,
264 3370 331 3414 certo
351 3365 413 3428 pede
433 3364 555 3412 advenire.
590 3362 633 3409 Ad
650 3376 709 3409 eun·
753 3365 820 3412 salso
836 3367 951 3411 ranetam
967 3362 1068 3410 obteaai
1084 3362 1212 3423 renquiae.

163 3445 220 3492 dem
236 3444 341 3493 Florum
358 3442 449 3505 scripta
465 3448 502 3490 est
518 3439 589 3488 Libri
606 3440 627 3487 I.
649 3439 709 3503 Epi·
786 3441 861 3491 Armo
882 3442 1000 3490 volvente.
1035 3438 1197 3500 Quiaannus
1218 3437 1298 3485 inor·

163 3523 228 3571 stola
244 3525 272 3580 3,
290 3529 314 3571 et
331 3521 401 3570 Libri
417 3520 454 3568 Π.
480 3518 595 3582 Epistola
604 3519 628 3565 2.
650 3517 710 3565 Fuit
753 3519 809 3568 bem
826 3519 895 3568 redit.
930 3517 1023 3580 Virgil.
1044 3517 1065 3566 Ι.
1087 3518 1152 3566 Aen.
1175 3517 1232 3564 234.
1251 3520 1298 3566 ool-

163 3608 247 3650 antem
267 3602 313 3650 iste
332 3601 424 3650 Florus
444 3600 470 3647 in
491 3599 599 3649 Cohorte
615 3596 709 3645 Tiberii
752 3601 866 3648 ventitat
897 3600 978 3646 anah.
1020 3596 1158 3645 Reddidere
1191 3595 1297 3644 Romani

163 3681 283 3738 Neronis,
312 3687 337 3728 et
361 3678 464 3742 scriptor
490 3677 651 3740 Satyrorum,
682 3681 710 3723 ut
753 3677 886 3726 Homerica
901 3677 948 3724 ista
970 3674 1187 3741 περιτελλομένων
1208 3683 1233 3723 et
1255 3692 1297 3723 πε-

163 3761 280 3807 discimus
297 3774 328 3807 ax
346 3757 497 3807 Scholiastis.
752 3754 913 3821 ριπλομένων
933 3756 1065 3804 ἐνιαυτῶν.

197 3840 322 3888 Discolor.
351 3837 487 3899 Eleganter
504 3849 553 3882 uva
570 3834 709 3897 appellatur
786 3839 846 3884 Iam
872 3836 930 3884 licet
955 3834 1096 3896 Nymphae.
1140 3831 1214 3880 Talia
1238 3838 1296 3878 sunt

162 3919 282 3974 dicator,
308 3916 407 3978 quaudo
432 3920 595 3962 maturescere
616 3912 707 3974 incipit.
753 3914 868 3977 Virgilii:
887 3913 1010 3976 Etfapit
1027 3913 1062 3959 ad
1077 3912 1166 3960 salices
1182 3916 1244 3958 etse
1256 3926 1296 3959 cu-

164 3996 253 4044 Horat.
271 3996 307 4044 II.
341 3994 424 4044 Carm.
439 3994 461 4042 5.
478 3993 544 4040 idem
561 3992 595 4039 sic
611 4005 708 4053 expres·
751 3996 792 4056 pit
816 3998 874 4041 ante
898 3991 984 4040 videri.
1018 3990 1053 4037 Et
1074 3989 1139 4051 apud
1163 3987 1296 4036 Horatium

164 4074 208 4121 sit:
227 4075 316 4122 lividos
329 4073 477 4134 Distinpaet
492 4069 651 4119 szetumaue
667 4085 708 4118 ra·
754 4071 812 4120 alibi
829 4072 897 4118 ricus
912 4070 1027 4131 proditor
1044 4072 1068 4115 et
1085 4069 1178 4115 caritas
1195 4072 1296 4129 ereptae

162 4166 244 4199 centos
262 4154 398 4214 Purpureo
414 4150 519 4198 varicum
536 4150 622 4197 colore.
754 4150 832 4212 diyito
848 4149 912 4196 niele
927 4147 1060 4210 pertinaci.
1095 4145 1137 4194 Sic
1154 4146 1220 4209 apud
1238 4145 1296 4196 Ovi-

199 4231 330 4278 Grandem
345 4235 443 4291 privat
479 4228 539 4277 Soni
559 4227 585 4274 in
606 4233 710 4290 utraque
754 4229 823 4276 dium
848 4232 945 4289 pugnat
969 4224 1067 4288 puella,
1090 4230 1218 4288 tarnqacm
1234 4243 1298 4289 qnae

165 4324 225 4358 voce
242 4311 377 4358 similitudo
394 4309 468 4358 habet
485 4310 611 4371 antiquam
629 4306 709 4369 gravi·
754 4309 852 4358 vincere
867 4307 938 4355 nolit.

167 4395 251 4437 tatem.
286 4390 488 4438 Allitcrationem
513 4395 602 4435 vocant
623 4386 710 4435 Gram-
789 4387 819 4433 Si
845 4391 868 4433 te
893 4387 942 4433 der.
978 4385 1003 4434 Si
1030 4392 1054 4432 te
1079 4384 1138 4432 mihi
1165 4383 1255 4441 tradas,
1272 4389 1296 4431 et
