2916 5220
644 310 962 382 CARMINUM

500 497 655 563 Fulmina
678 498 770 562 lueis

229 663 301 713 Ovid.
332 663 367 711 11.
402 663 505 712 Metam.
532 663 587 710 464.
617 663 777 725 Nympham‚
819 676 875 710 aare
892 669 966 725 atque
983 667 1072 719 cattos,
1085 660 1151 722 quod
1163 659 1283 708 Heinsius
1296 660 1373 707 male-

229 756 278 790 non
296 740 403 804 amplius
412 741 544 802 virginem,
557 741 644 803 abigit:
664 743 683 788 l
690 743 779 803 procul
820 740 873 797 bat,
892 746 921 787 ut
938 740 972 788 Π.
990 740 1058 789 Fast.
1079 739 1132 790 173.
1161 739 1211 787 Cui
1224 741 1294 788 Dea:
1314 741 1372 786 Vir-

229 823 299 880 }a’nc,
316 822 390 879 divit,
421 822 474 870 Neo
489 836 573 870 saeros
589 822 673 884 pallae
682 821 778 883 fontes.
819 821 910 882 ainana,
925 820 1040 882 periura,
1049 819 1161 882 Lycaoni
1170 824 1253 866 coetae
1264 818 1372 881 Deferm

230 899 258 949 Si
278 914 362 948 noeros
383 899 416 946 ibi
437 913 541 956 verum,
566 898 664 948 debebit
684 898 778 960 signifi·
820 914 864 947 aee
881 903 966 946 castas
981 899 1073 960 pollue,
1090 899 1165 958 dicit,
1182 911 1267 958 aquas.

721 1051 884 1077 -400-

607 1193 854 1258 CARMEN
899 1192 996 1256 XIII.

408 1332 526 1437 Quum
550 1356 603 1428 u,
630 1347 752 1430 Lydia,
777 1346 910 1430 Telephi

452 1449 619 1515 Cervicem
641 1470 786 1530 roseam,
811 1469 902 1512 aerea
924 1447 1057 1532 Telephi

410 1552 538 1618 Laudas
562 1551 710 1633 brachia,
735 1552 813 1616 vae!
838 1572 950 1615 meum

454 1656 596 1720 Feruens
621 1654 748 1719 difficili
771 1655 838 1718 bile
861 1658 968 1719 tumet
991 1653 1088 1718 ieeur.

415 1761 497 1824 Tum
521 1781 580 1824 neo
604 1780 697 1823 mens
721 1759 803 1822 mihi
837 1779 895 1823 neo
920 1757 1008 1823 color

455 1863 553 1928 Certa
576 1863 651 1928 sede
674 1866 802 1927 manet:
826 1862 943 1926 humor
967 1866 1000 1925 et
1022 1860 1056 1923 in
1080 1881 1183 1944 genas

412 1966 541 2031 Furtim
564 1966 687 2031 labitur
710 1987 869 2051 arguens,

456 2069 563 2148 Quam
585 2069 685 2134 lentis
709 2068 842 2154 penitus
865 2089 1008 2132 macerer
1031 2067 1175 2151 ignibus.

410 2174 510 2258 Uror,
535 2196 593 2239 seu
616 2174 677 2238 tibi
701 2172 856 2238 candidos

452 2277 636 2361 Turparunt
658 2276 810 2340 humeros
834 2274 1028 2339 immodicae
1052 2295 1141 2337 mero

411 2379 529 2461 Rixae,
555 2379 624 2444 sive
646 2400 727 2464 puer
749 2378 860 2443 furens

455 2483 628 2568 impressIt
650 2503 828 2547 memorem
852 2481 950 2544 dente
973 2479 1073 2543 labris
1097 2484 1219 2543 notam.

409 2586 502 2668 Non,
528 2586 556 2650 si
579 2608 633 2650 me
656 2585 737 2650 satis
761 2584 895 2666 audias,

458 2689 572 2772 Speres
596 2692 807 2773 perpetuum,
832 2686 941 2752 dulcia
963 2687 1098 2752 barbare

411 2792 609 2856 laedentem
633 2791 760 2873 oscula,
785 2812 868 2876 quae
891 2790 1003 2854 Venus

455 2893 579 2973 Quinta
601 2900 694 2979 parte
718 2895 770 2958 sui
793 2893 934 2959 nectaris
958 2893 1087 2957 imbuit.

380 3064 532 3115 CARMEN
554 3063 630 3112 XIII·
819 3048 935 3093 numero,
955 3049 1007 3098 quo
1022 3036 1166 3097 proximum
1183 3036 1369 3085 substantivum

820 3114 975 3177 exprimitur.
999 3113 1187 3177 vid.virg.11.
1208 3115 1298 3178 Georg.
1312 3119 1369 3165 495.

268 3161 361 3251 Ocrea
390 3196 493 3258 Telephi
530 3196 636 3242 Laudas
669 3195 779 3244 brachia.
820 3193 922 3242 Petron.
939 3193 969 3242 Β.
991 3192 1045 3242 civ.
1067 3208 1104 3240 vs.
1120 3193 1178 3240 233.
1199 3194 1299 3258 interpr.
1318 3197 1369 3244 Lu·

232 3276 311 3326 Cerea
331 3275 434 3324 brachia
454 3273 570 3321 videntur
587 3286 640 3321 esse
656 3278 708 3319 tam
724 3271 780 3333 pul-
820 3285 874 3320 can.
892 3271 926 3320 X.
944 3273 1001 3323 37⁹⁹

231 3355 303 3412 ebra,
320 3369 395 3418 quam
406 3353 487 3402 solent
498 3350 685 3414 inimaginibus
696 3349 780 3398 aereis.
853 3353 1086 3415 Macerera'qaibaa
1112 3351 1300 3401 Inunonostro
1308 3354 1369 3403 Cod.

232 3432 274 3482 Sic
290 3433 419 3482 Ennodius
434 3433 461 3480 in
477 3432 539 3481 Vita
546 3430 680 3493 Epiphauii
688 3444 712 3491 p.
724 3429 780 3486 361,
820 3445 966 3479 concremer.

233 3511 315 3558 Frtma
328 3512 624 3572 cereaepalchadtudiaua.
650 3509 734 3570 Magis
745 3514 781 3555 ta·
854 3511 1020 3558 sinuantia
1036 3501 1137 3558 audias.
1163 3510 1296 3562 Auatain
1309 3513 1370 3560 duo-

232 3602 290 3636 man
302 3587 364 3635 mihi
376 3589 469 3650 placet,
482 3589 547 3651 quod
561 3588 587 3635 in
601 3585 782 3649 FlavioCapro
821 3587 868 3634 bus
885 3589 962 3638 MSS.
981 3589 1160 3638 vetustissimis.
1192 3592 1227 3639 Et
1246 3591 1282 3638 sio
1298 3606 1371 3654 saepe

232 3667 361 3715 inventum
376 3666 556 3713 commendant
570 3667 676 3716 Bentlei.
691 3668 780 3715 lactea.
820 3668 939 3717 Romani:
964 3685 987 3717 v.
1013 3683 1033 3717 c.
1059 3669 1146 3720 Cicero
1174 3669 1206 3718 ad
1231 3669 1304 3718 Fam,
1334 3671 1370 3723 11.

232 3745 291 3793 Vid.
307 3745 408 3807 interpr.
423 3745 454 3792 ad
467 3744 512 3794 sil.
524 3744 581 3793 Ital.
594 3744 658 3793 XII.
669 3745 726 3793 245.
824 3747 860 3795 18.
895 3747 956 3796 VH.
982 3748 1022 3795 20.
1067 3750 1120 3810 Tu,
1154 3751 1177 3796 ai
1206 3764 1244 3796 me
1272 3751 1371 3802 munies,

266 3825 332 3872 Tam
343 3839 387 3873 aec
398 3838 468 3872 raeaa
479 3824 542 3872 ventat
557 3839 601 3873 nea
611 3827 679 3874 color
702 3826 781 3874 Certa
822 3828 867 3874 aaa
882 3832 1004 3889 patemus
1018 3829 1182 3888 possessiones
1198 3829 1297 3877 teneda.
1321 3828 1371 3877 Sod

231 3906 388 3953 aederaaaet.
403 3901 687 3966 Sallustlugurthffl.
702 3906 781 3952 Vultu
821 3907 913 3953 audias
931 3921 980 3954 non
999 3914 1083 3965 muta,
1104 3906 1162 3969 qula
1182 3908 1293 3969 sequitur
1308 3912 1369 3970 Spe·

229 3985 331 4045 parlier
356 3987 432 4045 atque
456 3984 540 4030 attineo
560 3985 653 4032 varius.
691 3983 782 4033 lIaaet
822 4001 868 4034 rea.
901 3986 970 4033 Haec
987 3984 1182 4048 Oudendorpius.

232 4060 391 4124 Oudendorp.
409 4061 516 4125 praefert
532 4062 624 4124 plurali
641 4070 750 4119 tatanem,
758 4072 781 4112 et
858 4065 956 4122 Quarto
981 4071 1057 4127 pcrrte
1079 4066 1121 4113 ani
1141 4066 1252 4112 nectaris
1273 4067 1370 4112 imbuit.

232 4142 350 4201 regulae.
376 4157 391 4189 a
415 4140 528 4190 Bentleio
552 4145 710 4199 constitutae,
737 4144 781 4191 hoc
823 4142 854 4190 In
865 4157 916 4190 nno
927 4144 996 4192 Laid.
1008 4152 1045 4192 est
1056 4150 1157 4206 quana.
1180 4144 1222 4192 Ex
1233 4143 1283 4191 alio
1293 4144 1372 4193 MSS.

233 4219 312 4266 addit:
338 4221 422 4268 “Licet
448 4222 515 4281 pn'us
540 4237 629 4270 nornen
654 4223 728 4272 etiarn
751 4223 782 4271 sit
824 4230 937 4270 notatum
963 4223 1046 4270 inveni
1073 4238 1120 4270 atta
1145 4224 1263 4271 nectarae.
1302 4221 1371 4270 Illud

234 4297 342 4359 plurale.
368 4300 472 4346 verluun
494 4301 563 4362 iungi
589 4302 674 4350 [lolam
696 4302 780 4351 oolam
824 4308 916 4365 quarta
938 4301 1002 4350 sanet
1021 4303 1174 4350 coniecturae
1191 4301 1324 4349 RamIrozii
1342 4301 1372 4347 do
