2916 5220
584 308 759 371 LIBER
808 311 870 373 lll.

345 495 457 561 Troiae
478 517 645 561 renascens
667 495 743 561 alie
766 495 888 583 inquiri

337 601 480 666 Fortuna
503 603 590 665 tristi
612 598 700 664 clade
723 599 904 682 iterabitur,

381 704 524 768 Ducente
545 706 686 768 uictrices
710 713 853 769 caturae

432 807 567 893 Carinae
589 827 636 870 rne
659 808 744 871 Ionia
767 816 796 871 ei
818 828 932 872 sorore.

344 911 406 974 Ter
429 914 459 975 si
480 919 626 996 recurrant
648 931 757 975 nurus
780 911 913 975 aheneus

339 1014 476 1080 Auctore
497 1013 638 1097 Phoebo,
663 1024 711 1078 ter
728 1024 844 1100 pereat
867 1019 944 1080 nuic

386 1119 526 1182 Eurinus
548 1117 696 1204 Arateis,
721 1127 769 1182 ier
791 1139 873 1183 uuor

435 1221 541 1307 Capta
563 1224 664 1286 uirum
681 1243 858 1307 puerosque
874 1222 1014 1308 piaret.’'

342 1325 418 1388 Non
440 1324 514 1388 iaec
537 1328 655 1388 iocosae
678 1328 860 1389 conueniunt
883 1324 989 1410 lurae:

346 1429 429 1510 Quo,
453 1428 567 1509 Musa,
593 1426 719 1492 tendis?
743 1427 849 1492 ustae
866 1431 1022 1512 punicae

381 1531 516 1616 Refferre
539 1552 695 1597 sermones
717 1532 874 1614 Deorum,
898 1541 928 1596 ei

425 1637 549 1721 Manna
571 1634 671 1700 uariis
695 1643 823 1699 tenuare
839 1639 964 1720 paruis.

158 1790 225 1851 gitat
236 1794 354 1852 tempora,
366 1802 429 1850 quac
439 1787 527 1834 multis
538 1787 642 1835 saeculis
653 1794 709 1850 post
755 1790 820 1836 Deos
836 1795 913 1850 pocta
930 1790 1039 1838 mercede
1055 1790 1179 1838 destituit.
1214 1789 1243 1838 In
1262 1790 1299 1838 hie

157 1868 274 1925 fuerunt,
291 1867 390 1930 quando
406 1880 437 1913 nc
454 1865 522 1914 locus
540 1867 649 1928 quidem,
667 1865 709 1914 ubi
751 1874 804 1915 erat
820 1867 947 1916 Phoebus.
976 1867 1047 1916 Deus
1065 1867 1100 1915 ita
1116 1867 1232 1931 deceptus
1250 1883 1299 1916 non

157 1949 220 1997 urbs
237 1953 349 2005 steterat,
365 1948 425 1994 satis
441 1947 642 2008 cognoscebatur.
750 1946 828 1995 libens
845 1946 942 1996 moenia
958 1947 1105 1996 restitueret.
1139 1948 1299 2011 Quamquam

194 2029 287 2076 Troiae
302 2040 434 2076 revincente
451 2026 513 2073 alite
529 2027 630 2088 luyrrbri
648 2027 708 2074 For·
750 2026 866 2075 Phoebus
888 2040 932 2088 pro
953 2025 1030 2073 Troia
1052 2031 1140 2082 staret,
1162 2027 1221 2073 dum
1239 2041 1299 2075 norr-

158 2114 232 2156 tuna.
266 2107 380 2155 Fortuna
401 2105 491 2153 Troiae
511 2118 641 2152 renascens
662 2108 708 2155 ite·
750 2106 809 2153 dum
836 2112 888 2154 erat
907 2119 993 2153 eversa
1009 2119 1025 2152 a
1044 2104 1153 2154 Graecis.
1187 2106 1239 2154 Pro
1256 2122 1300 2155 nu-

157 2184 708 2247 ratursignilicat:Proiurerwacitureaclem
750 2191 817 2234 ctare
846 2186 871 2232 in
894 2183 949 2231 aliis
972 2183 1051 2233 MSS.
1073 2183 1166 2245 legitur
1186 2187 1301 2241 irrotare,

151 2264 465 2328 fortunaetccnditionc,
479 2278 531 2326 qua
546 2263 709 2313 olimrenata
750 2263 816 2325 quod
841 2263 923 2324 placet
947 2263 1094 2311 Burmanno
1120 2263 1151 2309 ad
1168 2262 1301 2312 Clamlian.

158 2349 204 2392 cst.
240 2336 289 2392 Sed
314 2342 390 2390 Troia
414 2357 543 2405 nunquam
569 2342 650 2391 deleta
671 2350 708 2391 cst
750 2342 862 2404 Epitlial.
876 2341 1299 2390 Honor.Praefathntlciuscon·

159 2423 258 2479 statim,
275 2435 354 2484 quum
370 2421 552 2469 renascebatur.
587 2421 651 2469 Iuno
664 2436 707 2469 au·
749 2421 805 2469 iecit
821 2427 957 2481 structore,
978 2421 1044 2484 quod
1065 2428 1090 2469 et
1110 2419 1172 2468 mihi
1187 2419 1213 2466 in
1233 2433 1300 2467 men-

158 2509 209 2550 tem
227 2502 267 2549 hic
282 2501 380 2563 respicit
392 2499 482 2548 ultima
493 2506 604 2563 tempora
613 2502 709 2550 Priami
750 2506 800 2549 tem
817 2507 928 2557 venerat,
947 2515 1025 2562 quum
1042 2500 1156 2562 legebam
1173 2499 1238 2561 apud
1252 2499 1300 2547 Mi·

157 2587 184 2628 et
201 2580 322 2628 Hectoris.
356 2579 424 2627 Tum
448 2579 547 2626 fortuna
568 2580 638 2627 urbis
660 2595 708 2628 non
750 2585 803 2625 nut.
821 2577 930 2626 Felicem
947 2579 973 2626 in
985 2576 1072 2627 Octav.
1088 2593 1145 2641 pag.
1156 2579 1214 2630 207.
1233 2581 1298 2628 Lac-

158 2665 215 2708 erat
228 2671 370 2714 renascens,
384 2657 426 2705 scil
439 2656 618 2706 florentissima.
636 2658 710 2706 Hanc
750 2659 859 2706 recedenti
883 2672 967 2706 murce
1002 2659 1138 2719 Neptunus
1169 2658 1301 2716 instituit,

159 2737 341 2800 negligentiam
350 2735 551 2792 tribnolibrariis,
561 2738 709 2800 conpoctae,
749 2751 793 2785 nec
818 2737 951 2785 mercedem
975 2737 1057 2799 operm
1078 2738 1171 2799 infelix
1189 2742 1302 2786 atructor

158 2817 205 2880 qui
222 2814 329 2878 scripsit,
346 2815 372 2862 ni
396 2813 481 2862 fallor:
511 2816 602 2863 Troiae
625 2831 709 2864 ruane-
750 2817 852 2877 accepit.
887 2819 985 2865 Auctor
1012 2823 1096 2866 tamen
1117 2816 1236 2865 Latinum
1257 2823 1302 2865 cst.

159 2897 242 2953 uenti,
257 2896 319 2942 alite
340 2895 447 2955 lucubri.
482 2893 509 2942 Si
530 2894 608 2941 Troia
628 2908 710 2942 rcnas-
752 2895 873 2943 Prudent.
900 2895 1038 2960 l'cristeph.
1064 2896 1100 2945 H.
1127 2897 1184 2946 416.
1219 2900 1302 2959 Atque

158 2982 246 3031 catur,
255 2973 292 3021 illi
303 2973 388 3021 cotem
402 2972 513 3030 fortuna,
527 2973 591 3021 idem
605 2976 710 3023 exitium
752 2980 840 3023 auctor
852 2976 941 3023 laureata
952 2977 1084 3022 rrroeniurn.
1111 2974 1301 3036 Ioscpb.1ccan.

159 3053 297 3102 iterabitur.
316 3052 386 3100 Idem
399 3052 501 3100 coniecit
516 3067 539 3099 v.
553 3052 576 3100 tl.
592 3052 616 3100 in
625 3055 711 3103 Diario
750 3054 815 3102 Bell.
834 3053 901 3102 Troi.
928 3054 976 3102 VI.
1002 3055 1058 3102 893.
1094 3056 1218 3103 Rornania
1243 3054 1302 3102 olira

159 3133 240 3184 Class.
257 3132 353 3181 Britan.
749 3132 884 3194 prorrrisrus
900 3134 1026 3180 rraoenibue
1041 3137 1138 3179 auctor.

197 3212 307 3274 Carinae
329 3227 368 3260 nse
397 3213 466 3260 Iovia
493 3216 517 3260 et
546 3226 635 3261 carme.
669 3213 711 3261 Ex
784 3212 844 3259 Non
865 3213 925 3259 boec
945 3211 1037 3259 uaccae
1057 3211 1206 3257 conueniunt
1223 3212 1301 3272 lyrae,

159 3289 254 3352 Virgil.
281 3289 302 3337 1.
327 3290 394 3338 Aen.
420 3289 459 3337 46.
495 3290 546 3337 Ast
569 3304 624 3351 eqo,
648 3307 711 3353 quire
752 3290 867 3338 Imitatus
883 3295 921 3337 est
937 3303 969 3336 ex
986 3288 1022 3337 ΙΙ,
1040 3286 1124 3336 carm.
1145 3289 1218 3338 1.37.
1248 3288 1302 3336 Ncc

160 3370 260 3418 mosera
278 3370 362 3417 incedo
379 3369 607 3431 aequitatemque
624 3371 710 3419 Etsc-
752 3383 811 3416 sanc
833 3368 981 3415 conveniunt
998 3380 1055 3414 eum
1073 3366 1218 3427 gravissima
1234 3380 1301 3429 prac-

159 3463 205 3496 rar
221 3453 247 3496 et
261 3450 360 3497 coniux.
752 3445 843 3495 tatione
863 3447 913 3494 Odi
923 3445 1059 3509 proficuum
1070 3474 1102 3481 -
1117 3445 1241 3494 Carmina
1252 3461 1303 3494 reon

196 3529 306 3575 erectore
323 3528 429 3575 Phoebo.
454 3525 596 3574 Laomedon
617 3541 653 3575 vs.
669 3528 709 3575 22.
750 3525 1301 3590 priusauditaairoinibusnuerirquecanto.
