2916 5220
557 312 731 376 uleus
780 313 802 374 l.

336 497 485 563 Examen
510 499 588 563 Eois
613 498 797 564 timendum

379 601 533 666 Partibus
557 599 749 686 Oceanoque
772 600 878 665 rubro.

292 704 385 769 Eheu
408 703 597 769 cicatricum
620 709 653 768 et
677 703 806 769 sceleris
830 702 932 788 pudet

290 806 521 892 Fratrumque!
569 806 656 886 Quid
679 828 738 871 nos
763 805 844 871 dura
865 805 1046 891 refugimus

335 910 462 976 Aetas?
486 910 565 996 quid
588 910 751 976 intactum
775 909 896 975 nefasti

379 1012 574 1099 Liquimus?
597 1013 685 1078 unde
710 1035 846 1078 manum
869 1013 1022 1078 iuventus

289 1116 381 1181 Metu
405 1117 544 1182 Deorcm
566 1115 747 1181 continuit?
770 1116 889 1202 quibus

288 1219 438 1304 Pepercit
461 1219 545 1284 aris?
591 1217 620 1283 Ο
643 1218 772 1284 utinam
796 1240 883 1283 nova

333 1322 457 1387 Iucude
480 1321 627 1407 defingas
650 1327 799 1387 retusum
823 1319 858 1385 in

377 1423 582 1509 Massagetas
606 1424 797 1510 Arabasque
820 1424 958 1488 ferrum!

113 1624 214 1671 Ultima
248 1623 325 1672 litore
358 1628 494 1672 terrorum.
536 1621 657 1684 Aeschyl.
699 1618 765 1667 Aen.
788 1619 845 1666 205.
867 1634 898 1668 ue
918 1621 981 1682 quid
999 1621 1117 1668 inausum
1136 1621 1190 1668 Aut
1206 1621 1246 1668 iu-

107 1694 237 1750 Prometh.
262 1701 356 1750 Vincto
379 1702 436 1751 852.
471 1700 557 1751 'Eoriv
583 1702 658 1758 πόλις
699 1703 841 1747 tractatum
855 1699 984 1748 scelerisve
1000 1699 1078 1748 dolive
1088 1697 1193 1760 suisset.

108 1777 252 1841 Κάνωβος,
274 1780 367 1844 ἐσχάτη
389 1781 492 1844 χθονός.
527 1780 583 1829 Iam
598 1781 656 1829 Bri·
736 1779 809 1825 Urule
825 1792 928 1825 manum
939 1779 1060 1826 iuuentus.
1082 1776 1137 1826 Alii
1148 1792 1246 1827 cianus.

107 1863 198 1905 tannes
214 1861 282 1908 orbis
298 1861 399 1908 ultimos
410 1860 529 1908 Latinum
539 1872 604 1916 esse,
615 1874 657 1921 ap·
699 1853 889 1918 Oudendorpius
909 1856 986 1904 etiarn
1003 1872 1116 1915 manum,
1138 1857 1204 1918 quod
1220 1857 1247 1904 in

106 1941 179 1998 paret
195 1951 209 1985 e
225 1936 314 1985 Tacito
329 1937 380 1986 III.
400 1937 495 1985 Annal.
517 1937 557 1985 45.
596 1940 657 1986 Ver·
697 1934 805 1997 quinque
826 1934 902 1984 Mss.
925 1933 1027 1983 invenit.
1060 1936 1095 1983 Et
1114 1948 1188 1983 sonus
1210 1940 1247 1983 est

108 2021 150 2063 tat
180 2017 354 2079 Sequanorum
380 2032 472 2079 pauor,
498 2019 543 2078 qut
561 2015 657 2078 flatum
698 2015 799 2076 gratior.
832 2015 874 2062 Ita
889 2021 914 2062 et
930 2013 1059 2063 Bentleius
1075 2019 1154 2077 putat.

107 2096 225 2155 extremi,
241 2101 266 2144 et
283 2094 377 2145 Aeduis
392 2096 554 2155 abutemini,
570 2096 599 2142 iu
615 2110 656 2143 ar·
731 2094 828 2142 Iueude
854 2094 965 2157 deflnous
988 2099 1110 2142 retusum.
1153 2092 1247 2141 Variee

109 2173 159 2222 me'r
176 2179 258 2223 erunt.
292 2173 379 2236 Agric.
401 2175 440 2222 30,
476 2176 530 2222 Noe
548 2175 656 2221 Britan·
698 2178 756 2219 sunt
772 2171 889 2221 lectiones
904 2178 930 2220 et
947 2172 1109 2220 coniecturae.
1146 2172 1244 2233 Diffic-

106 2267 165 2309 ποι,
188 2257 316 2302 terrorum
332 2267 362 2300 ac
380 2253 506 2300 libertatis
522 2258 657 2305 extremos,
697 2264 748 2311 qus.
779 2251 891 2313 Defluus.
921 2238 1081 2312 Destria'qae.
1106 2249 1246 2311 Dffndru.

107 2345 217 2379 recessus
235 2332 290 2393 ipre
313 2345 343 2378 ae
358 2331 429 2378 uuus
442 2329 521 2394 sumu
536 2330 657 2394 defendit.
699 2330 834 2378 Reeusum.
848 2330 981 2392 Resusum.
997 2331 1140 2377 Recoctum.
1156 2328 1246 2375 Inuno

108 2408 336 2459 silicernium.
365 2409 491 2471 Massyli,
512 2412 599 2459 domm
616 2411 655 2457 ul·
698 2413 781 2454 nostro
796 2409 926 2470 drffinqee.
951 2407 1079 2456 Bentleius
1094 2406 1244 2455 volebatde-

109 2489 175 2537 te'ma
191 2493 283 2540 terrae.
307 2487 450 2536 Mamertiu.
469 2487 620 2552 Panegyric.
632 2490 655 2537 5.
690 2485 776 2547 flucae
792 2491 921 2534 recoctum.
955 2484 1035 2534 Credo
1052 2485 1163 2547 defiuour
1178 2490 1245 2533 retu-

112 2568 216 2617 Viribur
236 2567 314 2630 numi
335 2568 514 2624 barbarorum,
537 2567 595 2615 loeis
616 2569 655 2615 ul·
697 2577 753 2610 rum
770 2576 796 2611 se
812 2563 870 2610 satis
885 2562 948 2611 bene
965 2561 1062 2610 habere.
1089 2563 1193 2611 Ferrum
1210 2579 1245 2613 re-

108 2647 174 2694 ame.
215 2643 286 2695 eonf.
320 2645 464 2707 interpretes
497 2644 528 2692 ad
562 2645 657 2694 Lucani
698 2648 791 2701 tusum,
805 2643 955 2702 hebetatum,
969 2642 1116 2706 defingitur,
1130 2642 1245 2705 fingitur,

108 2724 172 2774 VII.
190 2725 247 2773 541.
698 2736 745 2770 sua
755 2722 821 2771 ferro
837 2722 917 2773 forma
933 2723 1019 2782 datur,
1039 2736 1117 2785 quum
1134 2722 1246 2770 redditur

144 2805 209 2852 Eois
229 2804 356 2865 partibus.
390 2800 458 2859 Oris,
483 2802 561 2850 terris.
595 2802 656 2851 Vid.
698 2801 793 2862 incudi;
810 2802 932 2850 namhoc
954 2808 991 2850 est
1011 2816 1076 2850 acca
1096 2801 1185 2850 incude
1205 2800 1245 2849 de-

108 2879 655 2945 OudendorpiusadCeeser.VI.B.Gall.ll.
698 2879 766 2943 fingi.
800 2881 912 2931 Restitue
933 2879 1040 2937 ferrum,
1060 2879 1106 2936 ait,
1128 2879 1170 2927 sed
1187 2893 1246 2927 con·

145 2962 216 3020 Quid
240 2961 363 3010 intactum
391 2959 486 3023 cesarii
515 2961 655 3023 liquimus.
698 2964 737 3007 tra
763 2959 925 3023 Massagetas.
966 2960 1072 3007 Ferrum
1105 2958 1152 3006 hoc
1185 2959 1246 3007 adeo

107 3039 225 3088 Imitatus
241 3045 278 3087 est
290 3037 384 3088 Seneca
394 3039 497 3102 Thyest.
509 3038 567 3088 220.
588 3039 658 3097 Quid
697 3043 750 3086 erat
766 3045 886 3097 retusum,
903 3045 931 3087 ut
946 3039 1041 3087 cotibus
1058 3038 1114 3086 acui
1130 3052 1179 3086 non
1190 3052 1244 3100 poe-

106 3119 173 3167 eue'm
197 3119 303 3181 reliquit
324 3118 428 3168 crimine
447 3120 587 3167 intectum?
609 3125 656 3166 aut
696 3123 744 3175 set,
773 3119 815 3166 sed
841 3118 947 3167 melleus
972 3123 996 3167 et
1021 3119 1091 3166 incus
1117 3131 1242 3179 posceren-

107 3199 151 3244 ubi
177 3198 272 3246 Sceleri
294 3197 420 3260 pepecit?
457 3195 551 3258 Virgil.
577 3196 654 3246 VIII.
696 3203 744 3245 tur.

592 3365 756 3390 ⁴.—

447 3502 694 3568 OARMEN
738 3501 901 3566 XXXVI.

289 3654 341 3734 Et
363 3669 458 3734 thure
482 3674 515 3733 et
535 3667 656 3732 fidibus
680 3667 772 3733 iuvat

331 3772 464 3838 Placarc
487 3775 521 3836 et
542 3770 640 3836 vituli
664 3770 824 3856 sanguine
847 3771 957 3836 debito

288 3874 449 3941 Custodes
473 3873 638 3939 Numidae
662 3874 767 3956 Deos,

330 3977 394 4057 Qui
417 3999 505 4042 nunc
529 3975 689 4062 Hesperia
714 3998 824 4062 sospes
849 3976 890 4040 ab
913 3975 1033 4040 ultima

288 4078 381 4146 Caris
405 4080 512 4146 multa
536 4079 721 4162 sodalibus,

328 4183 423 4248 Nulli
445 4183 541 4268 plura
564 4188 675 4248 tamen
699 4180 819 4246 dividit
842 4179 954 4246 oscula

289 4285 396 4366 Quam
419 4286 507 4351 dulci
532 4285 683 4369 Lamiae,
707 4305 832 4349 memor
