2916 5220
589 292 762 356 LIBER
796 293 869 356 'lll.

345 478 379 543 Si
404 500 470 568 non
494 477 613 562 periret
637 478 880 544 immiserabilis

346 576 485 667 Captiva
508 581 619 667 pubes·
669 582 797 667 “Signa
822 604 882 667 ego
907 582 1040 648 Punicis

388 685 498 750 Affixa
521 685 664 750 delubris
698 690 731 750 et
753 708 845 750 arma

427 788 592 853 Militibus
617 788 687 854 sine
711 789 826 872 caede,
851 789 955 871 dixit,

342 892 485 977 Derepta
508 891 593 956 vidi:
619 891 687 956 vidi
711 914 771 977 ego
795 892 918 958 civium

344 995 480 1061 Retorta
503 1001 594 1080 tergo
617 995 750 1061 brachia
772 996 874 1062 libero

385 1098 565 1184 Portasque
589 1120 655 1162 non
679 1098 805 1165 clausas
829 1104 863 1164 et
885 1122 962 1165 arva

427 1201 533 1266 Marte
558 1201 620 1266 eoli
644 1202 802 1287 populata
825 1209 945 1269 nostre.

340 1305 430 1369 Auro
453 1326 609 1390 repensus
633 1306 761 1371 seilicet
784 1307 887 1372 acrior

343 1405 439 1472 Miles
463 1407 601 1472 redibit!
649 1408 794 1494 Flagitio
818 1408 940 1474 additis

383 1509 567 1575 Damnum:
592 1532 697 1596 neque
721 1512 859 1577 amissos
883 1512 1005 1578 colores

365 1694 368 1698 μ
429 1612 520 1677 Lana
544 1612 643 1678 refert
665 1615 829 1679 medioata
851 1614 943 1698 fuco,

339 1716 406 1781 Nee
430 1738 505 1781 vera
528 1716 649 1800 virtus,
673 1741 776 1802 quum
799 1719 900 1784 semel
925 1717 1065 1800 excidit,

339 1819 440 1883 Curat
462 1819 575 1904 reponi
598 1820 820 1886 deterioribus

159 1960 217 1994 nem
235 1946 317 1993 adhue
329 1945 465 1994 restituisse
476 1946 621 1995 mirabatur.
643 1949 706 1995 Tru·
749 1953 834 1996 tatem
843 1950 1023 2011 praestiterat,
1038 1950 1127 2011 cuique
1137 1950 1300 1998 uerecundiae
1321 1993 1327 2005 ,

159 2027 218 2074 bere
243 2031 326 2073 autem
352 2028 470 2074 usitatum
497 2028 528 2076 de
554 2029 706 2091 contagione.
748 2043 797 2076 noa
808 2027 913 2090 fueret,
931 2043 1005 2076 erma
1022 2031 1148 2084 Bernaba,
1165 2033 1232 2075 meta
1250 2034 1298 2076 tre·

159 2103 232 2152 Ovio.
254 2105 276 2152 Ι,
301 2105 405 2153 Metam.
433 2107 486 2154 190.
521 2109 709 2156 InnnedIecbile
745 2109 822 2166 pide,
843 2108 937 2155 elacata
958 2108 1039 2168 portes
1057 2107 1188 2154 contineri.
1223 2106 1298 2155 Clau-

159 2186 252 2232 culnua
282 2187 353 2234 Euae
382 2187 554 2244 recedendum,
584 2202 615 2234 ne
643 2202 707 2249 pare
749 2185 813 2232 dian.
831 2184 867 2233 H.
885 2184 965 2232 Laud.
980 2183 1075 2232 Stilieh.
1091 2185 1144 2232 192.
1163 2186 1249 2234 clauco
1262 2192 1299 2235 tot

157 2265 258 2311 aiacem
284 2266 413 2312 trabatur.
439 2264 536 2312 Auson.
566 2264 645 2326 Epist.
666 2266 706 2312 24.
748 2265 823 2311 cunta
843 2265 945 2325 Oppida
962 2265 1059 2312 luentia
1077 2278 1154 2311 uerae
1171 2265 1296 2326 lecapen-

159 2343 204 2391 se
231 2357 296 2403 paro
320 2359 396 2404 neure
426 2345 532 2391 bertinia
562 2345 644 2390 trabit
674 2345 709 2391 ad
748 2344 806 2392 dere
822 2345 909 2404 portis.

158 2424 277 2484 cantapia
304 2438 394 2470 aenum
422 2422 528 2484 Corpus.
562 2421 633 2471 Conf.
652 2423 705 2471 Du·
783 2423 895 2482 Flnpite'o
915 2422 1012 2469 uddt'ts'a
1029 2423 1156 2469 ducenum.
1190 2421 1299 2484 Flagitio

157 2501 211 2549 ker.
242 2501 274 2547 ad
297 2501 366 2548 Flori
391 2500 427 2548 Il.
450 2503 487 2549 13.
504 2507 529 2548 et
547 2501 707 2548 Burmannus
749 2499 868 2547 adderent
885 2500 1018 2555 damnum,
1035 2499 1094 2561 quia
1110 2500 1135 2547 in
1152 2507 1296 2562 permutan-

158 2580 192 2627 ad
211 2578 293 2628 Gratii
309 2580 405 2642 Cyneg.
428 2581 485 2628 412.
518 2578 586 2626 Hinc
607 2577 708 2628 fortasse
749 2577 786 2624 dis
803 2579 905 2641 captivis
921 2578 1034 2627 meliores
1046 2578 1189 2637 redderent,
1206 2579 1298 2641 peiores

157 2659 305 2720 corrigenda
325 2665 384 2705 sunt
405 2658 470 2706 Livii
491 2657 510 2706 Ι,
538 2658 575 2705 15.
615 2657 707 2706 Conta-
749 2656 892 2719 reciperent.
928 2659 1082 2720 Flapite‘um,
1103 2657 1198 2704 utiam
1215 2657 1298 2706 Dona·

157 2738 328 2799 yicnetruett,
344 2750 389 2798 pro
405 2739 513 2784 irritati.
546 2736 603 2798 Ipse
619 2737 708 2785 Livius
749 2741 789 2783 tus
813 2738 843 2784 ad
862 2737 961 2786 Terent.
982 2737 1047 2785 Eun.
1065 2736 1101 2784 11.
1119 2738 1142 2785 3.
1160 2736 1193 2783 90
1215 2740 1299 2785 “more

159 2815 194 2864 X.
217 2815 255 2865 18,
291 2816 422 2864 Praeerat
447 2817 558 2878 concupio
580 2818 708 2878 proximos
749 2814 852 2863 militari
877 2830 915 2864 res
940 2816 1032 2864 dieitur
1060 2815 1219 2878 flagitatione,
1254 2817 1299 2865 hoe

166 2896 288 2943 Unabriue
302 2895 414 2957 populea.
748 2901 797 2952 est,
815 2896 982 2958 increpatione
993 2883 1093 2958 digna*
1112 2894 1183 2946 Oonf.
1197 2896 1298 2957 interpr.

193 2973 305 3035 Dereptu
328 2975 388 3022 cidi.
422 2973 514 3023 Omnia
539 2972 615 3022 Mss.
642 2973 707 3021 dire·
749 2973 780 3020 ad
802 2972 885 3020 Taciti
906 2973 991 3023 Germ.
1009 2973 1056 3022 VI.
1084 2974 1185 3023 Grotius
1202 2980 1299 3022 nostras

157 3057 213 3115 pta.
241 3051 363 3114 Vulgaris
380 3066 448 3100 error
464 3053 632 3100 librariorum.
660 3051 708 3098 Ta·
749 3053 775 3100 in
792 3052 887 3100 Parall.
905 3053 935 3100 R.
950 3052 982 3100 P.
997 3052 1047 3101 VI.
1073 3052 1188 3101 “Scimus
1200 3053 1299 3114 flacitei

159 3131 201 3180 cit.
219 3132 254 3181 II.
272 3131 342 3180 Anu.
360 3132 400 3180 45.
436 3133 524 3194 Spolia
546 3138 570 3181 et
587 3134 639 3180 tela
657 3133 708 3179 Re·
750 3131 901 3179 vocabulum
917 3132 1299 3195 propriequodammodoetsuo

159 3213 241 3259 memte
262 3212 366 3272 derepta
386 3211 414 3257 in
434 3212 550 3259 amnibus
571 3212 708 3258 neutrorum
749 3210 802 3258 iure
819 3225 871 3259 esse
883 3211 1027 3258 castrense.''
1052 3209 1124 3270 Quod
1142 3211 1213 3257 docto
1229 3210 1298 3258 illius

158 3292 309 3338 remeabat.
326 3289 384 3337 Vid.
402 3289 489 3338 Heius
510 3289 541 3335 ad
567 3287 639 3338 Ovid.
658 3288 706 3336 III.
749 3287 1161 3351 interpretimirumaecidissenon
1172 3288 1297 3338 debuerat.

159 3369 263 3418 Metam.
282 3371 320 3418 52.
339 3375 363 3418 et
380 3368 454 3417 Voss.
472 3367 503 3414 ad
520 3365 606 3415 Valet.
624 3367 706 3415 Flacc.
783 3369 870 3429 Neque
887 3369 987 3415 enatares
1003 3369 1094 3416 colores
1118 3369 1193 3415 Luna
1210 3367 1297 3431 refert.

162 3446 198 3495 II.
219 3447 272 3494 loo.
535 3487 548 3497 ,
749 3445 895 3508 Hieronym.
918 3445 998 3509 Epist.
1019 3446 1058 3497 57.
1093 3448 1227 3495 Lanarum
1243 3462 1298 3497 ecn-

193 3527 336 3587 Porteaque
351 3541 401 3574 aon
418 3528 522 3574 elautae.
557 3523 632 3573 Silius
649 3524 706 3572 Ital.
749 3526 833 3586 cbyltu
850 3525 906 3586 quta
923 3526 951 3572 in
962 3527 1102 3587 prtste'aum
1117 3527 1297 3576 coloremreuo-

162 3603 240 3652 XVI.
258 3604 315 3653 693.
346 3605 474 3666 Carthaea
485 3605 603 3652 tmrnunta
613 3609 709 3652 nostroe
749 3604 802 3651 eet?
817 3602 1296 3667 ApertiusHoratianaexpressitQuin-

158 3696 249 3731 aecrcru
266 3685 362 3732 laborer
390 3685 484 3730 Audet
500 3683 596 3729 intereo
608 3687 633 3730 et
651 3697 707 3743 por-
748 3681 864 3730 etilianus
873 3682 894 3731 1.
909 3684 929 3731 l.
940 3684 963 3732 5.
976 3685 1041 3746 quod
1050 3684 1194 3746 interpretes
1206 3685 1297 3734 utrius-

159 3763 194 3809 te’a
211 3763 311 3810 bellabit
328 3763 439 3824 apertr's?
470 3761 559 3809 lustin.
576 3759 706 3809 XXVIII.
749 3774 796 3822 que
813 3762 936 3824 scriptoris
953 3777 1003 3811 non
1020 3763 1095 3825 fugit:
1114 3764 1297 3812 n'eczanarum

159 3842 183 3888 2.
210 3842 292 3889 Pea'ue
301 3841 353 3888 illia
362 3846 452 3902 portua
463 3841 582 3888 adversm
597 3837 706 3887 Cartha·
749 3841 855 3898 coloreo,
887 3843 977 3902 quidue
1001 3843 1109 3902 sirnplea
1135 3842 1178 3889 ille
1203 3845 1296 3890 candor

158 3920 282 3980 pinenses
306 3921 475 3982 operiendas,
500 3931 562 3979 quoe
586 3918 707 3966 eleuarit
748 3925 862 3967 nectatur
886 3924 936 3976 eet,
961 3921 1013 3967 elac¹
1034 3924 1148 3980 pereunt.
1182 3919 1234 3968 Ubi
1250 3935 1296 3982 pro

159 4001 239 4044 metm
256 3999 351 4045 Pem'ci
367 3997 432 4045 belli.
465 3995 515 4044 Ubi
525 3995 574 4057 leg.
585 4011 649 4057 quea
660 3999 705 4045 ed·
748 4005 861 4045 mutalue
885 4012 932 4059 ego
956 3996 1057 4046 mallem
1083 3999 1227 4045 medicatae.
1268 3999 1295 4048 Si

159 4088 245 4122 ceram
264 4074 485 4137 Cortboptne'emee
496 4076 616 4123 clauserit
627 4081 707 4124 metue
748 4082 830 4126 tamen
847 4076 940 4139 aliquid
957 4075 1105 4123 mutandum
1123 4076 1161 4123 sit.
1191 4075 1293 4126 Crame-

160 4155 257 4202 Punict'
273 4154 337 4202 cent
371 4153 458 4202 Valer.
475 4154 546 4203 Max.
564 4154 634 4205 117.
662 4157 707 4203 In·
748 4169 790 4202 rus
811 4157 841 4203 od
868 4155 969 4205 Scholia
986 4154 1113 4203 Iuvenalis
1129 4170 1186 4217 pag.
1203 4156 1243 4204 86.
1261 4155 1295 4205 le-

159 4234 263 4295 ctionum
275 4234 385 4281 maximo
395 4234 499 4294 e‘otpera'o
510 4236 624 4291 credidit,
635 4250 707 4296 quem
748 4234 821 4296 gebat
830 4234 947 4296 fucetur.

160 4325 209 4359 uon
229 4325 278 4360 utu
298 4313 392 4372 virtus,
414 4314 457 4360 aed
471 4311 546 4374 foeta
567 4313 708 4375 callumque
782 4314 866 4362 Curat
882 4315 970 4376 reponi
986 4315 1155 4364 deterioribus.
1181 4316 1238 4364 Non
1254 4330 1296 4363 cu-
