2916 5220
559 301 879 365 CARMINUM

336 491 489 554 Frustra:
515 511 591 554 uam
616 488 759 574 scopulis
783 489 911 554 surdior
933 489 1017 554 Icari

336 594 438 658 Voces
462 593 556 658 audit
579 593 684 657 adhuc
708 592 844 676 integer.
892 591 956 674 At,
981 591 1044 655 tibi

378 696 429 760 Ne
452 695 580 760 vicinus
606 694 752 779 Enipeus

424 799 504 869 Plus
528 799 618 863 iusto
639 797 788 882 placeat,
813 818 906 861 cave:

335 901 492 981 Quamvis
516 922 582 965 non
606 900 691 965 alius
714 899 842 964 flectere
866 921 986 983 equum
1009 899 1116 964 sciens

333 1003 447 1089 Aeque
470 1003 671 1089 conspicitur
692 1002 843 1088 gramine
867 1001 1006 1084 Martie,

379 1108 448 1172 Nec
472 1107 647 1192 quisquam
670 1106 756 1171 citus
779 1127 881 1192 aeque

425 1210 529 1274 Tusco
552 1209 688 1273 denatat
710 1209 813 1273 alveo.

335 1311 446 1376 Prima
468 1316 564 1376 noete
588 1309 723 1375 domum
746 1309 877 1393 claude,
901 1332 1007 1395 neque
1030 1309 1065 1374 iu
1087 1309 1159 1375 vias

336 1417 403 1482 Sub
427 1422 527 1482 cantu
549 1415 703 1501 querulae
726 1414 856 1500 despice
880 1414 998 1498 tibiae,

378 1520 423 1584 Et
446 1525 479 1585 te
502 1541 599 1604 saepe
622 1519 754 1583 vocanti

424 1623 549 1687 Duram
573 1621 717 1687 difficilis
741 1643 846 1687 mane

158 1779 228 1825 (locu
244 1790 302 1824 cum
314 1773 707 1832 historias,narrateihistorias‚
747 1775 797 1823 tius
813 1775 861 1824 VI.
890 1774 971 1823 Theb.
989 1775 1029 1823 bl.
1062 1774 1115 1822 Ille
1138 1788 1236 1836 quaque
1260 1774 1299 1837 af·

157 1871 220 1920 quae
238 1859 352 1911 monent,
377 1857 471 1915 quanto
487 1853 575 1902 melius
592 1853 623 1900 sit
640 1867 707 1900 amo
740 1853 820 1917 fatus
836 1869 887 1902 nan
904 1854 1004 1902 nullius
1020 1853 1096 1901 audit
1107 1854 1201 1900 ammas
1213 1853 1299 1910 Quam

157 1949 209 1982 rem
231 1947 281 1981 non
303 1945 430 1994 spernere,
453 1946 530 1994 quam
554 1937 660 1980 mortem
683 1938 709 1980 et
748 1935 829 1982 trucis
854 1934 925 1981 Ionii
952 1934 1035 1980 rabies
1059 1932 1202 1980 clamantia
1224 1932 1300 1992 panti

158 2013 243 2060 mortis
264 2009 373 2073 pericula
390 2010 468 2058 nimia
489 2009 635 2058 castimonia
651 2025 707 2072 pro·
752 2013 816 2060 Vota
836 2010 927 2059 sirim.
965 2009 1073 2061 Credam
1094 2010 1176 2072 potius
1198 2009 1300 2058 Horatii

159 2105 253 2140 vocare.
293 2091 328 2139 Et
352 2089 469 2138 historiae
494 2089 556 2137 tales
580 2103 630 2137 non
655 2095 706 2136 tam
747 2103 811 2138 esse:
829 2091 899 2137 Nam
915 2091 1023 2149 scapulis
1039 2089 1128 2137 durior
1139 2088 1222 2138 Icari.
1244 2091 1299 2136 Du-

159 2171 244 2218 docent
260 2181 374 2231 peccare,
391 2182 467 2230 quam
484 2169 578 2217 tacitae
594 2174 708 2226 monent,
747 2183 793 2217 rus
808 2169 940 2231 praecipue
956 2168 987 2215 de
1003 2181 1031 2215 co
1047 2167 1149 2224 dicitur,
1167 2167 1211 2231 qui
1228 2182 1298 2214 ama·

158 2254 188 2294 ut
205 2261 285 2295 annus
302 2253 327 2296 et
343 2246 406 2295 hora
417 2253 529 2304 monent,
542 2246 708 2309 respiremus
748 2253 788 2294 tus
800 2261 851 2295 non
866 2253 1025 2310 permovetur
1034 2252 1062 2293 ut
1075 2246 1195 2295 redamet.
1211 2247 1301 2295 Pauca

158 2326 315 2375 immortalia.
358 2324 464 2375 Ovidius
495 2332 582 2374 contra
610 2333 635 2375 et
664 2325 707 2373 alii
748 2325 778 2374 de
794 2339 822 2373 co
839 2325 948 2373 dicemus
966 2325 998 2372 ad
1015 2323 1101 2373 Caum.
1116 2325 1153 2372 ll.
1181 2324 1300 2388 Vulgata

158 2419 231 2468 saepe
247 2408 333 2456 docent
350 2419 461 2467 peccare.
748 2410 784 2451 est
800 2405 952 2467 comparatio
969 2403 1026 2452 talis
1044 2403 1150 2451 duriuae
1161 2410 1186 2451 et
1196 2405 1301 2453 omnino

192 2484 316 2533 Frustra:
357 2499 417 2532 nans
459 2483 568 2544 crepidis
607 2483 708 2530 surdior
747 2484 882 2531 constantis
909 2484 985 2531 animi
1017 2497 1075 2531 cum
1100 2497 1162 2530 saxo
1187 2485 1300 2534 marino:

160 2563 234 2611 Icari
255 2566 330 2613 Voces
346 2564 420 2610 audit
436 2563 519 2609 adbuc
534 2563 636 2623 iateqcr.
671 2559 708 2608 Ut
748 2561 797 2609 vid.
820 2562 945 2611 Homerus
962 2562 1034 2611 Iliad.
1053 2560 1082 2611 Ο.
1101 2562 1157 2610 618.
1176 2563 1298 2626 Apollon.

159 2643 338 2703 nequidquam,
353 2641 436 2704 falsa,
456 2640 492 2687 ita
506 2640 624 2698 frustra:
652 2638 707 2686 vide
748 2639 830 2688 Rhod.
848 2639 898 2689 ΠΙ.
927 2641 998 2689 1294.
1022 2640 1148 2703 Virgilius
1172 2655 1222 2690 non
1249 2658 1302 2692 uno

161 2720 269 2769 Gronov.
287 2720 319 2766 ad
336 2720 392 2767 Liv.
410 2719 496 2767 XLII.
514 2719 555 2765 64.
589 2716 641 2764 Pro
663 2731 706 2763 au·
749 2718 816 2776 loco,
834 2719 935 2782 quando
951 2736 974 2768 v.
993 2733 1014 2768 c.
1032 2719 1135 2768 Aeneas
1150 2722 1232 2769 nullis
1250 2738 1300 2770 nea-

160 2800 200 2845 dit
226 2797 350 2846 Gesnerus
375 2799 401 2847 in
427 2796 492 2846 Call.
521 2797 580 2846 Sax.
607 2796 707 2858 reperiri
748 2805 820 2846 uetur
838 2800 954 2847 Fletibus
970 2805 1017 2848 aut
1032 2813 1101 2849 acces
1117 2800 1185 2846 ullas
1202 2804 1300 2849 tracta·

161 2875 222 2922 dicit
237 2879 343 2938 spernit.
377 2876 450 2936 Quod
473 2875 628 2938 aliquatenus
651 2888 707 2921 oon·
749 2877 805 2923 aab
821 2877 903 2923 audit.
937 2877 1033 2924 Lucan.
1050 2876 1084 2924 X.
1104 2877 1158 2926 104.
1177 2879 1209 2927 de
1227 2879 1301 2929 creo-

161 2955 276 3002 firmatur
305 2955 359 3002 loco
391 2954 498 3004 Senecae
523 2952 625 3015 Hippcl.
651 2953 707 3001 580.
748 2959 832 3016 patra:
870 2955 1047 3017 Nequidquam
1074 2958 1154 3005 duras
1178 2963 1301 3007 tentasset

167 3036 204 3082 Ut
224 3036 291 3082 dura
307 3040 393 3083 cautes
410 3035 521 3095 undique
536 3033 709 3080 intractabilis
752 3032 870 3081 Caesaris
895 3048 983 3082 aures:
1011 3036 1101 3084 Voltus
1125 3038 1197 3084 ndat
1216 3041 1299 3099 preci-

162 3115 273 3162 Resistit
298 3115 383 3170 stridis,
410 3118 435 3161 et
460 3114 605 3162 lacessentes
629 3126 708 3173 aquas
750 3114 809 3170 bus,
823 3111 954 3174 faciesque
978 3114 1074 3162 incesta
1096 3121 1209 3177 marat.
1245 3116 1300 3165 Sta-

162 3194 246 3255 Lanqe
261 3194 383 3248 remittit,
400 3195 474 3240 caba
491 3191 707 3252 sicspernitnrea.
749 3191 798 3238 tius
814 3189 849 3238 V.
867 3191 947 3239 Theb.
967 3192 1024 3242 723.
1059 3194 1115 3241 Illa
1134 3195 1203 3242 uelut
1224 3211 1302 3258 rupes

163 3273 269 3333 Spernit
285 3269 360 3319 etiam
376 3276 430 3318 erat
446 3270 472 3317 in
488 3269 566 3319 MSS.
584 3267 669 3316 Pulm.
683 3274 708 3316 et
748 3268 850 3317 inamata
873 3284 952 3318 saaca
975 3272 1032 3319 risu
1064 3272 1169 3321 Haeret.
1213 3273 1300 3323 Sidon.

161 3349 256 3397 Bersm.
269 3350 319 3396 vid.
330 3348 436 3397 Bentlei.
453 3349 484 3395 ad
503 3348 591 3396 Horat.
612 3347 633 3396 I.
655 3348 706 3397 Sat.
750 3346 862 3407 Apolliu.
880 3347 959 3409 Epist.
978 3348 1026 3397 IV.
1043 3350 1084 3397 23.
1118 3351 1181 3399 Nisi
1191 3355 1302 3414 scapulis

162 3429 186 3475 3.
206 3430 246 3476 25.
269 3429 313 3490 qui
338 3428 402 3475 illud
427 3427 579 3489 repudiavit,
607 3432 707 3490 propter
750 3427 839 3474 durior
856 3429 945 3483 duras,
968 3433 1015 3475 aut
1036 3430 1216 3478 adamantibus
1235 3433 1298 3494 riqi-

161 3506 324 3554 imitationem
341 3520 438 3567 quoque
455 3505 543 3567 Eurip.
557 3506 661 3553 Medeae
671 3520 707 3554 vs.
750 3506 806 3552 dior
829 3520 972 3567 persecare
995 3507 1176 3555 insecabilibus.
1211 3509 1300 3558 Plera-

162 3583 202 3631 28.
221 3584 254 3640 ὡς
272 3584 296 3632 δὲ
308 3582 399 3647 πέτρος
410 3583 426 3641 ὴ
437 3583 580 3641 θαλάσσιος
593 3583 708 3640 Κλυὸὠν,
749 3599 798 3646 que
808 3584 858 3632 hue
869 3583 982 3632 facientia
992 3583 1093 3646 collegit
1100 3585 1300 3637 Valckenaerius

163 3660 262 3722 ἀκούει,
280 3659 462 3723 νουθετουμένη
479 3661 568 3724 φίλων.
602 3662 642 3710 Ac
660 3662 707 3710 for·
750 3664 994 3728 adEurip.Hippol.
1008 3666 1112 3713 rabbi.
1131 3668 1250 3717 Icarium
1262 3678 1301 3718 est

162 3746 226 3788 tasse
242 3740 331 3788 melius
348 3738 464 3788 estnihil
482 3741 582 3787 omniuo
599 3741 707 3790 hicmu-
750 3745 857 3792 eiusdem
875 3744 967 3792 formae
993 3749 1067 3806 atque
1092 3747 1209 3807 Aeaeum.
1244 3749 1299 3797 Ma-

162 3827 222 3868 tare.
239 3819 295 3868 Hoc
305 3824 388 3866 tamen
400 3816 500 3866 diffiteri
514 3818 605 3877 nolim,
621 3820 708 3882 paullo
750 3823 793 3870 nil.
811 3822 925 3872 Ivcle.
959 3824 1075 3871 Icarium
1092 3822 1249 3887 Aeqeuraque
1260 3843 1298 3876 se·

162 3899 223 3947 mihi
245 3896 392 3945 insolentius
413 3897 492 3945 videri
512 3899 585 3945 audit
608 3900 709 3946 surdior
749 3908 798 3950 eat.
832 3901 903 3950 Idem
920 3903 1026 3949 occurrit
1043 3902 1109 3965 apud
1125 3903 1236 3952 Marium
1254 3906 1299 3953 Vi-

161 3979 281 4039 scopulis,
302 3981 375 4038 atque
395 3975 459 4023 illud
481 3990 629 4038 oxymorum
651 3975 708 4024 huic
750 3982 873 4029 ctorinum
898 3997 954 4043 pag.
984 3982 1057 4030 2562.
1088 3983 1136 4029 nisi
1164 3983 1216 4044 ipse
1241 4000 1299 4032 cum

162 4057 217 4105 loco
237 4071 286 4106 uon
307 4055 366 4102 satis
387 4055 524 4102 convenire.
559 4055 639 4103 Aliud
659 4060 709 4115 esi,
750 4073 850 4107 versum
868 4059 974 4108 finxerit.

163 4135 235 4184 Ovid.
262 4137 282 4184 I.
300 4135 361 4183 Am.
387 4135 411 4182 6.
432 4134 472 4185 27.
509 4136 616 4185 b'rrreia
636 4150 709 4183 araa-
783 4139 896 4185 Durani.
929 4137 1015 4200 Gyges
1035 4144 1072 4186 est
1093 4138 1169 4186 durus
1190 4138 1300 4198 Chloac,

164 4220 212 4263 tem
229 4215 403 4276 nequidquam,
421 4215 517 4263 ianitor
534 4216 616 4262 arceiis.
653 4214 707 4263 Sta·
750 4214 784 4262 ita
801 4221 829 4262 tu
847 4217 880 4264 sis
897 4217 961 4264 dura
977 4217 1080 4280 Enipeo.

658 4331 809 4355 aem—-
