2916 5220
655 306 974 371 CARMINUM

430 497 521 561 lianc
545 504 654 581 increpuit
677 498 792 569 orinia,
819 497 918 558 uicere
938 496 1094 579 questions,

477 601 547 679 Quo
564 608 663 684 porte
686 595 911 661 ciebocclnntur
935 599 1043 682 iones,

520 703 590 782 Quia
612 699 740 765 nebulae
763 698 925 784 pluviique
946 719 1045 763 rores.

429 806 494 870 Seri
515 803 665 869 bellicosis
677 803 759 888 sato
788 801 962 883 Quiritibus

427 911 501 972 Ηαα
525 908 587 996 iope
610 908 695 990 dico,
719 930 757 972 ne
780 911 908 972 nimium
926 910 980 990 pii

474 1010 636 1097 Rebusque
647 1011 787 1096 fidentes
815 1014 919 1074 aritae

523 1116 617 1178 Tecto
639 1113 734 1178 uelint
756 1134 913 1198 reparare
941 1114 1065 1178 Troiae.

248 1243 343 1292 obstitit
359 1241 502 1291 Romana?
536 1241 586 1291 Sed
603 1247 658 1288 tum
675 1240 797 1289 Latinitas
838 1246 863 1288 et
879 1238 1022 1288 celerrimus
1040 1239 1177 1297 discursus,
1193 1237 1275 1302 qualis
1291 1251 1392 1286 esseco-

249 1322 359 1384 postulat
375 1321 510 1379 obstiterit,
528 1326 553 1369 et
568 1318 691 1368 sententia
708 1324 745 1366 est
761 1317 797 1364 in·
838 1318 873 1367 let
889 1318 1052 1366 Baccharum.
1077 1319 1116 1367 Ut
1132 1324 1198 1366 recte
1214 1316 1309 1365 dixeris
1325 1318 1394 1364 aerrtt

248 1408 318 1464 epta,
347 1400 413 1463 quod
440 1399 548 1447 ostendit
571 1397 707 1447 Bentleius.
749 1397 798 1446 Hic
838 1404 864 1446 et
880 1400 971 1447 irrrbrea
988 1400 1156 1458 bacchantur,
1175 1397 1211 1445 ita
1228 1397 1312 1443 minus
1329 1400 1394 1442 recte

248 1483 340 1531 mutulo
356 1495 371 1529 θ
387 1478 464 1529 MSS·
483 1470 663 1536 revoeavstfssl
677 1475 798 1539 explicat:
838 1480 922 1539 color,
937 1479 1005 1540 iquos
1021 1480 1091 1536 solis,
1107 1478 1211 1525 nebulae
1227 1477 1394 1524 bacchantur.

248 1561 388 1622 quicunque
405 1560 528 1606 terminat
545 1559 627 1605 orbern
639 1557 799 1603 habitabilem
840 1557 920 1606 Porro
941 1557 981 1604 vir
1002 1557 1088 1604 doctus
1104 1555 1169 1603 libro
1185 1568 1230 1602 suo
1246 1552 1394 1601 annotavit:

250 1640 349 1688 cluant.
384 1636 434 1686 Sed
450 1638 485 1684 ita
510 1637 583 1685 etiam
607 1635 740 1698 requiritur
760 1636 799 1682 ob·
840 1637 934 1686 Markl.
958 1637 990 1684 ad
1011 1635 1098 1698 Eurip.
1117 1633 1205 1697 Suppl.
1225 1650 1249 1696 p.
1267 1633 1320 1681 256
1342 1635 1394 1680 ain·

251 1719 362 1773 stiterit,
379 1715 419 1764 vel
437 1718 517 1778 potius
534 1718 620 1764 obstet.
651 1715 712 1765 Sola
728 1714 800 1761 metri
839 1732 900 1765 rere.
935 1714 974 1764 cf.
993 1713 1133 1776 Xenophon
1151 1712 1243 1775 Cyrop.
1262 1718 1287 1760 et
1301 1711 1394 1759 Iulian.

251 1794 383 1845 necessitas
408 1793 543 1856 perfectum
568 1801 666 1855 tempus
687 1793 799 1841 extorsit.
840 1793 910 1843 Orat.
929 1794 949 1841 I.

253 1877 359 1924 obruite
380 1876 494 1922 excusari
515 1888 566 1923 non
584 1879 676 1936 potest,
701 1873 748 1920 nisi
764 1873 800 1920 di·
874 1875 924 1924 Sed
944 1874 1063 1922 bellicosis
1076 1872 1141 1932 suta
1161 1871 1311 1929 Quiritibus-r,
1334 1872 1395 1918 Hac

251 1969 337 2002 camus
355 1969 378 2002 v.
396 1967 416 2002 c.
435 1953 600 2016 “Quicunque
613 1953 733 2001 terminus
745 1952 800 2000 aliis
841 1954 968 2016 benedico.
1001 1951 1094 1999 Fatum
1115 1956 1152 1998 est
1172 1949 1298 2012 potentius
1316 1949 1395 1997 omni-

250 2034 347 2096 populia
363 2035 476 2094 obatitit,
500 2034 567 2082 hunc
588 2040 687 2094 superet
709 2032 800 2080 Roma·
841 2034 887 2081 bus
905 2032 972 2081 Deis.
1007 2031 1077 2079 Haec
1099 2031 1163 2093 ipsa,
1185 2030 1246 2078 Deis
1263 2028 1342 2077 etiam
1359 2031 1394 2077 in·

250 2113 322 2162 nus.''
340 2113 380 2160 vel
398 2112 564 2176 “Quicunque
581 2113 702 2160 terminus
720 2111 801 2158 adhuc
841 2113 915 2169 vitis,
940 2112 1006 2158 riam
1033 2109 1197 2158 inveniebant.
1229 2108 1285 2157 Diis
1311 2109 1394 2156 solum

249 2192 344 2240 mundo
365 2191 472 2248 obstitit,
498 2191 565 2238 hunc
586 2198 686 2253 superet
707 2190 798 2239 Roma·
841 2191 996 2247 conceditur,
1018 2197 1047 2236 ut
1067 2194 1153 2236 contra
1171 2187 1224 2235 fata
1240 2203 1339 2237 nrormn
1356 2189 1392 2237 fa·

248 2272 320 2319 nus.''
356 2270 406 2320 Sed
423 2270 502 2318 maior
519 2269 656 2318 obscuritas
673 2275 710 2318 est
726 2269 750 2315 in
764 2268 799 2314 di·
841 2270 924 2329 ciant,
954 2269 1021 2332 quod
1051 2268 1109 2315 dicit
1134 2266 1217 2317 Sahal.
1244 2265 1320 2316 Statii
1346 2267 1393 2316 IV.

250 2349 330 2398 ctione
343 2351 466 2398 terminus
477 2351 559 2398 obstat
569 2349 669 2396 orando
687 2346 800 2408 Simplex
842 2350 920 2398 Theb.
935 2350 991 2400 677.
1021 2348 1105 2410 Igitur
1122 2347 1188 2394 Iuno
1204 2345 1256 2393 fata
1272 2345 1394 2395 Romanis

250 2436 304 2478 erat
326 2431 495 2491 “Quicunque
511 2430 545 2477 sit
562 2428 683 2476 bertuinus
700 2428 800 2484 currendi,
841 2431 922 2478 dicere
928 2434 953 2476 et
963 2426 1112 2475 constituere
1120 2439 1169 2472 non
1178 2425 1265 2488 potuit.
1275 2425 1394 2474 Heindus

249 2508 289 2556 vel
307 2509 421 2557 nruncb.’‘
455 2507 541 2570 Atque
562 2506 609 2554 hoc
628 2505 729 2553 diversis
746 2519 798 2552 mo-

250 2588 288 2634 ‹lis
305 2587 412 2650 exprimi
429 2594 522 2650 potest,
539 2593 580 2634 ut:
598 2586 718 2634 terminus
735 2590 800 2645 stat,

243 2667 351 2727 finitur,
366 2667 484 2726 ponitur,
503 2667 632 2727 panqitur.
667 2664 801 2712 Terminus

250 2746 333 2792 obstat
359 2745 467 2800 currendo,
494 2749 532 2791 est
557 2745 677 2792 terminus
701 2746 726 2792 in
752 2744 801 2792 fine

251 2819 338 2867 mundi
358 2822 470 2882 positus,
494 2820 642 2883 impediens,
668 2822 801 2883 quominus

250 2899 358 2945 mundus
370 2899 439 2946 ultra
448 2899 585 2958 mundum,
602 2900 669 2948 ultra
683 2916 710 2949 se
720 2902 800 2964 ipsum

250 2977 431 3041 progrediatur.
468 2979 603 3041 Superest,
629 2986 657 3026 ut
682 2984 801 3031 retrudunt

251 3060 441 3121 interpretemur
463 3061 594 3118 nrortulee,
614 3075 692 3122 nenne
711 3062 799 3108 breina-

251 3154 324 3196 nurn,
343 3138 411 3186 unde
423 3137 481 3185 talis
492 3139 614 3186 sententia
624 3139 715 3186 oritur:
734 3141 801 3202 “qui-

251 3232 349 3279 cunque
378 3218 498 3265 terminus
527 3217 623 3265 obstitit
651 3218 801 3278 hominibus,

251 3297 384 3360 quominus
402 3297 507 3345 ulterius
524 3297 695 3359 procederent,
713 3313 802 3360 quous-

254 3391 301 3437 que
313 3376 432 3424 mortales
444 3376 565 3432 venerint,
581 3377 631 3423 huc
642 3377 744 3425 veniant
754 3377 802 3425 Ro·

252 3457 343 3503 mani.'’
373 3455 421 3504 Sed
440 3455 486 3503 hoc
503 3470 552 3504 non
571 3464 608 3504 est
625 3463 709 3505 tantae
725 3457 802 3505 laudi.

254 3535 359 3582 Dicendi
384 3534 451 3582 enim
476 3542 534 3582 sunt
559 3535 667 3583 Romani
691 3535 802 3595 venisse,

253 3628 303 3674 quo
319 3610 519 3662 nulli'mortalos
536 3616 664 3663 venerint:
680 3620 756 3662 entra
768 3618 802 3663 si·

843 2507 875 2554 ad
887 2506 960 2556 Ovid.
969 2507 1003 2554 V.
1016 2505 1117 2554 Heroid.
1127 2506 1167 2553 33.
1185 2505 1268 2552 locum
1279 2512 1393 2554 nostrum

842 2586 873 2633 ad
894 2601 924 2634 ca
945 2585 1061 2647 exempla
1082 2582 1179 2640 retulit,
1204 2583 1229 2629 in
1247 2582 1341 2644 quibus
1357 2585 1394 2630 di-

841 2681 895 2715 cere
910 2665 962 2712 rim
979 2664 1083 2715 eandem
1100 2663 1182 2722 habet,
1199 2677 1276 2726 quam
1291 2665 1394 2726 praedi·

842 2759 902 2794 cere.
936 2744 986 2793 Sed
1006 2745 1070 2792 Iuno
1085 2742 1150 2804 fata
1166 2756 1267 2790 noscere
1282 2749 1393 2803 poterat,

843 2831 872 2871 ut
892 2824 958 2886 apud
979 2822 1119 2884 Virgilium
1136 2821 1266 2869 audiverat
1287 2822 1329 2871 Sic
1346 2825 1394 2871 voi-

842 2919 899 2951 aere
918 2905 1026 2950 Parcas.
1061 2900 1126 2947 Iuno
1149 2901 1224 2961 leqem
1244 2906 1289 2947 aut
1311 2903 1394 2949 cormi-

843 2984 934 3030 tionem
951 2979 1002 3027 fato
1020 2979 1110 3026 addere
1127 2992 1176 3024 non
1189 2984 1295 3040 poterat.
1322 2978 1394 3028 Conf.

843 3060 970 3107 annotatio
991 3058 1068 3106 Tullii
1085 3058 1116 3105 ad
1133 3057 1277 3106 Ausonium
1293 3074 1319 3120 p.
1339 3060 1393 3109 lib.

844 3139 926 3188 Sidon.
945 3137 1059 3201 Apollin.
1077 3136 1161 3187 Carm.
1171 3137 1234 3185 VII.
1247 3140 1301 3186 123.
1321 3141 1394 3202 Iupi-

844 3225 882 3266 ter
906 3221 958 3267 iata
981 3217 1068 3281 refert.
1104 3216 1209 3274 Fatum,
1234 3232 1282 3279 qao
1302 3227 1395 3268 cuncta

843 3305 976 3360 renuatur,
992 3298 1094 3359 Quoque
1102 3311 1151 3357 eqo,
1159 3311 1209 3344 non
1218 3297 1290 3344 licuit
1292 3297 1394 3361 frunpi.

877 3378 992 3424 Nimium
1006 3377 1053 3438 pti
1087 3374 1139 3422 Pro
1158 3374 1198 3434 pn·
1217 3373 1244 3420 in
1262 3374 1321 3424 MS.
1338 3391 1395 3439 pro·

842 3453 917 3517 prtia.
951 3455 974 3502 E
992 3454 1081 3516 glossa.

881 3536 958 3584 Tecto
973 3537 1051 3584 uelint
1067 3548 1189 3595 reparare
1208 3534 1307 3582 Troiae.
1338 3536 1395 3584 Non

844 3613 928 3661 laudo.
961 3614 1054 3662 Melius
1076 3613 1117 3661 hic
1136 3619 1201 3661 crat:
1222 3615 1328 3664 Troiani
1345 3619 1397 3664 uoi-

253 3695 327 3751 dero,
343 3698 419 3740 entra
431 3695 493 3740 ricini
504 3695 611 3756 euinque
620 3696 688 3750 vina,
706 3699 734 3739 ut
745 3693 804 3741 dicit
845 3699 898 3740 tarn
915 3696 993 3741 veiint
1005 3708 1130 3755 reparare.
1153 3693 1252 3741 Auctor
1264 3700 1322 3742 ante
1336 3709 1394 3743 ocu-

253 3770 385 3833 Virgilius.
419 3770 499 3818 Po‘eta
518 3772 636 3833 cogitavit
653 3772 714 3818 duas
731 3787 804 3820 zonas
845 3771 883 3820 los
909 3773 1023 3821 habuisse
1047 3773 1145 3821 ridetur
1165 3773 1239 3836 Virg.
1257 3774 1306 3822 IV.
1330 3775 1396 3822 Aen.

253 3863 302 3896 non
328 3849 491 3908 habitabiles,
519 3851 628 3898 imitatus
656 3851 755 3900 Horatii
782 3854 803 3901 I.
844 3852 901 3898 342.
919 3851 961 3898 ubi
978 3852 1090 3901 Aeneas:
1108 3851 1143 3900 “si
1162 3867 1217 3901 mco
1233 3853 1338 3901 arbitrio
1355 3869 1397 3902 cu·

255 3928 338 3977 Carni.
355 3931 396 3978 22.
419 3930 462 3977 ubi
484 3936 520 3978 cst
543 3933 611 3979 intus
632 3934 719 3980 rrricndi
740 3935 806 3995 quon
845 3943 885 3976 ras
894 3944 1040 3992 componere
1049 3931 1142 3992 liceret,
1156 3935 1247 3982 Urbani
1256 3935 1398 3982 Troianum

254 4012 358 4059 nebulae
382 4016 407 4060 ct
433 4013 515 4059 nnlrce
541 4013 643 4074 Iupiter
678 4018 750 4074 nrqet
780 4018 805 4060 ct
844 4011 955 4071 prirrrura
982 4011 1113 4073 dicleesque
1135 4027 1244 4060 tricorum
1261 4013 1399 4074 Reliquias

255 4104 347 4138 currus
367 4090 423 4137 colis
445 4091 553 4137 nimium
571 4093 738 4152 propinquus.
773 4090 804 4136 In
845 4091 959 4138 colerem:
978 4091 1081 4138 Priorui
1099 4096 1166 4139 tectu
1183 4091 1238 4138 alta
1256 4097 1397 4147 enarrarent,

255 4169 342 4229 quibus
367 4174 392 4216 et
412 4171 532 4217 retundunt
553 4176 578 4217 et
599 4171 702 4218 tubulas
723 4171 803 4218 vides:
848 4171 884 4216 Et
901 4170 1011 4218 recidivo
1027 4186 1104 4218 nrauu
1116 4172 1253 4232 posuissem
1268 4173 1398 4233 Perqaura

255 4259 304 4292 non
321 4247 388 4295 vides
406 4250 474 4308 ipnea
490 4253 516 4295 et
532 4250 635 4295 nebulas
648 4250 803 4297 debacclurri.
845 4250 926 4298 uictis
962 4248 1039 4297 Recte
1061 4248 1173 4311 loquitur
1195 4249 1310 4305 Aeneas,
1330 4250 1398 4299 breti

256 4323 287 4371 In
303 4327 420 4374 bacchari
436 4333 472 4372 ost
489 4325 620 4374 vehemens
637 4326 681 4375 ille
698 4327 804 4389 impetus
844 4333 900 4389 post
922 4327 1048 4376 excidium
1065 4328 1139 4376 urbis.
1174 4328 1239 4376 Iuno
1256 4334 1341 4376 autem
1358 4344 1397 4377 co-
