2916 5220
623 319 648 380 ll
674 319 686 379 l
719 319 740 380 s
763 318 789 380 ll
816 320 851 381 n.

346 503 477 568 Inultus
502 510 541 567 ut
556 510 594 566 tu
617 503 727 569 riseris
753 504 901 587 Cotyttia

343 605 507 690 Vulgata,
533 627 660 670 sacrum
685 606 779 671 liberi
804 606 1000 690 Cupidinis,

343 707 388 771 Et
411 707 578 791 Esquilini
603 707 758 771 Pontifex
782 708 918 773 venefici

342 810 482 894 Impune
505 815 543 874 ut
566 809 680 874 urbem
703 810 837 874 nomine
861 810 1007 894 impleris
1032 814 1128 876 meo?

343 913 429 992 Quid
452 913 597 998 proderit
621 913 743 978 ditasse
768 914 923 999 Pelignus
948 936 1053 996 anus,

341 1016 535 1081 Velociusve
558 1017 731 1081 miscuisse
755 1017 921 1099 toxicum,

343 1120 378 1185 Si
403 1121 546 1186 tardiora
570 1121 639 1186 fata
662 1127 694 1186 te
718 1122 804 1186 votis
827 1124 986 1186 manent?

342 1224 478 1308 ingrata
501 1225 620 1288 misero
645 1223 713 1288 vita
738 1224 886 1288 ducenda
918 1231 968 1288 est
998 1225 1137 1306 iubos,

340 1326 442 1392 Novis
467 1334 505 1391 ut
530 1349 633 1412 usque
649 1335 804 1411 suppetas
821 1328 997 1392 doloribus.

343 1429 445 1515 Optat
464 1430 607 1514 quietem
630 1430 761 1514 Pelopis
785 1430 906 1495 infidus
931 1437 1042 1515 pater,

339 1534 450 1618 Egens
473 1535 635 1618 benignae
649 1535 805 1598 Tantalus
832 1556 960 1619 semper
976 1534 1089 1618 dapis3

345 1637 448 1722 Optat
473 1639 688 1703 Prometheus
712 1638 878 1723 obligatus
896 1639 988 1720 aliti,

340 1740 443 1826 Optat
467 1764 618 1826 supremo
643 1741 801 1806 collocare
827 1741 987 1826 Sisyphus

339 1845 378 1909 In
403 1850 515 1908 monte
539 1866 672 1909 saxum:
698 1845 755 1908 sed
771 1850 885 1910 vetant
911 1845 1000 1930 leges
1023 1847 1121 1912 Iovis.

336 1947 436 2011 Voles
460 1947 557 2011 modo
582 1946 659 2011 altis
685 1946 816 2012 desilire
839 1948 1000 2031 turribus,

336 2050 435 2115 Modo
460 2073 537 2115 ense
560 2058 675 2134 pectus
700 2051 820 2115 Norico
844 2052 1024 2134 recludere,

156 2189 223 2240 ctus,
249 2183 301 2231 alta
325 2198 386 2231 saxa
411 2184 581 2241 verberantes,
605 2183 639 2242 (et
660 2184 706 2231 hoc
749 2199 788 2241 ra,
810 2199 886 2247 quam
908 2185 954 2232 sibi
976 2186 1064 2248 aliquis
1081 2186 1107 2232 in
1124 2186 1198 2234 rebus
1216 2187 1300 2250 despe-

158 2269 233 2324 euget
249 2262 383 2325 imaginem
404 2263 566 2325 tempestatis)
583 2277 633 2310 non
654 2270 705 2309 tam
748 2265 808 2311 ratis
825 2267 997 2324 consciscebat,
1015 2267 1094 2330 ξίφος,
1105 2266 1212 2330 ἀγχόνη,
1223 2285 1301 2330 κρημ-

157 2341 227 2388 surdi
244 2348 301 2388 snnt
318 2343 420 2400 navitis,
438 2358 571 2405 quamego
584 2358 639 2391 snm
655 2343 706 2391 tibi.
749 2343 803 2399 νός.
838 2342 869 2390 In
895 2345 932 2391 his
959 2345 1101 2407 praecipitia
1124 2344 1252 2392 naturalia
1277 2353 1302 2392 et

158 2419 291 2470 Caeterum
308 2421 348 2469 hic
364 2436 421 2469 cum
432 2421 537 2470 Horatio
550 2429 707 2485 comparetur
748 2421 851 2470 inventu
873 2423 993 2472 facillima
1016 2432 1074 2471 sunt
1095 2439 1178 2485 rupea.
1212 2423 1301 2487 Itaque

158 2499 277 2548 Tibullus
298 2500 333 2548 II.
356 2502 379 2549 4.
401 2502 424 2549 9.
460 2504 536 2550 Stare
557 2505 595 2550 vet
612 2504 708 2550 insania
749 2500 809 2548 haec
827 2502 875 2548 tria
891 2503 958 2564 apud
976 2503 1095 2564 Tragicos
1114 2502 1247 2549 memorari
1264 2517 1300 2551 so-

156 2584 242 2627 cantet
258 2581 362 2628 adnomen
373 2582 465 2639 sentit,
483 2580 621 2644 Naufrayc
632 2596 707 2643 quern
750 2577 818 2628 lent:
836 2580 901 2637 inde,
919 2581 984 2642 apud
1003 2581 1064 2629 alios
1082 2581 1219 2643 scriptores
1245 2583 1300 2629 Iam

157 2659 225 2706 vasti
243 2659 360 2706 tunderet
376 2661 446 2707 undu
462 2661 546 2708 utaris.
749 2658 858 2705 diximus
884 2673 913 2706 ea
938 2659 968 2706 de
992 2674 1018 2706 re
1039 2657 1299 2711 uerrucarum.

192 2733 297 2784 Irrnltua
312 2742 342 2784 ut
359 2743 388 2784 tu
405 2739 493 2785 riseris
512 2738 628 2799 Cotpttin
649 2739 707 2784 Vul·
750 2738 850 2786 Terent.
867 2739 949 2787 Andr.
967 2739 1052 2787 1114.
1078 2741 1171 2787 Occidi.
1194 2741 1301 2787 Utr'nnrn

157 2821 228 2877 patu,
245 2830 346 2864 sanum
364 2818 435 2864 lineri
449 2816 592 2878 Cupidinis.
610 2816 708 2865 Auctor
750 2818 812 2866 neritii
832 2824 892 2866 esset
914 2821 1013 2881 aliquid
1033 2821 1085 2876 hic,
1108 2834 1154 2880 quo
1176 2833 1242 2867 nrrrec
1263 2835 1302 2868 ure

157 2893 253 2957 antiqui
270 2895 465 2957 Epigrammatis
482 2896 507 2942 in
524 2896 630 2944 Anthol.
642 2897 706 2944 Bur·
748 2900 910 2960 praecipitem
919 2901 1013 2947 durent.
1029 2899 1080 2947 Ubi
1087 2899 1213 2946 Donatus:
1227 2899 1300 2946 “Non

157 2989 241 3023 mann.
259 2975 290 3024 T.
307 2975 328 3023 1.
346 2990 403 3037 pag.
417 2977 473 3024 433.
508 2978 567 3024 Non
584 2993 622 3024 nre
637 2992 707 3025 eoca—
749 2975 813 3024 dixit
834 2978 947 3040 gladium
970 2985 1014 3026 aut
1035 2978 1167 3040 laqueum,
1192 2993 1223 3026 ne
1239 2985 1301 3027 esset

157 3054 320 3115 sepulchra
337 3069 382 3115 per
397 3053 526 3116 Cotprtta,
547 3054 707 3117 Adferictoe
749 3055 898 3116 tragicum.'‘
921 3055 1028 3104 'Lucan
1050 3057 1127 3105 VIII.
1153 3058 1210 3104 654.
1245 3061 1301 3105 Aut

149 3133 273 3192 fascinos.
311 3131 371 3180 Vid.
395 3131 488 3194 Scalig.
518 3139 542 3180 et
566 3133 706 3182 Burmann.
749 3136 811 3181 rnilti
830 3136 1007 3195 praecipitent,
1030 3142 1136 3188 nautae,
1159 3137 1301 3193 permittite

157 3211 249 3259 Nestor
268 3211 294 3258 in
315 3210 411 3259 Vocab.
428 3225 488 3259 voce
508 3210 617 3273 Cocytus
634 3218 707 3259 testa·
749 3214 855 3268 anitum,
881 3215 937 3259 Aut
959 3213 1074 3273 laqueum
1095 3215 1156 3260 collo
1178 3218 1301 3274 tortosque

158 3297 199 3337 tur
223 3291 250 3337 ln
276 3290 446 3353 antiquissimo
468 3289 560 3338 Codice
584 3291 707 3353 scriptum
750 3297 840 3351 optare
862 3293 992 3348 rudentes,
1017 3291 1073 3337 Aut
1093 3291 1188 3351 aliquia
1206 3292 1300 3352 Mupno

157 3381 210 3417 esse
228 3369 319 3418 Cotitc.
352 3368 405 3417 Pro
425 3384 527 3417 accrum
548 3369 572 3415 in
591 3369 666 3417 Voss.
683 3377 708 3418 et
750 3371 838 3431 dipnna
853 3384 932 3418 conree
948 3370 1032 3430 eniput
1046 3382 1132 3415 eruent.
1158 3366 1299 3429 Appuleius

158 3447 208 3494 alio
224 3448 281 3498 MS.
299 3448 370 3496 Leid.
388 3454 425 3496 est
441 3463 522 3497 sacru.
751 3448 855 3496 Metam.
868 3447 916 3496 IV.
928 3463 953 3510 p.
964 3448 1005 3498 79.
1031 3446 1097 3495 Pric.
1123 3447 1239 3508 Laqueus
1253 3453 1300 3494 aut

191 3528 302 3588 Inprntc
327 3529 415 3575 misero
445 3529 501 3575 vitn
533 3530 645 3576 ducenda
672 3534 709 3576 ert
750 3528 850 3588 eladius
872 3534 916 3574 ont
933 3532 998 3575 certe
1015 3526 1195 3588 praecipitium
1210 3528 1301 3586 procul

157 3606 186 3651 in
212 3606 263 3653 boc.
304 3608 338 3654 In
367 3606 411 3653 boc
436 3611 473 3653 est
497 3605 567 3661 ideo,
596 3605 648 3653 eius
674 3606 708 3654 rei
752 3608 825 3655 dubio
841 3607 1018 3668 capessendum
1035 3610 1080 3652 eat.
1104 3604 1148 3652 Ad
1165 3618 1229 3665 quae
1245 3603 1300 3651 loca

157 3695 252 3732 caussa.
286 3684 394 3733 Gronov.
421 3684 452 3731 ad
479 3683 586 3733 Senecae
607 3684 707 3746 Hippol.
752 3686 783 3733 ab
808 3684 984 3747 interpretibus
1002 3684 1084 3731 multa
1104 3682 1220 3743 exempla
1241 3689 1300 3729 sunt

161 3763 231 3811 1213.
253 3769 277 3812 et
299 3763 433 3811 Ruhnken.
452 3763 483 3808 ad
500 3762 590 3810 Vellei.
610 3763 707 3811 Patere.
751 3770 876 3824 congesta.
905 3762 980 3811 Adde
997 3762 1084 3823 Eurip.
1103 3760 1213 3822 Supplic.
1228 3760 1298 3808 1016.

158 3841 251 3889 11.41.
274 3843 316 3904 qni
332 3847 404 3904 putat
421 3840 606 3889 GraecIssantes
623 3842 707 3903 po'etas
748 3842 842 3890 Ἔνθεν
860 3841 961 3905 ὁρμάσω
979 3840 1054 3888 Τᾶσό’
1073 3839 1125 3887 ἀπὸ
1138 3837 1233 3901 πέτρας
1249 3857 1298 3897 πη·

157 3919 267 3982 primum
284 3922 319 3968 ita
335 3935 388 3968 esse
405 3920 508 3967 locutos.
752 3917 861 3977 δήσασα,
879 3917 976 3965 Arnob.
994 3917 1049 3965 adv.
1068 3917 1169 3966 Gentes.
1187 3917 1237 3966 III.
1248 3919 1299 3965 Er-

197 4003 301 4063 Pelopis
321 4001 416 4062 infidus
437 4007 519 4060 puter.
553 4001 615 4048 Tria
631 4001 708 4051 MSS.
751 4012 811 4059 pone
831 4000 887 4044 Dec
904 4001 1003 4057 coemite
1023 3997 1298 4046 innectuntnrcernici-

158 4079 227 4127 Leid.
251 4080 331 4141 infidi.
365 4080 399 4127 Et
421 4081 455 4127 sic
477 4079 570 4142 legitur
592 4081 618 4128 in
639 4081 707 4128 Viri·
752 4079 798 4124 bue
831 4078 929 4137 laquei,
955 4077 1156 4124 conscenduntur
1181 4077 1299 4125 ardentes

158 4155 229 4203 dario
245 4155 405 4204 Mirandulae
421 4174 444 4219 p.
466 4158 520 4208 187.
753 4157 818 4217 rupi,
845 4160 870 4202 et
885 4170 931 4216 per
950 4160 1035 4202 uastas
1057 4159 1132 4217 atque
1157 4156 1299 4202 altissimus

195 4236 267 4283 Voles
292 4236 361 4283 niodo
387 4237 448 4283 altis
468 4237 568 4284 desilire
588 4239 709 4286 turribus.
753 4250 829 4295 rupea
853 4237 951 4283 iaciunt
974 4250 1001 4283 ee
1023 4236 1121 4296 paaatm
1149 4237 1300 4284 voluntariis

157 4311 219 4359 Tria
236 4312 314 4374 vulgo
333 4314 510 4362 statuebantur
531 4314 617 4362 mortis
636 4329 709 4376 gene·
752 4316 858 4363 saltibus
882 4316 1054 4377 praecipitati.
1088 4313 1127 4363 cf.
1149 4313 1245 4362 Tollius
1267 4316 1298 4362 ad
