2916 5220
666 311 980 374 enuntiabit

483 497 681 578 Mercemur,
707 496 779 581 quis
805 518 923 581 aquam
949 504 1107 583 temperet
1131 499 1287 584 ignibus,
1309 507 1313 513 ’

436 599 507 678 Quo
531 599 705 684 praebente
729 599 863 663 domum
888 605 921 663 et
945 606 1044 684 quota

484 702 632 787 Pelignis
657 723 782 767 caream
807 701 1001 786 frigoribus,
1026 712 1123 768 taces.

437 807 495 869 Da
520 804 613 869 lonae
628 826 770 890 propere
794 825 906 885 noane,

255 958 304 1006 que
320 958 378 992 eum
396 950 494 1003 monet,
520 951 548 991 ut
568 944 649 1007 potius
672 943 702 991 de
727 955 803 990 coena
844 934 910 996 βαλε
925 939 972 985 τὸν
986 937 1086 1001 χειμῶν’
1105 939 1147 986 ἐπὶ
1162 941 1211 1003 μὲν
1228 941 1309 999 τιθεὶς
1332 944 1398 1008 Πῦρ,

255 1030 379 1082 narraret,
405 1023 449 1070 ubi
469 1031 494 1071 et
518 1023 618 1086 quando
635 1028 715 1070 essent
733 1020 800 1068 babi-
844 1013 872 1062 iv
889 1013 913 1063 δὲ
931 1016 1021 1079 ‘iuvat
1034 1018 1106 1064 οἶνον
1124 1015 1241 1076 ἀφειδέως
1259 1020 1398 1085 Μελιχρόν.

254 1100 313 1148 turi.
844 1092 893 1141 Ubi
915 1093 1026 1142 Alcaeus
1048 1102 1100 1143 tam
1123 1096 1229 1159 figurate
1245 1098 1313 1146 dixit
1329 1099 1397 1162 κάβ-

291 1180 357 1237 Quis
373 1195 466 1241 aquam
483 1184 602 1240 teraperet
619 1179 725 1241 ionibus.
748 1178 801 1226 Ex·
822 1216 824 1247 Ι
842 1170 910 1232 daie
926 1174 972 1221 τὸν
983 1177 1108 1236 χειμῶνα,
1120 1190 1195 1237 quam
1207 1175 1329 1224 Horatius
1339 1182 1397 1241 quie

254 1264 349 1318 ponunt
366 1257 405 1304 vel
424 1257 454 1305 de
471 1270 536 1319 aqua
552 1257 583 1303 ad
600 1256 687 1304 vinum
699 1256 800 1304 misccn·
821 1252 824 1367 Ι
843 1264 935 1312 aquam
957 1257 1090 1315 temperat·
1115 1253 1198 1315 Ligna
1220 1253 1275 1302 f⁰00
1292 1256 1395 1314 addere,

254 1336 315 1382 dum
324 1335 500 1395 calefacienda,
509 1334 548 1382 vel
560 1335 590 1383 de
599 1335 686 1383 calidis
698 1335 799 1383 balneis.
842 1336 879 1376 est
896 1329 1028 1378 honestum
1044 1345 1118 1393 Opus,
1140 1338 1165 1380 et
1182 1333 1289 1381 dominis
1306 1349 1393 1385 conve-

253 1414 393 1474 Neutrum,
418 1420 446 1461 ut
463 1413 579 1470 arbitror,
601 1428 695 1462 rerum.
733 1414 800 1463 Nam
842 1407 919 1457 niens.
945 1409 1033 1457 Horat.
1059 1408 1080 1457 1.
1107 1408 1193 1459 Carm.
1225 1413 1248 1460 8.
1278 1416 1394 1463 Discolor

252 1499 341 1541 neutra
361 1507 401 1540 res
424 1491 544 1541 efficiebat
565 1498 617 1538 tam
635 1506 724 1553 graves
740 1505 798 1539 con-
834 1486 936 1550 frique,
962 1489 1031 1550 liqna
1055 1503 1130 1551 snper
1144 1489 1205 1552 foco
1223 1492 1308 1553 Larae
1325 1508 1392 1553 repo-

251 1571 311 1619 vivii
328 1578 422 1634 partos,
440 1576 468 1617 ut
484 1569 525 1617 hic
542 1570 624 1617 statim
636 1569 663 1617 in
675 1571 799 1633 primariis
842 1581 908 1614 nene.

252 1649 431 1698 conditionibus
447 1654 587 1711 poneretur,
600 1654 624 1696 et
641 1649 798 1698 tantamlae·
877 1646 933 1703 Quo
960 1648 1096 1707 praebente
1123 1647 1223 1694 Mmam
1252 1652 1278 1695 et
1308 1653 1391 1709 qnota.

251 1727 320 1776 titiae
345 1741 414 1790 spem
439 1728 583 1776 ostenderet.
617 1728 657 1776 De
680 1730 736 1777 virro
756 1743 797 1790 po·
841 1723 1054 1787 MagisLatinum
1071 1723 1187 1772 hocloco
1205 1723 1391 1784 arbitroerno

251 1805 300 1853 tius
317 1805 419 1854 dixisset
436 1808 492 1868 qais
509 1809 576 1869 iones
593 1813 712 1867 temperet
723 1824 797 1869 aqua.
838 1806 973 1865 praebente
989 1805 1102 1859 domum,
1124 1810 1201 1865 quoia
1218 1806 1336 1866 Pelienir
1352 1821 1389 1855 ca-

251 1882 386 1932 Miscemus
398 1886 485 1933 ainam
494 1902 568 1948 aqna,
577 1899 627 1933 non
636 1886 696 1933 adeo
705 1901 797 1947 aquam
818 1900 820 1971 γ
839 1897 908 1930 ream
919 1882 1070 1945 friqoribas,
1089 1887 1163 1930 taces.
1180 1881 1275 1945 Virgil.
1285 1882 1307 1930 1.
1326 1883 1388 1932 Aen.

250 1963 320 2020 aino,
345 1963 392 2010 nisi
415 1963 458 2025 qui
476 1964 550 2025 primi
573 1971 745 2026 cognoverunt
761 1965 796 2012 vi·
839 1961 895 2009 369.
923 1962 974 2010 Sed
989 1976 1031 2009 noe
1049 1962 1093 2023 qai
1114 1962 1216 2010 tandan
1232 1963 1328 2024 quibas
1348 1964 1389 2011 ad-

250 2056 319 2089 rium.
344 2042 528 2105 UtVirgilius:
547 2042 693 2104 Pocalaqne
708 2043 794 2091 inren-
839 2042 942 2088 venatis
959 2042 990 2089 nb
1006 2042 1065 2089 orie.
1090 2039 1163 2101 Quod
1179 2040 1206 2087 in
1223 2039 1296 2088 borda
1313 2039 1388 2090 MSS.

250 2120 285 2167 tia
304 2121 424 2170 Acheloia
449 2123 549 2171 naiseait
568 2122 630 2169 acie.
665 2121 699 2169 Et
722 2121 796 2170 Silius
837 2119 978 2177 inventum,
1003 2117 1115 2182 praefero
1139 2118 1212 2167 alteri
1233 2121 1327 2182 quibem
1344 2126 1389 2168 aar

249 2196 313 2247 VII.
333 2200 387 2248 169.
415 2203 513 2250 Pocula
536 2215 580 2249 nec
600 2208 693 2250 norant
715 2203 796 2250 arceis
829 2196 946 2247 'amieria
981 2199 1052 2247 Idem
1078 2198 1126 2247 VI.
1154 2199 1220 2248 Aen.
1242 2199 1302 2250 771.
1338 2200 1388 2258 Qui

248 2280 356 2328 mulcere
390 2281 476 2341 Lyaei.
502 2280 555 2330 Ubi
570 2279 673 2327 fortasse
695 2287 719 2328 et
739 2283 795 2329 mie-
837 2278 936 2326 iuvenes
953 2284 1065 2340 quantur
1082 2279 1339 2340 otienissnbssdipt'oe,
1354 2280 1387 2327 vi·

247 2369 302 2404 cere
323 2355 464 2420 legendum.
504 2359 538 2407 Et
559 2371 636 2420 aquas
661 2356 795 2406 calefacere
837 2367 884 2402 ree.
902 2355 988 2404 Valer.
1005 2356 1088 2404 Flacc.
1102 2356 1137 2403 II.
1150 2357 1191 2404 63.
1212 2357 1322 2415 Quanta
1332 2372 1387 2420 qno-
1412 2370 1415 2375 ·

247 2440 285 2482 est
301 2449 363 2498 opus
380 2436 507 2484 sordidum
524 2442 549 2483 et
569 2435 644 2483 servis
659 2435 793 2496 proprium.
837 2434 884 2480 tier
908 2439 934 2481 et
951 2436 1071 2483 Palladis
1092 2441 1148 2484 arte
1170 2437 1309 2484 Incassum
1326 2438 1387 2484 deci·

246 2512 348 2575 Aquam
373 2515 397 2563 h.
420 2514 438 2562 l.
463 2529 508 2576 pro
530 2516 621 2576 plavia
649 2515 793 2575 receperim.
835 2527 890 2559 rrae
906 2515 996 2562 cecidit
1014 2521 1097 2563 tarinor
1114 2516 1212 2563 arduae
1229 2517 1320 2565 undae.
1339 2510 1388 2564 Ubi

245 2590 323 2651 “Quis
340 2593 435 2649 aerem,
452 2593 523 2650 dicit,
541 2593 671 2640 humidum
689 2592 792 2655 etirigi-
835 2590 954 2639 ordoest:
973 2595 1114 2656 Erqaoa'a
1127 2598 1235 2654 quanta.
1262 2592 1387 2656 Alioquin

246 2669 318 2730 dum,
336 2671 379 2733 qui
398 2686 429 2719 ex
455 2671 545 2735 pluviis
570 2671 596 2717 in
616 2671 701 2718 domes
718 2684 791 2733 pene·
834 2670 969 2732 scripsisset
985 2673 1081 2734 quoties
1097 2678 1123 2720 et
1134 2677 1240 2734 quantu.
1265 2672 1352 2736 Nepos
1363 2674 1387 2720 in

245 2749 334 2806 travit,
359 2755 480 2811 temperat
504 2748 617 2810 ignibus,
644 2753 672 2793 ut
693 2761 791 2795 caream
834 2748 926 2797 Timol.
939 2751 963 2798 2.
986 2752 1024 2799 Ut
1040 2753 1117 2800 etiarn
1136 2752 1215 2799 oratis
1231 2759 1384 2809 cerneretur,

244 2824 335 2887 frigore
351 2827 489 2888 Pelign0?'’
512 2826 656 2887 Pelignum,
674 2825 791 2886 oppidum
833 2843 905 2890 quem
927 2834 953 2876 et
980 2844 1011 2876 ex
1036 2834 1131 2890 quanto
1155 2844 1239 2892 regma.
1264 2829 1385 2880 Mallem:

245 2904 406 2961 Sabinorum,
424 2903 528 2966 frigidae
541 2903 655 2964 regionis,
672 2903 730 2950 dicit
738 2903 788 2951 Pa·
833 2922 904 2968 quem
921 2923 951 2955 er
969 2913 1072 2970 quanto.
1099 2908 1167 2956 Plin.
1185 2908 1385 2971 PanegyriciII.

243 2981 296 3043 pias
321 2984 346 3030 in
367 2982 503 3032 Glossario.
539 2984 675 3044 Praeparat
698 2998 791 3044 aquam
833 2988 878 3033 Ea
894 2989 949 3049 ipso
964 3002 1050 3049 aenae
1066 2989 1210 3050 oratiarum
1228 2991 1385 3050 agendarum

242 3063 393 3123 indiderant
411 3061 542 3111 StatiusI.
560 3061 640 3109 Theb.
657 3062 713 3109 305.
743 3063 790 3110 Ob·
832 3065 1007 3127 intelligantur,
1032 3068 1074 3115 cai
1098 3070 1198 3129 qnando
1223 3069 1277 3116 sint
1305 3074 1383 3118 actae.

242 3142 363 3203 nabitqae
378 3155 473 3199 canae,
490 3146 515 3189 et
533 3145 656 3203 temperat
665 3146 739 3187 aetra
748 3156 790 3203 aa·
831 3141 901 3190 Idem
911 3143 990 3192 XIII.
1005 3145 1089 3202 Quam
1099 3147 1293 3196 admirationem
1302 3163 1384 3210 qaena-

241 3219 299 3267 Iero.
334 3221 435 3282 Aquam
452 3220 576 3268 coelestem
592 3233 637 3281 pro
653 3217 789 3281 pluviapo-
831 3224 964 3271 admodum
993 3227 1182 3286 coaeparaaieti.
1229 3225 1383 3288 Calpurnius

241 3297 291 3344 suit
315 3298 442 3347 Horatius.
478 3296 550 3348 Ovid.
567 3297 616 3346 VI.
642 3298 710 3346 Fast.
735 3299 788 3347 198.
830 3300 1059 3364 1v.neiog.152.
1090 3304 1191 3352 Omibi
1208 3319 1284 3366 queam
1300 3310 1383 3355 tenero
1435 3312 1438 3317 '

242 3378 351 3425 Postera
377 3378 424 3424 lan
440 3378 565 3438 Hyadas,
591 3377 721 3426 Taurinae
738 3393 789 3426 cor·
830 3387 1015 3442 qaaeearrant
1028 3383 1143 3430 earmina
1156 3397 1240 3431 versa.
1262 3383 1301 3432 Ut
1318 3390 1384 3433 recte

239 3470 292 3502 nna
302 3455 415 3516 frontis,
442 3457 552 3513 Evocat,
577 3461 602 3503 et
618 3457 701 3504 malm
718 3463 788 3506 terra
829 3457 949 3507 Barthius
966 3474 997 3507 ex
1014 3467 1112 3508 vetusta
1127 3460 1241 3509 editione.
1267 3464 1383 3511 Damam

239 3535 353 3582 madescit
370 3548 444 3597 aqna.
476 3534 531 3581 Liv.
554 3534 630 3584 XXI.
648 3535 688 3583 58.
712 3537 788 3598 Aqaa
827 3541 948 3599 praebere
969 3545 994 3586 et
1011 3539 1070 3586 alibi
1095 3539 1213 3588 Horatius
1237 3543 1380 3604 usurparit,

239 3611 322 3659 iccata
333 3618 418 3669 cento,
435 3630 512 3676 qaam
528 3630 605 3677 anper
621 3617 704 3678 qelida
720 3632 786 3664 raon·
828 3622 853 3664 et
865 3617 968 3665 Tacitus
982 3619 1031 3668 XI.
1049 3620 1173 3669 Annali.
1194 3621 1270 3679 Quod
1282 3623 1383 3670 mmmm

239 3690 304 3738 tiam
320 3693 381 3754 iaya
401 3700 516 3743 concreta
536 3700 605 3743 esset.
635 3693 676 3743 Ita
697 3693 787 3744 Graeci
827 3711 901 3745 saum
920 3699 1016 3748 Valerii
1029 3705 1055 3748 et
1077 3702 1196 3761 Poppeae
1212 3701 1382 3762 cmmreesibae

238 3775 344 3817 utuntur
369 3783 414 3818 suo
436 3770 509 3838 ὕδωρ.
539 3773 666 3835 Aristoph.
696 3773 786 3836 Vespis
825 3776 1010 3835 praebuissent.
1051 3776 1101 3825 Sed
1125 3776 1226 3826 Horatii
1251 3777 1323 3825 locus
1346 3785 1382 3826 est

237 3849 338 3900 vs.736.
347 3853 432 3898 Δεῖται
441 3849 512 3899 δὲκαὶ
521 3856 572 3900 τῶν
580 3852 713 3916 καρπίμων
722 3853 787 3902 ἅττα
827 3855 999 3903 memorabilis
1024 3856 1044 3903 I.
1076 3854 1127 3904 Sat.
1154 3857 1177 3903 5.
1199 3857 1239 3907 37.
1267 3857 1381 3905 Murena

236 3924 329 3990 μὴ’στι
353 3928 467 3992 nonina,
480 3927 563 3993 ’Ὕόωρ
580 3928 706 3993 γενέσθαι,
725 3931 785 3979 viu.
823 3934 959 3993 praebente
982 3936 1089 3982 donennr.
1130 3934 1314 3993 Memorabilis,
1342 3936 1379 3983 in-

237 4004 343 4054 Casaub.
362 4007 393 4053 ad
406 4006 532 4070 Theopbr.
543 4007 619 4058 Char.
628 4009 687 4057 Eth.
698 4023 750 4073 cap.
760 4012 784 4059 3.
826 4025 918 4074 quam,
935 4019 1035 4075 propter
1049 4026 1139 4061 nomen
1153 4014 1287 4062 Murenae.
1306 4013 1381 4062 Unde

236 4090 261 4131 et
277 4084 421 4134 Markland.
443 4087 474 4133 ad
491 4087 577 4149 Eurip.
598 4086 709 4149 supplic.
726 4090 783 4137 205.
826 4091 989 4151 grammatico
1006 4092 1114 4153 primum
1132 4092 1158 4138 in
1176 4098 1285 4140 mentem
1302 4093 1380 4152 venit,

236 4161 291 4209 Iam
309 4161 419 4212 Alcaeus
436 4165 502 4227 apud
519 4164 614 4214 Athen.
641 4167 676 4214 X.
692 4168 715 4215 8.
730 4165 784 4216 ’Ὑει
826 4170 871 4217 hoc
896 4184 995 4217 carmen
1018 4169 1164 4219 continuare
1185 4176 1210 4218 et
1232 4170 1378 4218 convivium

235 4242 282 4304 μὲν
299 4241 312 4288 ὁ
329 4242 402 4304 Ζεὺς,
428 4243 495 4292 iot’
520 4245 605 4309 ὀρανῷ
624 4245 703 4310 μέγας
725 4253 783 4296 Χει-
828 4248 959 4297 instruere.

234 4318 298 4382 μὼν,
317 4320 466 4384 πεπάγασιν
478 4321 498 4370 δ’
508 4322 608 4372 ὑδάτων
622 4323 688 4387 ῥοαί.
708 4324 781 4387 Κάβ-
859 4329 904 4376 Da
931 4330 1006 4376 lanae
1021 4342 1128 4390 propere
1147 4343 1230 4377 nouae.
1266 4328 1322 4376 Iam
1345 4336 1381 4377 est
