2916 5220
634 301 949 366 CillilillNUM

614 509 859 574 CARMEN
906 511 964 574 XI.

269 673 325 754 Tu
349 712 389 753 ne
413 689 607 774 quaesieris,
634 689 715 754 scire
738 690 848 772 notae,
873 711 970 773 quem
994 689 1094 771 mihi,
1120 712 1216 775 quem
1242 691 1302 754 tibi

271 793 387 856 Finem
413 792 455 855 Di
480 792 646 870 dederint,
672 792 858 874 Leuconoe,
884 815 942 857 nec
967 793 1165 876 Babylonios

269 895 415 960 Tentsris
440 916 600 960 numeros.
649 895 697 960 Ut
720 895 855 977 melius,
880 895 1040 980 quidquid
1064 896 1144 979 erit,
1170 897 1255 980 poti!

272 998 335 1063 Seu
358 998 468 1082 plures
491 997 634 1079 hiemes,
660 1019 717 1062 seu
743 998 859 1063 tribuit
882 998 1008 1083 Iupiter
1030 999 1201 1079 ultimam,

271 1100 361 1180 Quae
384 1123 472 1164 nunc
496 1099 655 1184 oppositis
680 1099 832 1164 debilitat
854 1100 1039 1185 pumicibus
1059 1123 1148 1166 mare

270 1204 480 1286 Tyrrhenum.
530 1203 664 1288 Sepias,
689 1203 767 1267 vina
789 1203 913 1288 liques,
938 1209 971 1268 et
994 1203 1100 1288 spatio
1124 1204 1213 1269 brevi

392 1398 544 1448 CARMEN
561 1399 608 1446 XI¹
816 1368 875 1416 olim
887 1369 917 1417 de
926 1369 1125 1432 interpretatione
1134 1371 1261 1420 huiusloei
1273 1389 1366 1433 niagno

816 1446 863 1495 fuit
879 1448 1004 1497 dissensio.
1042 1449 1123 1498 Schol.
1144 1451 1265 1500 Franci:
1293 1453 1366 1501 Licet

263 1492 666 1592 Tuncquaesieris,seirenefas.
688 1531 770 1586 Quae·
814 1527 916 1586 prouisa
933 1525 1034 1588 fortites
1059 1530 1211 1586 tolerentur,
1233 1532 1321 1578 notiora
1340 1537 1366 1577 te

226 1623 294 1668 rere,
315 1616 343 1655 ut
364 1610 491 1666 sortituri,
513 1612 550 1655 est
573 1607 700 1669 proprium
723 1607 771 1656 As·
817 1608 900 1652 tamen
915 1610 976 1653 ante
992 1612 1104 1654 meatum
1122 1605 1285 1668 infelicitatis
1297 1614 1366 1656 areta

226 1686 328 1749 trologis
353 1687 463 1735 verbum.
501 1687 582 1735 Tacit.
600 1685 650 1734 III.
677 1686 772 1735 Annei.
816 1684 936 1745 torqueri.
969 1682 1079 1732 Videtur
1094 1682 1257 1732 intellexisse:
1274 1690 1303 1732 at
1316 1702 1365 1734 rne-

224 1769 265 1815 22.
301 1767 398 1828 Lepida
414 1767 542 1826 defertur,
566 1766 695 1813 simulasse
709 1781 771 1827 par-
816 1764 866 1811 Iius
883 1765 941 1824 pati
957 1766 1049 1826 possis.
1083 1764 1156 1824 Quod
1172 1763 1248 1811 etium
1265 1763 1366 1812 volebat

226 1852 323 1893 tientes:
335 1847 368 1892 P.
397 1846 518 1903 Quirino,
531 1846 772 1906 diviteatqueorbo.
816 1840 913 1889 Comm.
931 1841 1008 1904 Cruq.
1038 1843 1167 1904 Quomodo
1183 1842 1284 1890 Plotius
1300 1844 1326 1891 h.
1348 1845 1365 1892 l.

227 1925 420 1974 Adiiciebuatur
432 1925 572 1983 adrdterio,
584 1939 688 1972 sensnu-
700 1939 773 1986 quae·
816 1920 950 1981 accepcrit,
967 1934 1017 1967 non
1034 1920 1118 1983 liquet
1153 1923 1203 1970 Hic
1223 1939 1273 1986 pag
1289 1925 1365 1973 2655.

225 2006 350 2063 situmque
372 2017 418 2063 per
446 2001 584 2050 Chaldaeos
615 2004 643 2049 ia
674 2003 773 2050 domurn
816 2012 847 2045 ex
866 1998 947 2046 verbis
968 1998 1067 2047 Horatii
1092 2000 1286 2051 Callimachium
1303 2019 1363 2052 con-

228 2082 351 2129 Caesaris.
386 2078 436 2128 Ubi
452 2079 552 2142 Lipsius
569 2094 653 2128 veram
671 2080 772 2128 locutIo-
816 2075 897 2124 fluvit:
917 2079 970 2126 Nec
982 2079 1122 2140 Babylonis
1132 2097 1257 2138 rrumeros,
1269 2091 1298 2131 ut
1312 2102 1363 2132 rne-

226 2161 264 2206 nis
282 2160 332 2206 vim
345 2158 480 2220 perspexit,
492 2159 575 2206 aridito
586 2156 692 2206 Tertull.
704 2158 772 2220 Apo·
816 2156 878 2215 Iius,
894 2158 1017 2218 quidquid
1031 2160 1230 2221 erit,qeraaias.
1256 2162 1364 2212 Selmus.

227 2238 276 2300 log.
294 2238 333 2286 35.
371 2238 421 2286 Cui
437 2253 498 2300 opas
514 2243 550 2286 est
560 2240 720 2301 perscrutari
731 2254 774 2286 su·
816 2234 847 2280 ed
865 2235 971 2283 Tertull.
988 2235 1019 2283 dc
1037 2235 1119 2285 Pallio
1135 2254 1190 2302 pag.
1209 2241 1265 2289 322.
1283 2243 1364 2305 expli-

224 2332 272 2379 per
290 2316 407 2363 Caesaris
421 2318 510 2375 sistri-te,
527 2319 606 2365 nisio
617 2333 664 2379 quo
675 2319 775 2380 atiq1rid
816 2313 883 2360 cavit
904 2314 937 2372 ὼς
959 2316 1051 2379 πολλῷ
1068 2317 1184 2381 ἄμεινον,
1201 2335 1246 2382 per
1261 2336 1363 2370 accusa·

226 2398 346 2444 adversus
365 2397 438 2444 ilioni
458 2398 585 2458 coqitmur
606 2399 644 2446 rel
659 2403 773 2458 optatur.
816 2391 896 2440 tivum
908 2393 1058 2443 absolutum.
1083 2396 1203 2446 Burman.
1215 2399 1322 2461 denique
1333 2401 1366 2448 ed

227 2475 300 2524 Unde
316 2475 407 2537 optime
423 2474 574 2537 intelligitur
590 2474 663 2525 Ovid.
681 2478 702 2525 I.
720 2479 773 2526 Me·
817 2472 929 2520 Suetonii
945 2473 1049 2536 Vespos.
1066 2477 1107 2524 23.
1132 2477 1236 2539 corrigit
1259 2486 1288 2527 at
1313 2496 1363 2528 rae·

226 2562 285 2602 tum.
310 2554 364 2602 148.
407 2557 490 2602 Fidus
510 2557 655 2603 antediem
675 2560 775 2618 patrios
816 2553 876 2611 lius,
892 2552 1011 2614 probante
1025 2555 1365 2606 BurmelteroudAuthol.

226 2635 336 2696 inquirit
360 2635 387 2680 in
408 2648 494 2681 errator:
518 2649 542 2681 v.
563 2634 649 2681 Burm.
672 2635 774 2684 Tacitus
816 2631 873 2678 Lat·
890 2631 950 2679 V01.
968 2631 989 2680 Ι.
1006 2647 1063 2694 pag.
1080 2634 1138 2685 227.
1156 2634 1198 2683 sed
1210 2635 1366 2698 improbante

227 2713 316 2759 iterum
335 2711 397 2759 XII.
415 2710 511 2758 Annal.
528 2712 568 2759 52.
595 2713 775 2763 Scribonianus
817 2708 997 2773 OudendorpIo.
1040 2713 1075 2760 ut
1103 2712 1165 2761 mihi
1194 2713 1256 2763 nihil
1282 2716 1365 2776 aptius

227 2794 254 2838 ra
271 2793 375 2838 esiliam
391 2792 492 2850 aqua,
515 2791 590 2850 quaa
603 2790 684 2850 firem
699 2795 772 2854 prra-
817 2788 927 2847 videtur,
949 2804 1023 2852 quam
1049 2797 1078 2838 ut
1102 2806 1266 2854 exponamus:
1288 2811 1366 2856 quiea

226 2871 289 2928 cipis
305 2885 351 2930 per
370 2868 508 2916 Chaldaeos
524 2873 689 2918 scrutaretur.
720 2871 775 2920 Hoc
818 2870 918 2927 melias,
935 2877 1030 2931 quanto
1046 2874 1135 2920 melius
1150 2877 1188 2920 est
1204 2874 1273 2934 poti,
1290 2875 1363 2935 quid·

226 2954 276 3003 est,
298 2947 363 3008 quod
388 2946 506 2994 Horatius
531 2947 604 2994 dicit:
629 2963 661 2996 ne
686 2963 775 3011 quaere
817 2948 879 3008 quid
893 2950 959 2995 erit!
991 2949 1031 2996 De
1047 2962 1097 3010 qua
1112 2947 1293 3010 significatione
1310 2964 1365 3011 per-

227 3025 301 3074 tinem
312 3033 424 3073 nostrum
436 3039 479 3087 per
490 3038 605 3073 numeros
615 3025 774 3088 Babylonios.
817 3023 908 3073 ticulse
924 3025 993 3084 vide,
1010 3034 1106 3088 practer
1122 3026 1195 3086 elios,
1213 3027 1296 3075 virum
1308 3028 1364 3076 doc-

226 3105 267 3152 Ac
295 3110 424 3167 propterea
452 3103 542 3152 melius
566 3111 603 3152 est
626 3107 774 3169 coniungere
818 3110 870 3151 tum
887 3104 913 3151 in
924 3103 1029 3154 Observ.
1039 3106 1179 3154 Miscellun.
1189 3106 1246 3155 Vol.
1258 3107 1293 3155 V.
1306 3122 1329 3169 p.
1339 3108 1365 3156 8.

225 3187 289 3233 scire
305 3185 391 3247 nefas,
409 3198 458 3232 non
475 3184 609 3246 quaesieris
624 3186 696 3233 scire.
729 3186 773 3234 Ad
818 3184 883 3234 Cum
905 3184 1005 3247 reliquis
1026 3199 1144 3247 compare
1158 3185 1230 3236 Ovid.
1257 3187 1364 3235 XVIII.

226 3263 329 3312 eandem
355 3278 406 3311 rem
436 3263 559 3327 pertinent
588 3263 649 3312 hacc
679 3264 773 3314 Sidonii
817 3263 918 3312 Heroid.
944 3263 984 3312 51.
1026 3265 1158 3326 Quidquid
1181 3266 1245 3322 erit,
1266 3269 1363 3328 patiar,

226 3341 337 3405 Apollin.
355 3343 432 3391 VIII.
450 3343 530 3406 Epist.
559 3344 601 3390 ll:
628 3345 771 3393 Mathema-
818 3342 894 3392 Silius
911 3343 960 3392 VI.
974 3344 1026 3390 119.
1064 3344 1195 3404 Quidquid
1209 3345 1287 3392 idest
1303 3347 1365 3393 (turi

227 3424 289 3471 ticos
306 3424 337 3471 ds
350 3425 418 3471 vitae
434 3439 494 3471 urae
502 3423 559 3484 fiae
575 3424 706 3471 corisuluit,
816 3429 841 3471 et
858 3439 944 3471 reram
961 3424 1087 3471 triclinato
1096 3421 1223 3484 foraneus.

263 3503 351 3549 Finem
376 3502 553 3549 irruerant.
588 3501 644 3549 Hoc
662 3502 773 3563 postulat
850 3503 954 3563 Sapires,
971 3504 1031 3549 etna
1048 3503 1133 3565 liques.
1166 3500 1255 3548 Malim
1278 3501 1364 3550 distin·

226 3581 277 3628 sere
297 3586 411 3627 constans
432 3580 601 3627 Romanorum
627 3594 698 3635 usus,
724 3594 777 3629 non,
816 3593 892 3640 gnere
911 3579 1016 3640 Sapias!
1047 3580 1113 3626 Vina
1131 3580 1217 3640 liques,
1232 3584 1266 3642 et,
1281 3585 1364 3643 spatio

226 3661 357 3713 riederunt,
380 3658 445 3720 quod
471 3657 495 3704 in
521 3658 669 3720 quibusdem
695 3658 772 3708 MSS.
815 3661 897 3712 breui,
914 3659 1086 3718 spernloaqarn
1099 3671 1197 3706 reseces.
1220 3657 1287 3704 Puto
1296 3659 1363 3706 enim

226 3743 339 3800 apparet,
364 3736 439 3784 etium
465 3750 515 3783 uno
540 3735 610 3784 Leid.
653 3736 722 3797 Quae
747 3739 772 3785 in
813 3738 900 3798 sapias
920 3741 945 3783 et
962 3735 1001 3783 hic
1023 3742 1047 3784 et
1068 3735 1128 3783 alibi
1150 3736 1295 3797 imperative
1310 3752 1362 3786 esse

225 3816 375 3863 ‹ont-ruriam
397 3822 493 3876 partem
516 3815 692 3873 ostenduntur,
710 3831 733 3864 v.
751 3832 772 3865 c.
815 3815 977 3869 sumendum,
988 3813 1062 3863 etism
1080 3814 1100 3862 si
1117 3821 1243 3876 tamquam
1260 3816 1286 3863 in
1304 3831 1360 3877 per·

226 3896 257 3943 ab
278 3895 435 3955 Oudendorp.
460 3894 490 3940 ed
512 3893 607 3956 Appul.
630 3894 651 3942 Ι.
669 3894 771 3942 Motum.
815 3893 910 3941 entlresi
937 3899 1056 3955 ponatur,
1089 3909 1112 3941 v.
1138 3908 1159 3942 e.
1186 3894 1211 3941 in
1237 3893 1311 3944 Ovid.
1341 3899 1361 3946 Ι,

226 3991 281 4037 pag.
299 3976 338 4025 79.
356 3981 381 4023 et
402 3973 499 4023 Cacsar.
523 3974 557 4022 II.
581 3974 609 4022 B.
633 3973 706 4023 civil.
732 3975 771 4024 32.
815 3975 905 4023 Amor.
927 3977 949 4022 4.
972 3975 1012 4021 29.
1049 3976 1123 4032 erod
1147 3977 1194 4023 tibi
1219 3978 1362 4037 miscuerit,

225 4068 255 4101 ee
271 4069 374 4103 numero
391 4062 414 4100 et
433 4052 577 4102 auctoritate
588 4053 665 4102 Codd.
677 4055 774 4102 minore
815 4056 914 4115 sapias,
932 4057 1001 4101 trient
1019 4055 1071 4114 ipse
1087 4055 1176 4102 iubeto.
1202 4053 1321 4103 Heinsius
1339 4064 1362 4104 et

225 4139 296 4192 sunt,
321 4148 394 4195 quam
421 4139 448 4179 ut
473 4148 488 4179 a
509 4139 606 4194 recepta
623 4133 700 4194 vulgo
716 4148 771 4181 con·
814 4131 855 4178 alii
879 4132 910 4179 ud
927 4147 984 4180 eum
1002 4131 1085 4180 locum
1103 4138 1240 4194 sequuntur
1256 4135 1361 4181 auctori-

226 4212 355 4259 snetudine
371 4212 531 4259 discedamus.
813 4216 889 4258 tutem
917 4210 1051 4271 Prisciani,
1076 4211 1118 4274 qui
1136 4211 1302 4260 Horatianum
1319 4228 1360 4262 sa-

263 4290 609 4352 lsitudine,qu-idquidorr'r,
621 4292 692 4352 pati!
716 4292 769 4338 Iam
790 4354 792 4363 ν
811 4292 870 4351 pias
895 4290 1072 4352 interpretetur
1098 4294 1120 4337 sr'
1149 4293 1244 4353 sapias.
1289 4291 1361 4352 Quod
