2916 5220
623 289 937 352 CARMINUM

396 473 441 537 Et
463 473 569 538 malus
593 473 689 539 celeri
713 474 841 539 saucius
865 474 977 538 Africo

393 577 630 662 Antennaeque
652 580 807 661 gemant?
831 599 867 642 ae
892 578 961 642 sine
984 578 1119 642 funibus

439 680 505 743 Vix
528 679 642 745 durare
666 680 794 744 carinae

480 777 620 848 'Possint
642 783 848 868 imperiosius

216 961 267 1008 ulto
287 976 384 1023 senrper
398 961 528 1025 feremur:
555 977 615 1009 aura
639 966 664 1008 et
686 963 762 1010 litora
803 960 879 1008 unius
895 960 972 1023 partis
989 960 1109 1017 habeant,
1126 968 1155 1007 ut
1172 976 1194 1008 v.
1213 975 1234 1008 e.
1250 967 1353 1023 portae,

214 1040 342 1088 interdum
358 1044 482 1103 sequertda
498 1046 566 1088 sunt.
601 1040 662 1089 Illis
672 1040 763 1103 facilia
800 1047 910 1102 pectora.
943 1040 989 1088 An
1012 1041 1037 1087 in
1059 1055 1111 1088 una
1131 1054 1196 1088 nave
1218 1041 1292 1088 unius
1313 1055 1353 1088 ea-

213 1133 260 1178 per
284 1121 406 1182 quaelibet
431 1121 497 1168 vade
517 1134 641 1176 cremans,
658 1134 700 1182 epo
716 1121 762 1168 uli·
803 1118 872 1167 rinae
888 1122 973 1182 plures
989 1126 1071 1183 partes
1087 1119 1189 1182 eogitari
1205 1119 1311 1182 possint,
1328 1127 1354 1167 et

215 1199 291 1259 quid,
309 1214 359 1247 riou
375 1200 454 1246 stulto
472 1203 555 1246 terrica
568 1200 659 1254 ultius,
675 1199 703 1245 ia
715 1213 763 1260 qrso
803 1198 896 1261 aliquid
912 1200 982 1249 iuvet
1005 1199 1101 1248 Pollux
1123 1198 1150 1246 in
1175 1198 1304 1248 Onomast.
1322 1200 1352 1247 T.

214 1292 269 1325 πιθα
285 1279 373 1339 morbo
389 1293 438 1325 uon
447 1277 532 1339 fidat,
544 1278 678 1325 inventam.
696 1277 762 1326 Satis
803 1276 823 1323 I.
842 1293 866 1339 p.
884 1281 923 1330 57.
942 1293 1082 1329 memorans
1094 1277 1210 1342 τροπίδες
1225 1285 1250 1326 et
1267 1279 1353 1326 locum

214 1354 257 1404 ille
273 1355 373 1418 quidem
390 1357 483 1419 inepte,
501 1364 529 1404 ut
546 1357 621 1404 mirer
636 1358 762 1419 noneogi-
803 1355 829 1402 in
850 1358 910 1405 navi
931 1357 974 1423 (ἐφ’
998 1357 1027 1407 οὗ
1047 1357 1064 1416 ἡ
1083 1354 1182 1421 δευτέρα
1201 1357 1299 1420 τρόπις,
1317 1358 1352 1405 ii·

214 1441 291 1494 tasse,
315 1437 375 1498 quid
400 1438 542 1498 respublica
563 1437 595 1483 ab
616 1444 762 1500 argumento
803 1436 877 1483 deant
894 1436 944 1485 alii.
978 1436 1067 1497 Quoad
1083 1435 1145 1484 mihi
1160 1435 1302 1497 exemplum
1315 1450 1352 1484 os·

213 1528 258 1561 suo
286 1515 389 1563 differat.
435 1515 528 1563 Melius
556 1516 763 1565 continuaverunt
802 1515 918 1563 tendatur
938 1519 1084 1564 cumrurrum
1100 1515 1130 1562 de
1146 1528 1197 1561 una
1216 1514 1353 1578 eademque

214 1595 360 1643 recentiores
380 1594 474 1657 poetae.
511 1593 617 1641 Iacobus
639 1594 760 1651 Wallius,
803 1595 872 1652 navi,
894 1608 944 1642 non
969 1595 1068 1643 credam
1088 1594 1224 1641 Horatium
1248 1608 1264 1640 a
1283 1607 1350 1641 eom·

214 1673 305 1735 dignus
316 1673 527 1734 aetateAugusta
537 1681 617 1730 rates,
634 1675 659 1720 in
671 1674 713 1722 lib.
725 1676 760 1722 ΙΙ.
802 1672 873 1720 muni
889 1688 937 1720 usa
953 1675 1085 1722 recessisse.
1111 1673 1251 1720 Provocant
1266 1673 1297 1719 ad
1313 1672 1349 1720 lo-

213 1751 312 1800 Heroie.
337 1766 394 1813 pag.
415 1751 454 1801 70.
477 1751 523 1798 hoe
544 1751 642 1799 Horatii
661 1766 761 1802 carmen
803 1766 860 1798 eum
877 1751 1000 1801 Ciceronis
1017 1752 1067 1801 lIl.
1085 1753 1115 1799 de
1131 1750 1253 1800 Oratae.
1282 1752 1354 1809 Quiri

212 1837 238 1878 et
258 1830 355 1892 egregie
376 1830 485 1877 imitatus
506 1838 554 1887 est,
580 1836 604 1878 et
628 1831 761 1893 imaginem
804 1837 857 1879 tane
885 1834 913 1879 iu
937 1834 1037 1894 accipio
1060 1832 1240 1888 necessarium,
1274 1845 1352 1892 prtum

213 1908 334 1956 dilatarit.
370 1907 497 1957 Sidronius
514 1908 650 1966 Hosehius,
667 1911 762 1960 Wallio
803 1911 897 1967 lutera,
922 1926 998 1972 quum
1023 1912 1138 1969 cumeae,
1163 1925 1239 1971 quum
1261 1925 1351 1971 prora.

213 1995 266 2036 arte
287 1995 311 2036 et
331 1987 431 2049 ingenio
451 1988 551 2045 similis,
572 2004 674 2038 cursam
695 1993 762 2040 eitue
803 1987 851 2037 Sed
877 2002 944 2036 nune
968 1988 1002 2036 ibi
1028 1988 1103 2050 vulgo
1129 1987 1236 2037 eMSS.
1259 1989 1353 2050 legitur

212 2068 336 2115 ltunrcmue
352 2082 396 2129 per
413 2068 505 2115 multas
522 2068 624 2131 Elegiae
641 2070 759 2131 depinxit.
800 2083 928 2116 cervariae.
962 2067 1016 2115 Iam
1039 2066 1195 2129 Oudendorp.
1219 2080 1270 2113 non
1291 2067 1350 2115 fide-

211 2145 290 2192 Nobis
307 2152 391 2193 autem
407 2147 509 2194 Batavis
521 2148 561 2196 vel
572 2163 650 2195 unum
661 2162 760 2196 carmen
802 2146 844 2193 bat
859 2147 914 2195 loeo
931 2146 1064 2195 Ciceronis.
1098 2147 1169 2194 Idem
1186 2153 1350 2196 annotaverat

211 2224 341 2272 Lublinkii
357 2226 387 2272 de
405 2225 501 2288 Jonge,
517 2228 582 2288 quod
594 2229 619 2274 in
629 2228 697 2275 illius
708 2227 760 2276 vita
801 2224 895 2272 dictum
918 2225 1031 2288 Pompeii
1053 2227 1118 2288 apud
1143 2225 1233 2273 Vellei.
1251 2226 1350 2275 Patere.

211 2303 278 2351 dedit
295 2304 510 2364 Westerbaanius‚
536 2306 638 2363 suffieit,
660 2313 689 2354 ut
705 2322 758 2356 sen·
800 2302 835 2350 II.
853 2304 892 2354 77.
911 2305 965 2366 qui,
987 2320 1064 2368 quum
1086 2306 1111 2352 in
1129 2305 1188 2352 navi
1204 2304 1348 2354 Caesarem·

210 2382 312 2442 tiernus,
329 2399 404 2446 quarn
429 2385 533 2447 pulchre
553 2386 610 2433 talis
627 2385 760 2448 Allegoria
800 2397 847 2444 que
875 2390 899 2432 et
927 2384 1068 2433 Antonium
1103 2399 1180 2433 coena
1213 2384 1350 2446 exciperet,

210 2462 294 2509 ornari
322 2471 441 2527 perpetuo
465 2464 548 2527 possit,
591 2465 648 2512 Non
677 2465 758 2513 minus
800 2461 862 2509 dixit
882 2464 909 2510 ia
933 2463 1033 2511 Carinis
1053 2466 1106 2511 ruia
1122 2479 1148 2511 ae
1164 2478 1264 2511 coenum
1280 2465 1350 2519 dure,

210 2542 338 2604 egregium
363 2543 507 2606 exemplum
532 2544 646 2606 praebuit
672 2543 758 2593 Simon
800 2540 907 2589 referens
924 2542 970 2590 hoe
987 2542 1083 2589 dietum
1100 2543 1131 2589 ad
1148 2542 1195 2590 loci
1212 2543 1350 2599 nemenio

210 2635 260 2668 van
277 2622 452 2686 Middelgeest‚
475 2625 501 2671 in
521 2624 690 2685 pulcherrima
705 2638 758 2672 ora·
799 2634 848 2681 quo
869 2628 974 2683 paterna
994 2621 1081 2668 domus
1099 2620 1129 2668 ab
1145 2619 1258 2668 Antonio
1274 2621 1350 2682 possi-

210 2699 287 2758 tione,
313 2718 364 2763 qua
388 2703 495 2750 Petrum
520 2703 646 2758 Grotium‚
673 2705 758 2766 magni
800 2697 911 2748 debatur.
950 2700 1084 2763 Pompeius
1107 2700 1174 2747 haud
1191 2699 1263 2747 aliter
1279 2699 1349 2761 loqui

210 2778 325 2841 Hugonis
359 2781 456 2838 filium,
490 2783 555 2843 apud
590 2781 681 2829 iudices
715 2782 756 2829 de-
799 2779 892 2837 potuit,
910 2780 969 2841 quia
984 2778 1111 2842 proprium
1128 2792 1218 2826 nomen
1235 2777 1282 2824 viei
1298 2778 1349 2826 Ro-

209 2856 295 2906 l'endit.
799 2859 866 2905 mani
890 2866 943 2907 erat
971 2859 1087 2907 Carinae.
1128 2858 1204 2906 Forte
1228 2856 1349 2904 Horatius

242 2939 282 2984 Et
298 2940 379 2985 melus
395 2940 468 2987 celeri
483 2940 584 2986 saueius
598 2938 696 2999 Africo.
726 2939 757 2985 ln
798 2936 905 2999 scripsit:
930 2954 960 2986 ae
984 2939 1038 2985 sirie
1056 2937 1166 2999 fartibus
1186 2937 1237 2984 Vix
1253 2939 1350 2985 durare

210 3029 260 3063 uno
276 3016 346 3064 Leid.
372 3023 449 3066 nctus.
484 3017 545 3065 Alia
569 3030 657 3063 manus
682 3030 758 3079 supra
797 3014 884 3063 euritii
897 3018 986 3064 Parsis
995 3017 1153 3078 imperiosius
1165 3015 1271 3076 Aequor.
1288 3015 1349 3063 Non

209 3094 305 3158 scripsit
320 3098 426 3145 serretur.
461 3095 491 3143 In
513 3109 563 3143 uno
581 3094 637 3144 Ms.
655 3080 757 3145 sunaus
797 3093 859 3142 feres
877 3093 928 3141 vim
946 3092 1061 3155 aequoris
1078 3091 1163 3140 carina
1179 3095 1237 3150 tua,
1255 3107 1285 3140 ea
1298 3094 1348 3140 dis-

209 3180 245 3220 est
265 3175 374 3223 deletum
400 3181 424 3224 et
446 3175 472 3222 in
493 3175 605 3236 margine
639 3174 755 3237 positum.
797 3179 940 3235 rumpetur,
963 3174 1010 3220 nisi
1030 3172 1133 3220 funibus
1150 3186 1195 3233 per
1212 3178 1349 3235 utrumque

210 3252 293 3316 Supra
314 3254 420 3303 deletam
446 3269 530 3303 vorem
547 3253 639 3316 legitur
650 3255 756 3317 fractae
796 3251 863 3298 latus
888 3250 969 3298 ductis
993 3250 1130 3298 muniatur.
1171 3250 1288 3312 Ungerns
1318 3250 1346 3298 li-

207 3334 338 3395 impalsus.
380 3335 466 3385 Codex
495 3332 594 3383 Graevii
623 3334 695 3382 aetas
725 3338 756 3383 ab
796 3329 890 3378 bellurn
908 3329 1006 3392 scripsit
1022 3330 1052 3378 de
1068 3330 1227 3378 succinctum
1243 3332 1348 3379 navium

208 3413 305 3475 Africo.
343 3414 418 3463 Unde
443 3413 555 3462 Broukh.
577 3413 676 3461 coniicit
694 3414 755 3477 fra·
795 3413 866 3474 apud
883 3416 984 3459 veteres.
1001 3410 1101 3473 Lipsiae
1121 3425 1143 3458 a.
1168 3410 1238 3460 1760.
1255 3410 1348 3472 praeci·

207 3497 262 3539 etas
280 3495 311 3540 ab
325 3493 421 3554 Africo.
457 3495 565 3541 Saucius
585 3507 634 3540 non
651 3506 753 3540 moven—
794 3504 842 3552 pue
860 3496 888 3537 ut
908 3489 1059 3545 ostenderet,
1082 3487 1193 3536 homines
1215 3488 1274 3537 olim
1295 3504 1347 3537 non

208 3571 276 3618 dum.
319 3571 473 3633 Usurpatum
503 3569 551 3616 hoc
580 3577 604 3617 et
629 3570 660 3617 ab
686 3570 754 3628 aliis,
795 3565 872 3614 solere
889 3567 986 3614 carinas
1007 3565 1108 3614 funibus
1131 3566 1267 3629 subligata
1292 3568 1347 3616 Nee

207 3647 280 3695 sicuti
298 3655 322 3697 et
339 3651 494 3706 uulneratus,
511 3653 536 3696 et
554 3649 753 3711 τραυματισθείς.
794 3660 852 3693 vero
874 3651 926 3693 tam
951 3646 1043 3694 diserta
1062 3645 1116 3695 eius
1141 3647 1177 3694 rei
1192 3647 1286 3695 mentio
1303 3662 1346 3696 ex-

206 3728 265 3776 Vid.
283 3728 403 3776 Burman.
420 3727 451 3773 ad
467 3726 552 3774 Valet.
570 3720 686 3774 Flaeei'l.
704 3727 753 3776 Ar·
794 3731 859 3774 stare
877 3726 989 3783 videtur,
1014 3741 1090 3788 quarn
1111 3725 1151 3772 hie
1173 3726 1239 3788 apud
1263 3726 1345 3774 Hora-

206 3822 263 3870 gon.
281 3807 337 3855 iso.
794 3807 869 3863 tium,
899 3821 973 3869 quem
1002 3813 1086 3854 tamen
1110 3807 1228 3868 Ungerus
1254 3808 1345 3856 omisit.

243 3887 293 3934 Vix
310 3888 405 3934 durare
421 3885 523 3933 errmnue
557 3886 664 3934 Possint
674 3886 753 3948 impe·
794 3885 852 3933 Huc
877 3884 1005 3933 referenda
1029 3900 1082 3933 esse
1108 3892 1168 3947 puto
1196 3883 1267 3934 Orid.
1294 3886 1344 3934 XI.

205 3967 296 4012 riosiua
313 3951 421 4026 Aequor.
457 3962 549 4011 Po'etae
566 3977 637 4027 saepe
648 3969 754 4010 utuntur
794 3965 855 4012 Met.
881 3965 937 4012 485.
964 3965 1048 4012 eoiirta
1072 3963 1155 4011 subito
1185 3970 1343 4026 tempestate:

205 4058 308 4091 numero
319 4043 412 4105 plurali
423 4057 468 4105 pro
480 4042 668 4104 singulari,sed
681 4057 752 4089 num·
795 4046 889 4106 Sponte
915 4051 999 4092 tamea
1024 4049 1163 4106 properant
1184 4046 1230 4091 ulii
1251 4047 1344 4093 subdu·

205 4135 294 4181 quam,
311 4121 357 4167 nisi
374 4121 399 4167 in
416 4119 508 4183 plurali
526 4121 603 4168 maior
621 4121 752 4184 aliquavis
788 4126 847 4172 'cere
863 4138 948 4172 remor.
976 4126 1048 4171 Pura
1065 4124 1164 4171 munire
1181 4124 1256 4180 latres,
1280 4139 1344 4185 pers

205 4206 324 4261 ponatur,
342 4215 365 4246 v.
383 4214 404 4247 e.
417 4199 557 4260 gravitatis,
568 4199 751 4261 indignationis,
792 4203 873 4250 aeratis
892 4202 946 4249 telo
962 4215 1058 4262 aegere.
1093 4199 1154 4247 vio.
1168 4200 1300 4249 Goellerus
1311 4201 1344 4248 ad

207 4279 245 4328 vel
270 4294 297 4326 ea
323 4279 476 4326 substantiva
501 4278 674 4341 cogitationem
701 4293 750 4327 non
793 4279 907 4342 Thucyd.
925 4279 946 4325 I.
964 4278 1004 4325 29.
