2916 5220
563 344 622 404 Ll
645 345 671 405 Β
691 345 715 406 l]
739 346 775 406 n.

269 529 432 595 Accendit
455 531 622 595 obsessam
647 531 744 612 ilion,

225 634 340 698 Gaude
364 639 450 698 sorte
474 641 547 698 tua:
572 656 624 699 me
648 634 817 718 libertina,
844 657 947 720 neque
971 657 1035 699 ano

270 736 450 818 Contenta,
481 737 612 820 Phryne
635 746 786 802 macerat.

87 864 226 928 simplicem
242 866 350 928 corporis
367 864 479 913 formam.
501 865 551 913 Hic
568 871 633 914 certe
675 866 726 915 ual.
745 867 798 917 Sat.
816 867 865 915 VI.
883 868 922 916 53.
957 868 1029 915 Unus
1046 867 1165 915 Iberiaae
1180 868 1225 915 vic

87 949 113 991 et
128 957 205 1005 penus
229 943 311 993 nobile
331 946 467 1008 respicitur.
493 944 633 993 Meinekius
675 946 784 1007 offuit.
812 948 895 1008 ocyus
913 947 978 994 illud
1003 946 1225 1006 Euroqueonmt

87 1022 186 1070 coniicit
209 1039 258 1085 quo
281 1024 306 1072 si
330 1040 379 1072 non
403 1025 533 1086 pulchrior
554 1026 632 1086 ionia:
677 1025 737 1072 hoec
752 1027 821 1072 oculo
839 1029 955 1073 contenta
971 1025 1007 1072 cit
1024 1038 1081 1071 uno.
1099 1021 1220 1086 Calpurn.

86 1104 337 1165 quamquamquoalci
353 1103 451 1152 defendi
466 1118 537 1166 posse
555 1109 634 1166 putot.
676 1101 725 1150 ΙΠ,
751 1102 839 1164 Eclog.
868 1102 909 1150 24.
937 1103 1059 1164 Phyllide
1083 1107 1222 1151 contentus.

123 1183 255 1231 Obsessam
276 1184 350 1231 Ilion
377 1183 408 1231 ln
426 1198 476 1232 uuo
492 1189 577 1231 nostro
594 1198 633 1245 op·
677 1180 796 1241 Quinctil.
818 1181 893 1231 XIV.
920 1181 1035 1230 Declam.
1057 1181 1080 1229 3.
1108 1183 1166 1229 Una
1177 1180 1225 1243 sui

57 1255 59 1259 ’
85 1275 209 1322 prorsam.
675 1275 771 1320 rerrrper
799 1263 930 1323 eodemque
953 1266 1092 1309 contentus.
1133 1259 1221 1309 Valet.

121 1341 168 1388 Me
184 1340 315 1397 libertino,
332 1356 409 1403 neque
434 1355 483 1388 uno
503 1340 635 1388 Contenta.
677 1339 746 1388 Max.
764 1339 799 1388 11.
820 1340 840 1387 l.
870 1341 942 1398 Quae
958 1354 1007 1386 uno
1023 1343 1153 1386 contentae
1169 1355 1222 1387 mn-

84 1414 155 1462 1llud
172 1417 369 1479 contentaquosi
382 1419 537 1481 propriatali
550 1419 635 1469 amori.
678 1419 795 1467 trinconio
812 1418 939 1480 fuerunt,
971 1431 1061 1466 corona
1084 1419 1225 1479 pudicitiae

85 1492 181 1542 Catull.
211 1493 339 1543 LXVIII.
364 1494 449 1545 Carni.
474 1496 527 1545 135.
564 1498 637 1555 Qrtae
678 1499 874 1547 honorabantur.
902 1497 933 1545 In
954 1495 1029 1544 Voss.
1046 1502 1071 1543 et
1092 1512 1131 1544 are
1152 1499 1223 1545 liber·

85 1575 235 1622 tamenetsi
256 1588 306 1622 una
332 1589 381 1623 non
403 1581 441 1623 eat
459 1575 636 1625 contentaCo·
679 1578 741 1624 tina.
765 1576 839 1625 Unde
855 1575 958 1625 fortasse
974 1590 1025 1624 nou
1047 1575 1113 1623 male
1130 1576 1223 1639 legere·

84 1654 156 1701 tullo.
198 1652 294 1700 Amob.
323 1652 372 1702 IV.
395 1668 451 1716 pag.
478 1655 533 1702 141.
564 1655 637 1717 Iupi-
678 1660 731 1702 tur:
749 1671 787 1704 me
803 1661 828 1704 et
844 1656 974 1714 libertino,
995 1663 1073 1716 neque
1090 1668 1139 1701 arno
1158 1655 1224 1703 Con-

84 1738 124 1781 ter
140 1747 219 1780 ronne
238 1737 367 1780 contentus
383 1735 452 1781 hauri
467 1749 525 1781 aaa.
559 1733 634 1781 Iure·
680 1739 765 1794 tenta,
784 1735 889 1795 Phryne
908 1738 1026 1783 macerat.

579 1891 734 1914 ’‘000'-

464 2042 726 2106 CARMEN
773 2041 845 2106 XV.

216 2178 300 2262 Nox
325 2203 394 2262 erat
417 2203 450 2263 et
473 2198 562 2263 coelo
586 2197 736 2282 fulgebat
760 2197 854 2261 Luna
878 2220 990 2262 sereno

263 2302 355 2365 Inter
379 2300 508 2366 minora
531 2300 658 2383 sidera,

216 2403 325 2482 Quum
348 2409 401 2486 tu,
426 2425 621 2488 magnorum
645 2425 767 2467 numen
791 2402 919 2466 laesura
943 2402 1104 2483 Deorum,

261 2509 301 2571 In
324 2509 422 2572 rerba
447 2508 580 2572 iurabas
604 2529 695 2588 mea,

216 2611 348 2676 Aretias
373 2616 471 2698 atque
493 2612 613 2677 hedera
635 2634 767 2697 procera
790 2612 1008 2697 adstringitur
1031 2612 1113 2692 ilex,

261 2715 375 2780 Lentis
399 2717 578 2781 adhaerens
603 2716 764 2781 brachiis:

215 2817 304 2882 Dum
327 2819 436 2903 pecori
458 2819 557 2904 lupus
581 2825 615 2884 et
638 2819 748 2884 nautis
772 2819 913 2884 infestus
940 2819 1040 2884 Orion

263 2921 419 2988 Tenderet
441 2922 598 2988 hibernant
621 2945 729 3007 mara,

241 3099 394 3151 CARMEN
412 3101 472 3150 XV.
674 3076 805 3133 Quamdiu
823 3077 948 3136 turbaret,
965 3075 1003 3121 uti
1013 3073 1123 3129 dicebas,
1139 3074 1218 3122 Orion

670 3170 746 3202 mare.
782 3153 830 3202 Sed
850 3153 899 3201 alia
915 3154 940 3201 in
958 3153 996 3199 his
1009 3152 1120 3199 versibus
1137 3152 1219 3198 minus

111 3197 194 3284 Nou
211 3238 269 3279 erat
292 3239 317 3281 et
340 3235 404 3281 coelo
414 3231 534 3294 sulpebat
552 3234 627 3280 Luna
670 3230 772 3280 ferenda
789 3237 855 3280 sunt.
880 3232 950 3279 Dum
968 3231 1042 3292 lupus
1059 3229 1162 3277 infestus
1178 3245 1219 3292 pe-

77 3327 171 3361 rereno.
205 3313 293 3370 Luna,
311 3318 438 3374 tamquam
456 3311 537 3370 testis,
560 3311 627 3359 videt
671 3312 722 3359 cori
744 3318 769 3360 et
788 3310 866 3361 Orion
888 3309 991 3357 infestus
1007 3307 1090 3356 nautis
1108 3309 1220 3356 turbaret

77 3397 102 3439 et
119 3391 189 3439 audit
211 3392 305 3439 scelera
328 3391 465 3440 hominum.
500 3390 628 3439 Charisius
671 3405 747 3439 mare.
782 3389 848 3450 Quia
868 3389 944 3451 lupus
966 3402 1015 3436 nou
1037 3388 1121 3435 turbat
1138 3401 1219 3444 mare,

76 3484 136 3532 pag.
154 3469 211 3517 264.
237 3468 298 3517 citet
318 3469 395 3517 verba
417 3471 516 3532 politae:
552 3472 627 3517 Luna
670 3469 793 3531 inpriore
818 3474 888 3530 parte
909 3467 1112 3530 intelligendum:
1142 3466 1219 3513 “dum

78 3546 165 3596 Datim
181 3563 245 3610 quae
261 3549 315 3596 sola
332 3550 400 3596 video
415 3551 533 3610 periurio
551 3551 627 3611 vulpi.
669 3549 743 3612 lupus
768 3533 872 3596 infsstus
893 3554 957 3596 esset
973 3547 1067 3610 pecori,
1092 3554 1117 3596 et
1142 3545 1219 3596 Orion

78 3625 174 3675 Catuli.
194 3624 279 3674 Cornu.
296 3625 361 3674 VH.
379 3626 434 3674 Aut
451 3643 526 3690 quam
543 3629 628 3676 aidau
669 3627 773 3677 infestus
784 3628 867 3675 nautis
879 3627 990 3676 turbaret
1002 3627 1097 3675 mare.''
1115 3627 1220 3688 Ingrata

76 3707 172 3762 inulta,
189 3721 266 3767 quum
283 3711 350 3754 tacet
367 3720 428 3762 nox,
447 3707 570 3755 Furious
587 3709 627 3754 bo·
669 3709 804 3756 verborum
834 3707 993 3756 constructio,
1037 3706 1118 3756 Credo
1143 3706 1220 3753 verba

77 3785 176 3831 urinum
201 3784 287 3831 videat
304 3798 407 3832 amores.
434 3784 548 3833 Iuvenal.
574 3785 626 3833 Sat.
669 3801 722 3836 esse
740 3787 858 3850 glossam.
887 3787 954 3834 Nam
972 3785 1090 3835 Orionem
1102 3800 1155 3834 esso
1166 3793 1218 3833 tur·

78 3860 157 3910 VIII.
179 3860 233 3908 149.
261 3862 342 3910 Nocte
358 3863 472 3924 quidem,
493 3865 535 3911 sed
552 3865 627 3911 Luna
670 3867 782 3914 batorem
797 3865 956 3922 maris,satis
966 3864 1115 3926 intelligitur
1132 3878 1163 3911 ex
1180 3879 1217 3923 eo,

77 3941 626 3997 videt,aedsiderateotesintenduntoculoa
670 3945 736 4008 quod
764 3945 855 3992 dicitur
879 3945 967 3991 nautis
995 3944 1112 4005 infestus.
1150 3943 1217 3990 Tum

114 4021 242 4068 Turbonet
259 4022 388 4069 hibernum
401 4037 476 4070 more.
498 4020 627 4070 Bentleius
669 4025 807 4073 necessario
825 4023 888 4070 alter
904 4036 990 4070 versus
1012 4029 1065 4071 erat
1082 4022 1216 4071 addendus.

78 4115 111 4148 ex
128 4097 206 4148 MSS.
224 4106 248 4148 et
272 4101 349 4148 veteri
371 4101 477 4149 editione
500 4103 626 4160 turbarit,
670 4103 772 4152 Excidit
788 4101 876 4150 infelix
892 4102 937 4149 iste
954 4102 985 4149 de
1001 4116 1072 4149 coma
1082 4101 1215 4163 Apollinis.

77 4193 124 4242 pro
147 4180 276 4227 turbaret:
299 4179 334 4226 sio
358 4193 458 4242 poscere
482 4195 582 4228 sensum
603 4186 628 4229 et
670 4180 757 4231 Crines
774 4179 901 4243 Apollinis
912 4179 1058 4242 plerumque
1076 4179 1100 4225 in
1123 4180 1217 4227 nodum

78 4258 248 4306 Latinitatem.
274 4258 317 4306 Me
334 4257 433 4319 quidem
451 4260 566 4307 turbaret
578 4273 628 4307 non
671 4261 768 4308 collecti
785 4265 850 4307 sunt.
868 4259 935 4307 Hinc
952 4259 1069 4307 Tibullus
1086 4258 1121 4306 ΙΙ.
1139 4259 1163 4306 3.
1175 4260 1216 4308 25.

78 4336 193 4396 offendit,
224 4338 283 4400 quia
316 4337 394 4385 oratio
427 4343 464 4384 est
500 4337 627 4387 indirecta.
676 4341 797 4403 Quisquis
831 4340 1025 4401 inornatumque
1058 4343 1136 4400 eaput
1163 4341 1212 4386 cri·

1040 4421 1081 4482 24
