2916 5220
434 685 483 772 Q.
516 683 753 759 HORATll
783 682 982 757 FLACCl

348 956 1071 1052 EPODON

636 1217 782 1282 LIBER

617 1468 798 1490 ψ

549 1679 796 1745 OARMEN
844 1681 868 1745 l.

319 1853 395 1932 lbis
420 1867 574 1932 Liburnis
599 1868 684 1932 inter
708 1869 776 1933 alta
801 1870 952 1951 navium,

366 1970 503 2052 Amice,
527 1972 792 2055 propugnacula,

323 2074 460 2137 Paratus
485 2095 581 2137 omno
606 2073 754 2139 Caesaris
778 2074 960 2159 periculum

365 2177 498 2260 Subire,
525 2177 715 2259 Maecenas,
743 2183 808 2243 tua.

173 2336 296 2430 Epcdoa
314 2371 396 2417 Liber.
423 2370 546 2418 “Librum
571 2371 687 2432 quintum
727 2372 835 2420 minores
856 2385 942 2419 versus
967 2371 1105 2420 uraiorilrus
1125 2373 1277 2434 subpositas,

143 2451 258 2496 Odarum
276 2447 331 2495 vult
347 2447 394 2495 dici
411 2449 487 2497 Laur.
509 2449 540 2496 ad
562 2447 687 2497 Ciceronis
728 2452 801 2512 quasi
811 2451 1051 2511 praecisosinteyris
1063 2453 1198 2500 subiectos.
1211 2451 1277 2511 Quae

140 2526 176 2576 Il.
194 2527 289 2588 Agrar.
307 2527 347 2578 27.
371 2527 420 2576 Sed
442 2526 610 2576 Archilochus
628 2527 687 2574 scri-
728 2527 814 2576 eadem
838 2525 887 2576 fero
908 2527 935 2575 in
956 2527 1063 2578 Scholiis
1085 2526 1186 2577 Comm.
1204 2528 1276 2591 Cruq.

139 2605 189 2668 psit
216 2605 308 2653 librum
334 2606 446 2668 Epodon.
472 2606 532 2654 Vid.
555 2605 688 2668 Hephaest.
729 2612 754 2653 et
770 2605 826 2653 aliis
847 2605 975 2668 leguntur.
1010 2606 1117 2656 Servavi
1142 2607 1277 2670 inscriptio-

140 2701 163 2747 p.
185 2686 223 2732 12.
249 2686 334 2734 Laiirt.
351 2685 376 2733 in
395 2685 486 2734 Solone
502 2701 527 2748 p.
545 2687 585 2734 22.
604 2684 687 2734 etGa·
729 2697 786 2731 nem
805 2685 922 2745 Epadan,
940 2699 1004 2747 quae
1020 2685 1046 2732 in
1063 2685 1183 2747 plurimis
1203 2685 1276 2736 Ocdd.

140 2763 211 2812 lenus
235 2763 266 2812 dc
287 2763 343 2811 Usu
369 2762 438 2811 Part.
465 2778 488 2824 p.
514 2763 587 2811 3805·
620 2763 689 2811 Haec
730 2763 858 2825 reperitur.
892 2764 927 2812 Et
951 2764 1071 2812 Horatius
1097 2765 1160 2813 mihi
1184 2766 1278 2815 videtur

141 2841 269 2889 annotavit
286 2841 324 2888 vir
335 2841 421 2887 doctus
433 2854 492 2888 suae
506 2840 607 2888 editioni
623 2842 689 2890 Bon·
730 2841 806 2890 talem
830 2842 922 2890 librum
943 2844 1121 2905 composuisse,
1146 2845 1208 2907 quia
1232 2859 1277 2894 non

141 2920 237 2976 tianae,
252 2919 279 2967 in
296 2918 452 2967 Bibliotheca
468 2919 591 2967 Leidensi.
624 2920 689 2968 Mihi
729 2921 859 2982 intelligo,
875 2922 997 2984 quomodo
1018 2922 1081 2970 alias
1101 2923 1167 2971 illud
1190 2939 1278 2972 noman

141 3001 172 3048 de
188 3001 235 3048 hac
251 3000 409 3062 inscriptione
420 2999 548 3062 disputare
559 3006 615 3063 post
632 3001 688 3049 Mu·
730 2998 756 3045 in
773 2999 849 3049 MSS.
866 3000 980 3049 venisset.
1014 3001 1104 3049 Movet
1124 3016 1166 3051 me
1183 3018 1278 3066 quoque

142 3087 237 3137 retum,
258 3079 381 3138 dlubrum,
402 3079 547 3128 Dacierium
569 3086 594 3126 ct
615 3078 688 3137 alios,
729 3076 873 3139 exemplum
894 3078 1053 3135 Archilochi,
1076 3093 1158 3142 neque
1175 3079 1277 3139 frustra,

141 3172 191 3206 non
209 3158 276 3208 libet.
309 3158 455 3208 Memorabo
472 3165 570 3206 tantum
587 3160 688 3222 quaein
729 3161 802 3217 puto,
819 3156 903 3205 decem
919 3158 1003 3219 priora
1019 3158 1134 3206 carmina
1154 3165 1278 3208 suntme·

142 3237 218 3287 MSS.
235 3238 326 3287 inveni.
343 3238 375 3286 In
392 3239 488 3286 duobus
505 3238 545 3285 hic
561 3237 624 3286 liber
634 3245 690 3300 post
730 3239 767 3281 tro
790 3235 895 3284 iambico
918 3236 1080 3285 Archilochio
1100 3237 1238 3300 composita
1256 3243 1279 3286 ct

142 3319 231 3366 Artem
250 3318 382 3367 Paiticam
398 3318 557 3381 scriptusest.
574 3317 688 3366 InV0ss.
730 3320 878 3376 argumenta
902 3315 1077 3377 plerorumque
1105 3316 1235 3364 mordacia
1257 3321 1280 3364 et

142 3395 194 3443 Ars
211 3395 312 3443 Politica
328 3396 439 3458 sequitur
455 3395 572 3443 ultimum
589 3409 689 3443 carmen
730 3392 891 3442 vehementia.
924 3394 984 3442 Non
1001 3399 1085 3443 tamen
1106 3395 1182 3444 credo
1199 3396 1281 3443 omnis

142 3474 201 3522 libri
221 3474 316 3535 quarti,
339 3474 487 3536 additurque
507 3474 567 3521 haee
588 3481 689 3521 annota-
730 3473 851 3532 carmina,
872 3488 936 3535 quae
960 3488 1027 3522 nunc
1048 3474 1074 3523 in
1092 3475 1158 3523 libro
1175 3476 1280 3539 Epodon

143 3554 189 3602 tio:
219 3555 374 3601 Tarnaiaatis
393 3554 564 3614 superioribus
580 3560 690 3615 quatuor
730 3550 851 3612 legimus,
879 3552 910 3599 ab
937 3552 1042 3601 Horatio
1065 3553 1092 3600 in
1119 3569 1178 3603 eum
1208 3554 1282 3603 fuisse

143 3634 283 3681 saratinum
294 3632 375 3688 libris,
383 3633 520 3692 composuit
529 3633 607 3680 istum
618 3635 689 3694 quin·
730 3628 815 3678 relata.
845 3629 876 3677 In
896 3631 1064 3679 vetustissima
1087 3632 1196 3681 editione
1221 3634 1280 3682 vidi:

144 3717 197 3759 tum
222 3711 252 3758 de
278 3711 343 3757 Arte
370 3709 488 3765 Paitico,
513 3712 548 3758 ad
572 3712 689 3759 Piscaan
733 3709 764 3766 Q.
782 3710 892 3758 Horatii
910 3713 1001 3759 Flacci
1017 3713 1120 3773 Epodos
1137 3713 1240 3776 incipit.

143 3791 267 3851 quendam
281 3788 395 3849 podiam,
412 3788 439 3834 ia
459 3803 506 3849 qua
522 3789 587 3836 sitia
603 3803 689 3850 super·

143 3870 299 3918 stitiosaruas
313 3867 447 3929 pa'e'tarum
463 3870 574 3917 cauenda
587 3884 638 3917 asse
649 3871 690 3918 dc-
910 3880 1064 3931 CARMEN
1082 3883 1103 3931 1,

144 3953 189 3995 aet.
224 3947 257 3994 Et
278 3946 349 3994 alibi:
372 3948 449 3994 Liber
470 3947 510 3994 hic
529 3948 634 4008 Epodon
651 3949 689 3995 iu·

143 4029 279 4087 scribitur,
309 4027 461 4075 clausuralis
490 4028 596 4084 scilicet,
625 4028 691 4088 quod
763 3992 807 4074 P
805 4033 897 4074 ciratus
918 4043 988 4076 asaiae
1007 4026 1125 4074 Caesaris
1141 4029 1285 4088 periculum

144 4120 230 4153 uersus
253 4105 281 4152 iu
305 4121 331 4153 eo
358 4106 398 4152 ito
423 4107 537 4153 ordinati
559 4112 632 4167 suat,
661 4111 689 4153 ut
733 4107 832 4162 Sabae,
850 4107 998 4164 Maecenas,
1017 4111 1073 4154 tuo.
1112 4105 1183 4154 Haec
1212 4108 1244 4156 de
1260 4122 1286 4157 sa

144 4184 264 4244 ²usculis,
281 4185 370 4244 quibus
387 4184 515 4232 clausulae
534 4190 609 4244 suat,
629 4186 689 4233 reci·
731 4184 778 4232 dici
797 4184 876 4232 nollet
891 4182 991 4232 Caesar.
1024 4184 1093 4232 Nam
1110 4183 1131 4231 si
1149 4184 1286 4235 Maecenas

145 4267 216 4308 ararat.
264 4259 402 4309 Clausulas
435 4263 566 4323 appellant
600 4263 691 4324 Lyrici
709 4302 711 4319 ἰ
730 4277 803 4311 omne
832 4262 900 4310 illius
931 4261 1069 4324 periculum
1098 4277 1145 4312 suo
1176 4266 1285 4325 subiret,
