2916 5220
506 307 680 370 LIBER
726 308 782 369 lV.

261 491 357 556 Felix
380 500 456 578 post
481 492 653 574 Cinara-m,
679 502 821 577 notaque
844 500 877 557 et
901 495 1022 558 artium

263 594 438 659 Gratarurn
463 595 581 660 facies?
618 595 682 660 Sed
707 595 843 660 Cinarae
867 596 979 660 breves

308 698 424 763 Annos
449 698 518 762 fata
541 698 715 780 dederunt,

355 801 531 867 Servatura
554 801 611 866 diu
634 823 747 886 parem

261 902 408 969 Cornicis
432 904 562 969 vetulae
586 904 791 989 temporibus
816 905 941 988 Lycen,

263 1007 404 1072 Possent
426 1012 465 1071 ut
487 1007 621 1072 iuvenes
648 1007 753 1072 visere
779 1007 911 1089 fervidi,

308 1110 416 1175 Multo
441 1132 507 1175 non
532 1110 603 1175 sine
626 1110 713 1193 risu,

352 1213 524 1298 Dilapsam
548 1213 584 1277 in
608 1213 732 1278 cineres
757 1213 871 1278 lacem.

84 1375 143 1423 Ital.
160 1375 208 1424 1v.
226 1376 281 1424 404.
315 1376 380 1435 Quis
401 1391 457 1436 voe,
481 1377 542 1435 heu,
567 1377 632 1424 vobr'a
649 1376 652 1443 ξ
671 1375 810 1424 mutatione
834 1376 883 1425 vid.
900 1377 999 1425 Ernest.
1021 1378 1052 1424 ad
1074 1376 1156 1431 Taciti
1172 1375 1220 1424 IV.

81 1469 163 1517 pavor
179 1455 298 1502 abstulit?
673 1457 768 1505 Annal.
787 1458 826 1504 43.
843 1455 940 1504 Locum
956 1456 1055 1505 Horatii
1066 1454 1222 1517 negligenter

117 1532 253 1594 Dilnpranr
277 1534 306 1580 ‘In
325 1534 421 1581 eineres
436 1533 531 1596 facem.
565 1532 633 1580 Non·
673 1534 783 1582 imitatus
808 1541 845 1582 est
870 1534 978 1583 Huetius
997 1533 1081 1583 Carm.
1107 1549 1163 1596 pag.
1181 1535 1221 1582 82.

84 1610 220 1659 nullibi.
238 1610 555 1659 minusrectedefendunt
573 1610 632 1659 alte-
675 1614 859 1675 Dilapaamqne
876 1613 964 1675 sarem
985 1613 1012 1660 in
1033 1614 1128 1661 eineres
1147 1615 1223 1662 rusci

83 1705 138 1738 ram
163 1689 293 1738 lectionem
318 1691 456 1752 delapsam.
483 1690 543 1738 Vid.
565 1690 631 1738 Bon·
674 1696 723 1738 tna.
749 1689 804 1739 Hoc
821 1691 887 1739 enim
910 1690 963 1739 fieri
986 1705 1035 1738 non
1057 1696 1145 1753 potest.
1174 1692 1223 1741 Re-

84 1768 167 1817 tleius.
202 1770 278 1826 Labi,
296 1770 398 1825 collabi,
416 1770 498 1817 deinbi
513 1776 538 1816 et
555 1770 634 1818 dilabi
672 1770 735 1817 etius
752 1776 849 1818 nostres
871 1770 945 1818 Dom.
972 1769 1084 1817 Bandius
1107 1768 1182 1819 Odar.
1200 1770 1222 1819 Ι.

84 1848 111 1895 in
128 1846 220 1894 eineres
238 1846 268 1894 de
282 1847 337 1895 aliis
355 1847 428 1894 rebus
445 1847 547 1906 dicitur,
570 1848 633 1896 faces
675 1851 696 1898 l.
725 1851 856 1911 Gratoque
882 1865 939 1898 rum
965 1851 1020 1896 rr'rn
1042 1851 1153 1910 paternit
1189 1851 1224 1897 In

85 1931 185 1972 tantum
203 1926 362 1974 diiiibrmtur.
389 1924 461 1974 Ovid.
475 1926 510 1975 II.
529 1927 632 1975 Metam.
672 1928 768 1976 cinerea
785 1928 1029 1989 abiisseflanrnmm.
1047 1926 1143 1976 Proin
1159 1929 1224 1977 rine-

86 2004 633 2054 628.Inanneszaor.Va1er.Maxim.v.3.
673 2022 714 2054 rea
729 2006 851 2068 quaedam
867 2005 945 2055 MSS.
964 2006 1004 2053 hic
1013 2005 1106 2053 habent
1119 2008 1147 2053 in
1157 2010 1223 2055 rine-

86 2086 123 2132 In
140 2085 234 2133 eineres
250 2084 340 2131 collabi
354 2097 448 2143 paeana
464 2097 514 2130 non
532 2086 634 2145 sineret.
674 2101 734 2142 rem,
742 2092 767 2133 et
775 2086 937 2133 Burmannus
949 2085 980 2131 ad
994 2084 1101 2133 Anthol.
1115 2084 1187 2133 Torn.
1202 2083 1224 2132 1.

86 2162 202 2210 Laetant.
220 2159 256 2207 II.
275 2161 298 2208 4.
319 2162 397 2209 Terta
413 2167 541 2209 remunito
553 2164 635 2211 incen·
674 2180 729 2227 pag.
748 2165 788 2213 89.
805 2169 878 2227 putat
898 2162 1051 2225 singularem
1075 2176 1126 2210 esse
1143 2163 1224 2225 magia

87 2243 128 2289 dio
144 2241 293 2288 dilabuntur
317 2240 345 2286 in
366 2241 481 2287 etnerem.
500 2239 577 2289 XIII.
598 2242 634 2290 13.
674 2245 805 2307 politicum.
839 2242 965 2305 Equidem
986 2241 1049 2288 nihil
1072 2240 1111 2288 hic
1136 2242 1224 2303 politici

91 2323 211 2383 Viperam
235 2326 351 2368 exustam
375 2321 404 2367 in
424 2322 579 2383 cineremque
598 2324 635 2371 di·
674 2338 760 2379 oerno,
777 2322 829 2369 sive
847 2320 914 2367 dicas
931 2322 1037 2368 cinerem
1051 2319 1101 2367 sive
1118 2321 1225 2379 cinerea,

87 2403 194 2461 lapsam.
227 2399 271 2447 Ad
296 2398 439 2460 exemplum
465 2396 563 2448 HoratIi
587 2400 635 2448 Ios.
674 2417 733 2450 nam
759 2408 893 2461 utrumque
918 2398 1038 2446 Latinum
1064 2403 1112 2456 eat,
1144 2412 1225 2461 neque

88 2477 202 2540 Scaliger
218 2477 281 2526 bene
297 2477 405 2526 correxit
413 2477 504 2526 Lucilii
514 2478 544 2526 de
552 2480 637 2528 Aetna
675 2483 866 2529 alterumutrum
887 2477 965 2541 poetis
992 2476 1125 2539 proprium.
1176 2476 1226 2525 Hic

87 2572 125 2605 rs.
142 2558 198 2605 425.
225 2558 260 2604 In
285 2559 393 2606 cinerem
412 2562 551 2619 putresque
572 2560 637 2607 iacet
674 2560 774 2623 quidem
792 2571 866 2605 sonus
882 2556 984 2605 omnino
995 2555 1106 2619 postulat
1122 2556 1225 2604 cineres.

88 2637 204 2697 dilapsus
222 2651 319 2685 arenas.
337 2637 377 2684 De
394 2636 573 2685 vocabulorum
581 2652 635 2699 per·
674 2638 759 2699 Quare
776 2643 801 2683 et
821 2635 951 2684 Bentleius
969 2634 1084 2681 servarit.

575 2795 739 2818 ⁴00...

474 2941 719 3008 GARMEN
764 2943 856 3006 XIV.

269 3079 367 3164 Quae
390 3117 467 3160 eura
490 3095 627 3158 Petrum
652 3115 774 3177 quaeve
805 3093 1000 3173 Quiritium,

269 3198 381 3263 Plenis
404 3198 566 3262 honorum
592 3196 785 3261 muneribus
810 3200 900 3276 tuas,

313 3303 484 3388 Auguste,
509 3301 651 3366 virtutes
675 3300 710 3364 in
734 3321 851 3364 aevum

360 3406 423 3470 Per
446 3405 563 3470 titulos
587 3425 812 3488 memoresque
835 3402 939 3467 fastos

269 3509 447 3574 Aeternet?
487 3506 532 3589 Ο,
560 3528 625 3591 qua
648 3507 697 3572 sol
720 3505 917 3570 habitabiles

244 3687 397 3739 CARMEN
414 3689 489 3738 XIV·
680 3677 696 3708 a
712 3661 857 3722 superiore,
872 3658 915 3708 aed
927 3661 1012 3718 potest
1028 3656 1158 3716 illinierat,
1171 3670 1228 3717 qno·

680 3742 751 3790 niam
768 3742 808 3789 bio
824 3739 911 3787 laudea
928 3738 1050 3785 dicuntur
1067 3735 1184 3794 Anyurti.

129 3786 216 3897 Quae
240 3833 304 3868 eura
331 3821 451 3868 Petrum.
497 3819 568 3868 Cura
603 3823 641 3866 est
715 3821 842 3868 Aeternet.
861 3819 1002 3864 Aeternnre
1018 3814 1046 3860 in
1063 3827 1158 3869 nervon,
1168 3810 1229 3859 mihi

90 3914 169 3948 arnor.
203 3898 259 3946 Hoe
279 3904 362 3946 autem
389 3911 489 3946 carmen
511 3903 535 3946 et
556 3896 641 3945 multis
681 3911 813 3960 nunquam
837 3895 934 3959 plaeere
959 3892 1046 3955 potuit.
1090 3892 1230 3938 Aeternare

90 3977 170 4026 modis
195 3991 248 4026 esse
271 3977 449 4039 interpolatum
466 3977 559 4035 iudico,
586 3984 642 4026 eta
682 3977 732 4024 iam
748 3975 871 4038 significat
888 3978 1016 4020 aeternum
1033 3967 1124 4017 faeere:
1142 3969 1170 4017 r‘n
1187 3984 1227 4016 ae-

90 4055 202 4119 sequenti
218 4056 347 4104 divulsum
363 4072 408 4119 per
428 4057 535 4105 eundem
553 4057 641 4107 Gram-
682 4071 752 4113 vum,
777 4059 806 4101 ut
825 4069 872 4117 per
889 4066 988 4107 nerum,
1013 4049 1077 4095 idem
1099 4053 1135 4094 est
1156 4053 1229 4109 atque

90 4137 223 4193 matteum,
257 4139 300 4199 qui
325 4151 383 4186 suos
411 4151 497 4186 versus
531 4136 641 4184 inseruit.
682 4136 709 4181 in
734 4138 872 4182 aeternnm.
906 4127 1002 4178 Unicus
1027 4126 1108 4183 locus,
1133 4125 1158 4172 in
1180 4139 1231 4187 quo

91 4215 235 4279 PorphyrIo
253 4217 284 4263 ad
300 4216 401 4265 initium
418 4216 503 4266 Carm.
521 4215 582 4264 XV.
600 4230 642 4263 an·
683 4218 814 4262 aeternare
830 4216 957 4272 praeterea
973 4206 1106 4263 invenitur,
1117 4210 1154 4252 est
1164 4203 1230 4252 Var-

91 4293 200 4343 notavit:
221 4294 333 4353 Quidem
348 4301 469 4358 reparant
489 4296 554 4344 bone
573 4296 644 4345 Odere
661 4334 664 4346 .
683 4292 750 4341 renis
767 4290 832 4353 apurl
848 4288 971 4338 Nonium:
997 4292 1129 4334 aeternare
1150 4284 1231 4333 literis

1029 4366 1094 4429 21*
