2916 5220
650 274 981 342 CARMINUM

431 480 522 538 Serra
546 471 713 551 (telana,
741 491 798 555 aaa
821 477 851 531 te
865 464 1027 551 procellae

432 577 532 642 <nale
552 575 646 640 eeloee'
657 622 665 655 ‚
688 577 753 637 rosi
769 570 866 636 herile
891 572 991 634 noane

521 680 662 764 Carpere
672 697 825 761 portarem,

432 785 546 869 [lepino
568 783 716 866 sotanis,
741 778 942 861 [lantramno
964 776 1052 840 trade¹

431 883 595 949 Barbarae
612 881 755 968 pellen.’'
806 879 931 943 Aderat
953 881 1094 964 querenti

430 987 592 1074 Perfiannt
615 985 723 1050 re'alens
754 984 856 1048 Venno
885 991 915 1046 et
936 1001 1065 1046 remeato

520 1088 624 1153 Filiae
646 1107 733 1151 aren.

430 1195 525 1273 Mon,
549 1189 602 1255 nbi
625 1189 699 1254 lusit
721 1192 819 1254 eatis·
846 1185 1048 1269 “Abstlrnto,

436 1298 547 1378 Dixit,
573 1298 694 1359 irarnrn
717 1293 896 1379 collatamque
919 1295 1027 1372 rinae,

434 1401 535 1480 anrn
558 1402 614 1463 n't
636 1401 755 1463 inntens
779 1394 951 1461 maerenda
974 1394 1082 1458 reddet

524 1502 652 1567 Cornna
675 1510 795 1565 tanrne.

436 1608 524 1670 Unor
548 1608 655 1671 innoti
677 1605 762 1668 Ioot's
784 1624 850 1667 esse
872 1606 990 1667 neseis:

431 1710 524 1773 Mitte
546 1706 718 1793 slnpnlten,
743 1704 815 1770 bene
827 1704 925 1789 serre
948 1726 1093 1791 moeream

436 1810 732 1895 hieresalem:
756 1819 812 1873 tna
835 1818 936 1873 sectos
959 1807 1042 1873 orbis

521 1916 661 1979 Nomina
684 1913 806 1977 dneet.”

250 2076 319 2122 pene,
341 2071 418 2121 quum
440 2057 518 2119 vulgo
543 2057 621 2104 saltus
646 2058 690 2106 fiat
706 2073 722 2106 a
737 2070 799 2120 rupe
818 2056 821 2081 ¹
842 2053 869 2102 Si
891 2053 1049 2112 iamdudum,
1072 2054 1137 2116 quod
1162 2053 1270 2107 iudicari
1297 2054 1393 2102 videtur

253 2139 279 2186 iu
304 2139 380 2185 imam
406 2136 498 2185 vallem
524 2137 564 2184 vel
588 2136 734 2184 barathrum
758 2135 798 2184 vel
819 2124 821 2141 '
841 2147 881 2181 oo:
899 2149 956 2181 enon
972 2134 1095 2181 nollunt
1119 2135 1195 2189 rotie,
1222 2132 1315 2185 Venus
1340 2134 1394 2181 adro

253 2231 329 2265 mare.
363 2216 419 2264 Iam
443 2231 506 2263 saxu
531 2222 607 2265 (rotela
633 2219 680 2265 leto
705 2230 751 2279 pro
767 2217 801 2263 oet
841 2218 911 2274 septa
936 2212 1023 2260 aderat
1047 2212 1088 2261 vel
1112 2211 1206 2259 alicubi
1230 2211 1340 2269 latebat,
1364 2227 1394 2260 ue

253 2299 331 2344 letum
347 2295 559 2351 consciscendum,
582 2296 638 2350 vix,
663 2301 735 2357 puto,
752 2295 800 2342 La·
842 2292 873 2339 ab
889 2293 991 2354 Europa
1007 2292 1115 2354 conspici
1131 2298 1221 2355 posset.
1254 2291 1329 2343 Haec
1344 2307 1393 2341 om·

253 2375 333 2422 tinum
349 2382 394 2423 est.
420 2373 592 2423 Minusetiam
609 2375 733 2422 delectant
745 2375 800 2422 leto.
842 2371 884 2418 uia
899 2384 967 2418 nuuc
984 2371 1095 2419 dirinme
1111 2370 1232 2432 cogimur.

254 2455 391 2502 Delectant
411 2453 436 2500 in
457 2453 504 2501 hae
520 2467 547 2500 re
564 2465 609 2514 pro
623 2453 739 2512 parcent,
760 2453 799 2501 vel
875 2451 1006 2498 Abetirteto
1017 2452 1123 2497 trorum.
1152 2449 1206 2497 Pro
1217 2449 1265 2497 tro
1281 2450 1394 2497 veltres.

254 2535 394 2594 nonomen
410 2535 496 2596 poetae
512 2533 618 2596 primam
635 2545 722 2579 vocem
739 2532 800 2578 arri·
843 2527 964 2591 Suspecta
980 2527 1111 2577 Latinitas.
1145 2527 1227 2576 Aliud
1252 2534 1291 2575 est
1313 2532 1395 2578 deora

253 2609 357 2673 pientia,
373 2626 437 2673 quae
453 2617 533 2660 metro
550 2612 687 2660 conveniat.
841 2610 950 2656 irarum.
984 2609 1081 2656 Tamen
1103 2607 1174 2655 loen.
1198 2606 1394 2656 saresberiensis

287 2688 341 2751 Ape
357 2696 382 2737 te
397 2693 519 2752 procellae
554 2691 633 2738 Crede
654 2691 735 2738 ueloci.
769 2687 801 2736 Iu
843 2686 1024 2750 Polycratld.
1039 2687 1264 2735 Menaenorum.
1277 2687 1394 2734 Istorum

254 2781 305 2815 uno
321 2767 379 2816 MS.
396 2775 480 2816 nostro
500 2770 574 2830 opita.
598 2769 677 2816 Error
693 2767 800 2816 seriben-
843 2769 946 2815 abstine.
973 2765 1035 2814 Alia
1051 2780 1090 2814 res
1107 2769 1144 2813 est
1161 2763 1186 2810 iu
1196 2763 1330 2826 participio
1343 2767 1394 2812 ote·

255 2847 299 2904 tis,
323 2846 355 2893 ab
373 2845 451 2894 altero
475 2852 561 2908 postea
584 2852 717 2894 correctus.
751 2846 802 2907 Qui
843 2847 933 2893 tinam.
953 2845 1199 2906 Calidaeqaerr'noe.
1223 2842 1307 2905 Atqui
1324 2857 1395 2891 neruo

255 2939 282 2974 se
300 2923 424 2988 procellae
439 2925 528 2981 credit,
551 2925 587 2982 is,
608 2925 732 2973 saeviente
748 2939 802 2986 pro·
844 2925 941 2982 aderat,
959 2937 1065 2986 quotum
1082 2923 1185 2983 Europe
1202 2921 1280 2969 rixari
1305 2928 1394 2984 posset.

255 3001 332 3058 cella,
345 3002 507 3064 proficiscitur
523 3002 574 3050 sive
593 3003 657 3050 mari
675 3000 727 3049 sive
738 3007 804 3049 terra
881 3005 966 3061 Quum
983 3004 1030 3051 titi
1046 3004 1141 3050 inomao
1158 3003 1298 3050 looerondo
1309 3003 1395 3050 reddet

254 3087 280 3129 et
294 3095 321 3130 se
337 3080 415 3128 furori
426 3081 549 3145 procellae
560 3079 667 3142 exponit.
692 3079 747 3128 Hoc
755 3080 803 3128 La·
847 3083 950 3132 Cornua
967 3088 1066 3130 tauros.
1099 3079 1183 3129 Fatua
1203 3079 1302 3136 Itonia,
1326 3078 1396 3127 fatuo

255 3161 336 3209 tinum
352 3166 397 3208 est.
414 3160 506 3222 Virgil.
519 3157 568 3209 vt.
586 3160 651 3208 Aen.
666 3158 704 3207 15.
725 3160 803 3208 Prae·
844 3161 918 3210 modo
934 3174 1057 3222 expressa
1091 3158 1235 3207 Bentleius:
1253 3158 1395 3221 “Equidem

253 3241 356 3300 petitos
371 3241 462 3301 peonio
478 3253 557 3287 outae
571 3253 598 3287 ee
617 3240 717 3288 eredere
732 3239 803 3287 coelo.
844 3253 902 3287 oum
919 3240 984 3288 bona
1004 3237 1163 3287 eruditissimi
1187 3237 1298 3286 Daeierii
1323 3238 1397 3286 uenia

256 3315 328 3366 ovid.
345 3318 367 3366 Ι.
385 3317 444 3365 Art.
466 3317 526 3366 Am.
545 3317 600 3365 411.
624 3322 696 3376 tono,
718 3331 744 3365 se
760 3319 805 3378 put
844 3318 940 3368 fatebor
956 3318 997 3367 hie
1013 3317 1155 3366 tarditatem
1176 3331 1271 3374 meam,
1293 3316 1340 3380 qui
1361 3316 1395 3363 ni-

255 3399 362 3446 eredn'dlt
379 3401 442 3459 olto,
462 3399 512 3445 Vin
530 3399 612 3446 tenuit
628 3399 726 3445 lacerae
742 3413 804 3444 nan·
845 3398 881 3446 hil
902 3405 954 3447 tum
975 3397 1109 3461 pulchrum
1126 3402 1151 3446 et
1167 3397 1296 3459 egregium
1314 3396 1341 3443 in
1358 3395 1396 3443 his

248 3475 332 3538 fropa
343 3479 453 3524 ertembra
463 3477 534 3523 ratio.
553 3473 644 3524 Claud.
655 3475 729 3538 Rapt.
743 3475 803 3523 Pro·
845 3478 927 3525 verbis
953 3476 1137 3539 deprehendere
1163 3474 1247 3531 valeo,
1270 3489 1336 3536 quae
1353 3475 1396 3523 ille

255 3567 320 3615 serp.
330 3552 510 3601 Praefatvsd.
527 3555 684 3616 Tranquillis
691 3556 804 3617 primurn
845 3563 971 3619 tantopere
987 3555 1149 3603 admiratur·
1172 3552 1279 3603 Couiicit
1295 3553 1396 3602 deiude:

257 3633 371 3693 trepidus
396 3646 422 3679 ee
446 3632 555 3680 aedidit
585 3634 668 3681 undio.
710 3632 760 3692 Qui
789 3647 804 3680 a
849 3636 905 3683 [orit
918 3636 1091 3683 tlbtlulnuur.
1114 3634 1172 3681 Non
1185 3631 1396 3695 multum‚puto,

256 3723 317 3772 rupe
335 3709 418 3758 desilit
435 3716 459 3757 et
476 3723 519 3772 per
537 3724 611 3758 auras
628 3710 744 3759 deorsum
758 3711 804 3760 fer·
845 3714 936 3763 lucrati
964 3729 1058 3762 sumus.
1089 3711 1230 3763 Meinekius
1260 3712 1352 3761 rectius
1372 3719 1397 3761 et

257 3796 309 3850 tur,
326 3803 376 3837 non
393 3787 441 3837 diei
458 3795 537 3850 potest
550 3804 575 3837 so
592 3790 692 3839 eredere
708 3791 803 3853 procel·
845 3793 948 3842 fortasse
971 3793 1095 3857 loquentis
1116 3805 1237 3857 personae
1259 3804 1396 3841 nomenmo-

256 3868 303 3917 lue.
320 3869 387 3916 Puto
400 3876 525 3918 auctorem
542 3870 588 3918 hoc
605 3870 721 3920 voluisse:
738 3872 805 3933 Age,
846 3873 926 3920 datius
943 3873 1060 3936 putabat:
1075 3872 1220 3920 abstientia
1251 3869 1393 3921 Assentior.

256 3948 364 4011 Europe,
378 3948 409 3995 de
417 3948 551 3997 saxotein
560 3965 629 3999 mare
638 3949 735 4012 proiice.
757 3949 804 4000 Co·
883 3953 938 3999 Tua
970 3957 1052 3999 aeetae
1079 3950 1146 3999 ortis
1174 3949 1285 4001 Nomina
1314 3951 1396 4002 ducet.

256 4026 343 4088 ruratio
364 4029 444 4075 emon
465 4027 503 4075 illi
517 4030 654 4089 procellam
673 4029 804 4091 suggessit.
846 4029 915 4077 Haec
933 4043 981 4076 uon
999 4035 1058 4076 sunt
1073 4026 1178 4082 Latina,
1195 4033 1219 4075 et
1236 4027 1397 4077 vehementer

291 4103 389 4151 Aderat
416 4108 531 4166 querenti
563 4106 696 4169 Perfidom
721 4108 805 4155 nanee
846 4106 933 4156 dubito
957 4121 989 4154 an
1010 4106 1138 4154 Romanus
1160 4104 1318 4168 intelligeret.
1355 4109 1397 4156 Se-

263 4183 353 4229 Venue.
391 4183 465 4232 Nune
491 4185 612 4246 primum,
640 4192 667 4232 ut
692 4186 748 4234 Dea
772 4200 804 4234 ex
846 4192 902 4234 otoo
923 4188 990 4234 orote
1009 4186 1075 4234 idem
1097 4190 1133 4232 est
1150 4183 1216 4247 quod
1233 4186 1345 4233 tuumne
1361 4187 1397 4234 eli-

258 4261 384 4319 manhina,
402 4277 433 4310 an
450 4263 611 4312 iamdudum?
644 4266 701 4314 Non
718 4264 803 4327 liquet.
845 4268 920 4314 eterne.
955 4267 1009 4315 Iam
1027 4264 1231 4313 mundusinhao
1244 4271 1396 4312 causseerat
