2916 5220
639 310 961 375 CARMINUM

417 500 648 568 Contaminato
671 521 746 564 oum
768 521 866 583 grege
889 499 1036 584 turpium

415 605 528 670 Morbo
552 603 711 684 virorum,
736 601 898 686 quidlibet
921 601 1084 687 impotens

460 708 593 793 Sperare
620 704 814 789 fortunaque
838 703 927 769 dulci

503 809 612 874 Ebria.
661 806 726 874 Sed
749 805 872 871 minuit
895 806 1037 873 furorem

235 1003 301 1037 nune
316 992 373 1036 erut
389 987 439 1034 mis
455 999 525 1047 apua
555 982 604 1032 Sed
622 981 656 1029 ibi
670 996 704 1030 ex
720 979 781 1042 opti·
822 980 880 1028 Ital.
899 981 947 1030 XI.
965 984 1021 1032 395.
1061 985 1152 1032 Verum
1175 986 1253 1047 rpite,
1281 999 1295 1031 o
1321 1000 1377 1034 area

235 1068 281 1114 mis
303 1066 381 1115 MSS.
402 1065 484 1114 editur
504 1065 566 1121 mr,
586 1061 652 1123 quod
673 1059 782 1123 postulat
823 1062 1199 1124 turba,preeor,iumtempue,
1211 1064 1305 1111 adeste.
1323 1062 1376 1110 Pro

235 1147 369 1194 sententiae
399 1142 469 1192 ratio.
503 1143 580 1190 Nune
605 1146 703 1203 ternpus
727 1144 783 1188 erat
823 1140 929 1189 antebac
946 1141 972 1187 iu
989 1154 1039 1188 uno
1055 1141 1126 1189 Leid.
1147 1141 1199 1188 vidi
1219 1147 1279 1189 aute
1300 1143 1374 1192 boue.

235 1233 282 1274 est:
303 1239 371 1273 nune
387 1226 544 1281 debebamus,
564 1234 632 1268 nunc
646 1235 698 1282 pur
713 1224 781 1280 erat,
858 1217 1036 1268 Contaminata
1068 1235 1125 1268 eum
1158 1235 1230 1282 pregre
1257 1222 1375 1283 turpium

234 1320 301 1354 nuno
321 1306 428 1354 decebat.
461 1303 548 1365 Atque
570 1300 617 1348 hoe
636 1300 782 1363 plerumque
824 1296 914 1345 Morbo
941 1299 1060 1347 uirorum.
1101 1298 1133 1346 Iu
1162 1312 1213 1346 uuo
1239 1297 1296 1348 MS.
1323 1301 1374 1348 vidi

234 1385 347 1441 diotmus,
355 1397 432 1446 quum
442 1381 594 1430 eontrarium
603 1379 699 1437 accidit,
707 1395 781 1442 quarn
822 1377 1008 1437 septimorum,
1041 1377 1068 1424 in
1101 1377 1179 1426 altero
1211 1379 1373 1429 euiratmum.

235 1462 300 1525 quod
320 1464 375 1511 iure
392 1462 500 1524 quodam
516 1460 642 1524 postulare
658 1459 728 1507 nobis
744 1460 779 1507 ri·
824 1451 894 1513 Quae
911 1462 970 1503 sunt
985 1455 1089 1518 glossae.
1098 1455 1228 1505 Bentleius
1236 1471 1282 1519 pro
1290 1461 1374 1508 morbo

235 1541 330 1589 demur.
354 1541 411 1589 Liv.
427 1541 504 1589 VIII.
526 1541 550 1588 b.
587 1541 694 1602 Terrapue
714 1544 782 1595 erat,
824 1534 1208 1598 virorumlegitopprobiiorum.
1226 1535 1282 1584 Alii
1290 1540 1374 1587 morbo

236 1621 337 1668 tandem
361 1621 413 1667 iant
436 1635 479 1669 vos
502 1620 628 1668 nobiseum
652 1619 716 1666 nibil
734 1631 783 1678 pro
826 1612 961 1674 Syrorum,
978 1616 1036 1663 mbo
1052 1614 1171 1663 virorum.
1205 1614 1273 1664 Puto
1289 1615 1373 1666 lorum

234 1700 338 1762 imperio
358 1714 436 1760 opere.
465 1695 569 1745 Ouidius
590 1693 638 1743 IV.
664 1694 741 1742 Trist.
758 1695 781 1743 8.
824 1692 903 1753 magis
920 1706 972 1742 esse
988 1692 1179 1755 explicandum,
1200 1708 1278 1756 quarn
1299 1697 1373 1745 eorti-

236 1778 259 1824 5.
289 1778 367 1825 Naue
383 1782 451 1832 erat,
467 1781 497 1823 ut
511 1776 593 1837 posito
609 1775 719 1823 deberem
727 1773 784 1835 fine
824 1770 941 1829 gendum.
963 1772 1085 1835 Singulae
1095 1786 1166 1821 voees
1176 1775 1374 1837 contaminatus,

236 1857 348 1904 laborum
361 1856 455 1903 Vivere.
473 1853 566 1903 Statius
575 1852 624 1901 XI.
637 1852 716 1901 Theb.
729 1852 782 1903 157.
823 1863 893 1909 aret,
910 1852 1008 1911 turpis,
1019 1851 1110 1899 hebent
1120 1857 1289 1914 contemptum
1300 1855 1372 1904 vehe-

239 1935 310 1983 Tuno
327 1939 426 1996 tempus
441 1937 579 1990 erat,cum
593 1932 781 1994 subquartam-
824 1926 1013 1977 mentissimum.
1047 1929 1211 1993 Contemptus
1226 1945 1255 1980 eo
1270 1946 1321 1982 nou
1331 1949 1373 1996 pa-

236 2028 295 2061 vum
312 2014 422 2076 Iuteper.
456 2011 551 2062 Contra
566 2011 597 2059 de
612 2010 782 2073 reipsaprae-
824 2019 881 2052 rum
903 2013 1019 2068 augetur,
1043 2009 1109 2071 quod
1129 2007 1166 2056 illi
1187 2009 1235 2057 viri
1250 2023 1298 2058 non
1316 2017 1372 2059 tan-

236 2093 312 2149 senti,
328 2107 395 2139 mune
411 2097 455 2139 est.
490 2090 576 2138 Plaut.
598 2087 670 2152 Capt.
692 2089 741 2136 111.
759 2090 782 2137 3.
825 2091 879 2130 tum
903 2085 1020 2134 dicuntur
1043 2094 1141 2150 turpes,
1166 2088 1208 2135 sed
1229 2088 1304 2137 etiarn
1320 2096 1373 2138 tur-

239 2171 260 2218 l.
296 2172 372 2220 Naue
396 2170 462 2219 iilud
486 2175 534 2227 est,
556 2185 612 2218 euru
632 2184 670 2217 me
684 2169 782 2230 furere,
825 2176 867 2224 pes
884 2167 980 2223 morbo,
996 2165 1043 2213 hoe
1067 2171 1116 2224 est,
1140 2172 1250 2227 nutura,
1274 2171 1372 2228 studio,

236 2265 313 2310 quam
329 2264 392 2310 esse,
409 2250 485 2298 nimio
501 2249 622 2298 mavelim.
651 2246 782 2296 Claudian.
825 2243 899 2302 vitiu,
920 2244 1055 2292 voluntate.
1093 2245 1194 2294 Habent
1218 2244 1287 2294 huuc
1308 2262 1373 2298 rnor-

237 2326 271 2374 11.
289 2327 374 2376 Rufin.
390 2329 446 2377 311.
481 2328 558 2376 Nunc
574 2328 661 2389 epulus
677 2332 784 2389 tempus,
825 2319 897 2380 bum,
919 2328 948 2368 ut
968 2336 1019 2370 non
1036 2329 1119 2386 turpes
1136 2339 1188 2374 esse
1204 2340 1254 2375 non
1270 2329 1372 2390 possint.

236 2408 310 2456 sociis
341 2421 407 2456 nuno
440 2408 513 2468 leupo
539 2421 635 2469 parare
664 2404 783 2454 Munera.
826 2397 944 2446 Horatius
964 2415 1062 2464 quoque
1078 2404 1166 2453 acerbe
1181 2406 1263 2468 tangit
1279 2407 1371 2457 Roma·

237 2482 328 2533 Om'nit
344 2491 388 2535 ert.
422 2486 504 2534 Nemo
526 2485 560 2533 ibi
577 2487 670 2548 cogitat
687 2490 784 2548 tempus
826 2491 882 2536 110⁵,
903 2480 947 2540 qui
963 2487 1034 2528 erant
1050 2482 1075 2529 in
1092 2483 1210 2531 comitatu
1227 2483 1373 2548 Cleopatrae

236 2570 300 2612 erut.
334 2564 392 2612 Non
408 2565 486 2627 igitur
504 2565 549 2612 illa
566 2565 592 2612 in
607 2564 714 2612 Horatio
732 2578 783 2611 am·
826 2561 851 2602 et
867 2557 980 2606 Antonii·
1013 2559 1081 2610 Vide
1105 2562 1180 2610 Dion.
1206 2563 1275 2614 Cass.
1293 2565 1314 2614 I.
1332 2567 1372 2615 28.

236 2641 303 2703 plius
319 2641 420 2691 ferenda
437 2649 506 2690 sunt:
517 2658 584 2692 uuna
595 2647 634 2691 eet
645 2644 784 2703 bibendum,
827 2634 915 2682 Talem
936 2638 1033 2686 notavit
1053 2639 1176 2690 Plancum
1192 2643 1305 2694 Velleius
1323 2646 1372 2696 Pa-

237 2736 303 2769 auar
320 2727 418 2784 tempus
437 2727 500 2771 erat.
534 2721 565 2768 Iu
581 2720 783 2770 lectionisvarie·
826 2719 885 2763 tere.
906 2715 944 2766 11.
961 2717 1001 2765 83.
1035 2719 1110 2768 Inter
1133 2723 1198 2772 buna
1217 2732 1373 2787 apparatum

237 2804 288 2846 tate
304 2798 783 2848 nulluminvenituradiumentum.1n
826 2796 900 2855 belli,
923 2798 1038 2847 Plancus
1062 2815 1112 2848 noa
1137 2802 1230 2852 iudim'o
1249 2811 1320 2854 reeta
1340 2809 1372 2856 te·

237 2878 386 2941 quibusdam
403 2877 479 2928 MSS.
496 2879 589 2940 legitur
604 2879 660 2927 erit.
695 2876 783 2926 Schra-
824 2877 909 2935 pendi,
937 2892 1015 2939 meque
1039 2893 1123 2928 amore
1150 2882 1301 2945 reipublicae
1326 2895 1373 2936 aut

237 2958 310 3006 derue
320 2956 437 3020 corrigit:
455 2958 543 3014 Nunc,
559 2971 626 3005 aune
644 2957 782 3005 bibendum.
828 2953 962 3015 Caesaris,
985 2958 1031 3005 sed
1053 2961 1136 3009 morbo
1157 2963 1290 3025 prodier,
1315 2981 1373 3016 eum

237 3035 286 3084 Vir
303 3037 389 3084 doctus
410 3036 436 3084 in
453 3035 541 3083 Diario
563 3034 642 3085 Class.
667 3035 781 3084 Britann.
818 3031 918 3095 suisset
935 3036 1092 3086 humillimus
1103 3046 1246 3090 assentator
1257 3045 1372 3107 rupinae,

237 3121 335 3177 tempus
360 3122 385 3165 et
409 3121 447 3164 eet
479 3117 592 3176 dapibm
634 3115 691 3176 Ego
720 3113 783 3161 arbi·
825 3117 850 3159 et
859 3111 933 3175 infra
947 3128 1031 3164 serum
1047 3117 1131 3178 aluus,
1144 3133 1200 3168 oum
1216 3122 1371 3173 obrosum.

237 3200 288 3241 tror
310 3194 443 3243 Horatium
466 3194 601 3257 scripsisse:
637 3194 714 3242 Nune
738 3195 783 3242 Su·
825 3206 925 3240 marum
945 3208 1032 3242 rerum
1053 3200 1078 3244 et
1094 3203 1184 3246 auctor
1200 3205 1225 3248 et
1241 3202 1371 3264 minister,

236 3274 343 3322 immam
354 3274 451 3322 Ornata
457 3275 578 3335 puluinar
590 3272 705 3331 Deorum,
714 3273 783 3321 Tem·
824 3285 880 3318 eum
896 3271 924 3319 in
940 3274 1024 3320 amnia
1040 3278 1065 3322 et
1080 3275 1108 3322 iu
1128 3276 1240 3326 omuibue
1261 3282 1372 3343 aenaim,

233 3366 285 3413 pus
309 3357 378 3409 erat,
399 3353 518 3414 dapibus,
539 3353 642 3400 sodales.
680 3349 781 3400 Ornata
823 3363 880 3397 eum
901 3353 1059 3400 caeruleatus
1079 3359 1105 3403 et
1125 3355 1222 3415 nudus,
1247 3366 1373 3423 caputque

236 3431 342 3479 Dudum
362 3438 459 3494 tempus
481 3437 541 3478 erat.
580 3431 635 3480 Iam
660 3431 703 3478 diu
722 3431 783 3479 haec
823 3429 957 3478 redimitus
982 3433 1119 3493 arundine,
1143 3438 1169 3480 et
1192 3437 1301 3485 taudem
1317 3443 1369 3487 tra·

236 3511 340 3558 victoria
356 3511 474 3572 Augusto
490 3509 631 3558 debebatur.
665 3509 707 3560 Sic
723 3510 782 3558 Ari·
823 3507 1369 3572 heampembueinuixumfflourumsaltus·

237 3588 316 3651 steph.
333 3588 428 3637 Eccles.
445 3587 501 3637 872.
520 3588 543 3636 ri
562 3586 619 3636 ποτ’
635 3587 723 3652 ἄνδρες
735 3589 783 3653 οὐχ
822 3591 860 3633 tet
870 3587 898 3634 im
908 3588 1369 3653 conuiuio,traussupitad0uesarem.

236 3667 354 3727 ἣξουσινς
375 3668 427 3731 ὥρα
448 3664 468 3714 d’
489 3667 523 3725 ἦν
544 3664 635 3717 πάλαι.
669 3666 738 3716 Plin.
760 3668 780 3719 L
822 3662 1028 3716 Plancusmorbo
1037 3669 1164 3730 modum,
1180 3674 1209 3716 ut
1222 3668 1370 3725 h.l.murdu

236 3747 284 3808 Ep.
300 3747 324 3795 3.
362 3747 432 3805 Quin
457 3751 497 3803 tu,
526 3751 623 3808 tempus
648 3751 685 3795 est
701 3748 780 3805 euim,
823 3746 914 3806 turpis.
936 3745 1102 3796 Ruhnkenius
1115 3747 1369 3811 oomparatCioeron.

236 3827 341 3874 Immites
352 3831 377 3874 et
388 3826 504 3874 sordidus
514 3839 590 3875 ouras
600 3825 780 3875 aliienmudm.
821 3837 866 3886 pro
888 3822 988 3873 Cluent.
1005 3826 1045 3874 65.
1067 3825 1110 3874 ubi
1130 3825 1266 3876 Graevium
1283 3833 1368 3894 negle-

235 3904 309 3953 Dion.
327 3904 455 3953 Halicarn.
472 3905 503 3953 T.
520 3904 541 3952 I.
558 3919 582 3968 p.
602 3905 657 3953 128.
674 3905 712 3954 ed.
730 3912 778 3954 ste-
821 3903 888 3951 xisse
904 3902 963 3950 dicit
978 3902 1083 3953 laudare
1095 3903 1203 3955 Gronov.
1218 3908 1250 3956 ad
1262 3908 1370 3960 Seuerum

235 3990 295 4032 reat.
313 3985 361 4033 νῦν
377 3984 474 4045 εἴποτε,
495 3983 583 4048 καιρὸν
599 3984 672 4032 εἶναι.
705 3983 779 4047 Virg.
821 3980 852 4030 da
867 3980 975 4030 Benefic.
993 3983 1014 4031 Ι.
1032 3984 1070 4032 14.
1102 3983 1173 4033 Fecit
1189 3985 1235 4034 hoo
1246 3987 1369 4038 Graevius

236 4061 298 4110 XII.
316 4063 381 4111 Aen.
403 4062 443 4111 95.
460 4077 535 4121 uuae,
546 4076 560 4111 o
570 4053 779 4126 nuummm'srus-
822 4061 853 4108 ad
869 4060 891 4109 Ι.
909 4059 981 4110 Offie.
1001 4063 1039 4112 15.
1056 4063 1087 4113 de
1103 4078 1152 4126 quo
1167 4065 1221 4114 loco
1236 4067 1368 4132 vidWyr-

235 4145 309 4187 trata
324 4147 426 4190 voratus
443 4142 533 4189 Hasta
548 4154 624 4201 nuos,
640 4156 708 4190 auur
718 4147 778 4190 tem·
821 4140 887 4189 tenb.
904 4141 1023 4190 Biblioth.
1041 4140 1135 4192 Critioa
1151 4144 1211 4193 Vol.
1228 4145 1279 4194 111.
1292 4148 1315 4196 4
1327 4149 1367 4198 62.

232 4233 290 4279 pus,
302 4220 368 4267 ader.
384 4219 427 4266 le
438 4218 781 4281 pulcherrimaemendatione
822 4217 917 4268 Catull.
935 4219 1019 4270 Carm.
1037 4222 1077 4270 39.
1104 4224 1215 4272 Reuidet
1229 4225 1280 4285 uu,
1297 4229 1368 4289 quid-

235 4293 331 4342 Heinsii
352 4309 397 4357 pro
416 4310 484 4345 nunc
507 4303 605 4358 tempus
622 4299 699 4347 adest.
735 4297 780 4350 Sil.
822 4300 884 4362 quid
899 4306 948 4357 eat,
965 4301 1104 4363 tibimetque
1119 4307 1170 4359 est,
1191 4303 1369 4368 Quodcumque
