2916 5220
535 280 710 344 LIBER
754 281 801 345 ΙΙ.

483 502 728 567 chunuti
773 503 848 567 VII.

276 657 312 735 ()
336 692 431 756 saepe
452 691 582 735 mecum
606 676 735 756 tempus
759 670 794 735 in
817 671 972 736 ultimum

278 774 441 856 Deducte,
467 773 569 838 B'ruto
592 772 732 838 militiae
755 773 852 857 duce,

321 877 458 957 Quiete
481 876 651 942 redonavit
675 876 837 956 Quiritem

367 980 427 1044 Dis
450 979 566 1065 patriis
591 979 739 1063 Italoque
763 979 867 1062 caelo,

277 1083 428 1168 Pompei,
451 1104 598 1148 meomm
620 1081 725 1167 prime
750 1082 935 1148 sodalium?

279 1185 449 1270 Cumque
473 1190 655 1250 morantem
680 1206 776 1269 saepe
801 1184 889 1249 diem
912 1207 1001 1250 mero

321 1288 438 1373 Fregi,
463 1295 635 1353 coronatus
660 1287 804 1353 nitentes

365 1391 573 1457 Melabathro
597 1391 690 1476 Syrio
715 1392 862 1477 capillos.

276 1495 394 1560 Tecum
417 1494 589 1580 Philippos
613 1500 647 1559 et
670 1495 808 1559 celerem
831 1495 946 1580 fugam

279 1597 389 1680 Sensi,
412 1597 527 1663 relicta
550 1618 617 1662 non
639 1596 722 1662 bene
744 1598 911 1682 parmula,

323 1699 433 1781 Quum
455 1700 559 1767 fracta
581 1701 687 1766 virtus
718 1706 753 1766 et
774 1701 919 1769 minaces

365 1805 470 1890 Turpe
493 1805 600 1871 solum
623 1803 761 1888 tetigere
785 1812 906 1872 mento.

253 1935 406 1986 CARMEN
423 1936 485 1985 vn·
688 1910 843 1971 respublica,
862 1911 971 1986 populus
995 1911 1126 1960 Romanus
1149 1914 1237 1971 Quiri·

136 2027 176 2138 Q
689 1991 751 2035 tum.
785 1986 950 2050 Comparetur
966 1989 1006 2037 hic
1020 1989 1237 2054 SallustFragm.

177 2065 644 2124 uisteredormoiiQuiritem.Comm.
688 2080 712 2127 p.
729 2067 785 2114 501.
824 2070 884 2126 Vos,
912 2069 1040 2127 Quirites,
1064 2084 1155 2117 rursm
1176 2072 1239 2118 ruiti

97 2142 270 2204 Cruquianus:
287 2145 453 2193 “Notandum
462 2143 584 2204 Quiritem
594 2145 646 2193 eia·
685 2146 811 2205 puniunt,
836 2144 902 2194 Dece
920 2152 1037 2210 penates,
1065 2164 1121 2197 curn
1143 2150 1239 2212 irrpeuti

96 2224 225 2286 quarum
237 2224 359 2285 perdum,
371 2239 428 2272 rum
439 2225 577 2287 pluraliter
590 2229 646 2272 tarr·
687 2223 813 2284 dimitere
829 2225 944 2274 dedistis,

97 2307 153 2351 tum
170 2303 294 2352 veteribus
308 2303 345 2350 rit
362 2307 514 2364 usurpatum
531 2301 646 2362 Quirites,
721 2302 810 2361 Sensi,
837 2301 928 2351 relicta
954 2318 1003 2351 uon
1027 2305 1086 2352 berre
1107 2305 1238 2364 parmula.

96 2386 163 2430 teste
187 2383 304 2438 Donato,
329 2383 398 2430 aiom
418 2381 527 2429 manes'*
562 2379 645 2430 Schol.
689 2375 842 2427 Schraderus
863 2381 963 2430 reiecta.
998 2380 1048 2431 Sed
1068 2382 1184 2444 parmula
1201 2399 1239 2432 re·

97 2459 130 2507 ad
151 2459 221 2509 Pers.
242 2458 295 2509 Sat.
312 2459 346 2508 V.
363 2460 404 2510 75.
437 2459 577 2522 “Quiritem
592 2461 645 2508 riu·
687 2457 752 2506 iectu
770 2457 839 2504 aliud
856 2458 1092 2522 Latinesignificat,
1108 2475 1183 2523 quam
1199 2478 1237 2511 re·

96 2540 226 2602 palariter
249 2539 349 2587 aluoim
373 2539 442 2586 dicit
468 2539 571 2587 luentia
591 2537 647 2600 po'e‘·
688 2537 750 2584 licta
766 2541 791 2585 et
807 2539 912 2586 abiecto.
946 2536 1052 2586 Parmae
1074 2553 1163 2602 nempe
1184 2547 1240 2603 post

98 2619 161 2668 tica.
195 2617 265 2666 Nam
276 2618 341 2666 siout
354 2613 647 2678 paterconscriptusuon
688 2620 788 2678 tergum
820 2617 938 2665 relidunt
970 2616 1093 2680 fugientes
1124 2619 1238 2682 quidem,

98 2697 207 2755 dieitur,
231 2697 272 2745 itu
291 2710 336 2744 aec
357 2693 480 2754 Quiritem
497 2694 578 2743 dicere
591 2709 648 2755 poo-
688 2697 732 2744 sed
748 2711 774 2745 se
790 2695 947 2746 defendentes
968 2705 993 2746 ct
1014 2712 1085 2748 arma
1100 2706 1236 2749 servantes.

97 2775 209 2824 mmue.‘'
246 2773 379 2824 Diomedes
402 2788 459 2836 pag.
486 2773 543 2820 315.
581 2774 650 2821 “Sed
689 2775 815 2824 Homerus
831 2776 1013 2826 madmena.
1036 2779 1087 2836 Στῆ
1103 2777 1128 2826 δὲ
1142 2778 1238 2843 ταφὼν,

99 2855 211 2903 Flaccus
234 2854 263 2901 iu
287 2855 385 2914 Satura
409 2849 534 2912 Quiritem
560 2850 648 2899 dicit.''
689 2854 781 2903 ὄπιθεν
797 2855 822 2904 δὲ
838 2855 922 2917 βάλεν
938 2856 1023 2914 σάκος.
1048 2856 1239 2907 VidLarcher.

103 2933 231 2991 Quiritem
247 2939 330 2980 tamen
346 2945 377 2980 ex
395 2930 450 2979 hl.
469 2931 528 2978 citat
544 2929 648 2980 cledon.
689 2932 721 2979 ad
738 2933 1071 2997 Xenoph.Anab.V.§10.
1088 2935 1239 2998 Virgilxl.

98 3014 247 3076 pag.1898.
279 3014 352 3062 Facit
373 3018 457 3060 autem
478 3024 529 3058 nou
549 3017 600 3058 tam
616 3009 648 3057 si·
689 3012 756 3062 Aen.
772 3014 829 3061 618.
863 3016 1001 3076 Extemplo
1023 3016 1142 3062 turbatae
1161 3015 1240 3072 acies,

99 3092 208 3142 lentium
237 3091 477 3152 Grammaticorum,
502 3090 545 3153 qui
573 3089 648 3138 huius
688 3094 800 3154 versique
811 3093 903 3140 Latini
920 3094 1176 3154 Reiiciuutparmar:
1191 3093 1239 3141 vid.

99 3173 148 3221 loci
173 3171 354 3230 meminissent,
380 3171 400 3218 si
428 3171 555 3228 Quiritem
576 3169 648 3216 vidis·
690 3169 803 3220 Servius.
836 3170 902 3218 Hinc
919 3170 1005 3220 Cicero
1021 3171 1059 3219 II.
1081 3172 1111 3219 de
1128 3170 1240 3221 Oratore.

99 3256 166 3307 sent,
183 3265 259 3312 quam
275 3249 413 3312 elegantior
424 3249 545 3297 sententia
554 3264 649 3307 versus,
689 3250 730 3300 72.
758 3248 933 3312 Confiteorque
953 3266 1002 3306 rue,
1027 3252 1050 3299 ei
1070 3265 1121 3312 qua
1138 3256 1240 3312 prensat

99 3335 129 3377 ut
145 3329 171 3377 in
188 3328 295 3377 Horatio
309 3329 446 3391 legendum
460 3334 546 3391 putem
562 3330 648 3387 Quiri-
689 3344 730 3377 ree
746 3330 925 3387 uehementius,
947 3331 987 3378 ita
1002 3331 1086 3378 cedere
1102 3330 1191 3386 solere,
1210 3335 1241 3376 ut

100 3415 168 3466 tum,
185 3414 215 3456 ut
231 3407 306 3456 etiam
321 3408 439 3457 Heinsius
456 3407 565 3456 coniecit.
581 3407 649 3456 Num
689 3421 739 3454 nort
760 3407 829 3454 modo
850 3421 899 3455 nero
919 3409 1026 3464 abieoto,
1045 3408 1089 3455 red
1104 3421 1135 3454 ue
1150 3407 1241 3455 reiecto

99 3501 152 3536 non
167 3486 252 3546 rideo,
273 3501 337 3549 quae
358 3487 395 3535 ris
417 3486 492 3536 sitin
508 3499 568 3535 voce
587 3489 649 3546 Qui·
689 3485 789 3546 quidem
805 3490 876 3534 acuto
886 3484 979 3548 fupere
995 3487 1095 3546 videar,
1111 3487 1154 3534 red
1169 3487 1240 3534 adlei-

9 3550 17 3575 ι
99 3568 184 3615 ritenr.
219 3564 286 3616 satis
309 3572 364 3614 erat
388 3568 445 3629 quie
466 3571 491 3614 te
510 3567 648 3614 redonavit.
690 3565 746 3612 aere
766 3565 894 3626 quandam
914 3566 942 3613 iu
961 3566 1064 3614 diceudo
1081 3566 1185 3626 speciem
1201 3569 1240 3612 ut·

100 3645 136 3693 Et
155 3645 245 3703 Quiris
260 3658 332 3708 saepe
342 3651 380 3693 est
390 3659 455 3693 unus
465 3659 479 3693 e
489 3643 567 3707 plebe.
584 3643 650 3692 Vide
690 3657 737 3704 que
750 3657 868 3704 pompam
882 3648 907 3692 et
916 3659 1016 3707 pupuae
1027 3644 1134 3692 similem
1139 3643 1240 3705 sapum.

100 3720 305 3786 Oudendorpium
322 3724 353 3771 ad
366 3723 648 3786 Suetonmugusteap,
691 3720 777 3784 Atque
799 3721 859 3770 huie
880 3723 956 3771 verbo
979 3724 1082 3793 relicere
1109 3723 1241 3784 opponitur

100 3803 124 3851 2.
160 3800 268 3851 Gravius
288 3808 361 3850 sonat
381 3801 433 3851 Dia
446 3802 541 3863 patriis
560 3802 650 3860 Quiri-
688 3803 823 3862 prolicere:
850 3802 899 3852 vid.
921 3802 1012 3864 Cuper.
1033 3799 1136 3850 Observ.
1157 3815 1180 3862 p.
1198 3800 1239 3847 89.

101 3886 164 3929 tum.
189 3878 299 3942 Virg.1.
317 3879 475 3942 Georgius.
505 3878 543 3927 Dt
557 3881 649 3943 patrii,
690 3879 722 3928 In
742 3896 829 3943 pugna
849 3879 1005 3944 Philippensi
1020 3879 1119 3942 clypeos
1136 3891 1185 3924 nou
1203 3892 1240 3926 re·

100 3960 237 4021 lndipetee,
248 3965 273 4008 et
286 3961 408 4019 Romule,
428 3962 551 4022 Vestaque
561 3966 649 4009 moter.
690 3958 821 4019 liniebant,
843 3960 886 4009 sed
902 3958 1049 4007 abiiciebant
1064 3956 1199 4018 fugientes,
1215 3963 1240 4005 ct

100 4036 180 4086 VIII.
204 4037 272 4087 Aen.
294 4039 352 4089 715.
388 4038 439 4087 na
464 4038 542 4086 Irata
565 4044 650 4088 votum
690 4036 871 4094 Archilochus,
894 4044 923 4085 ut
943 4042 981 4085 est
997 4035 1062 4098 apud
1080 4034 1239 4092 Strabonem,

100 4117 245 4166 ineraortale
255 4116 384 4181 ferebant.
417 4117 517 4167 Gruter.
534 4118 648 4180 Inscript.
690 4117 819 4179 scripserat
830 4114 928 4164 dorida
944 4113 1072 4162 κάλλιπον
1084 4112 1128 4159 οὐκ
1138 4111 1238 4162 ἐθέλων.

99 4195 141 4244 83.
159 4197 286 4245 Auuuaat
298 4195 337 4244 Di
346 4198 476 4246 Romanae
490 4198 648 4258 reipublicae.
726 4196 811 4253 Quum
837 4193 931 4256 fracto
962 4193 1046 4241 virtue
1077 4196 1103 4239 et
1132 4192 1241 4242 ruiuacee

100 4275 177 4325 Forte
193 4275 268 4325 etiam
285 4290 316 4325 ex
332 4274 470 4339 antiquiore
485 4274 605 4334 formula,
622 4282 650 4322 ut
693 4277 780 4338 Turpe
803 4275 881 4323 solum
906 4274 1009 4336 tettpere
1033 4276 1121 4321 mento.
1158 4269 1238 4319 Inter-
