2916 5220
541 331 716 394 LIBER
761 331 826 394 Ill.

291 516 419 600 Regum
443 514 665 580 timendorum
688 515 723 579 in
746 515 892 600 proprios
916 536 1048 601 greges,

291 618 398 703 Reges
422 619 457 682 in
481 618 570 704 ipsos
594 618 770 704 imperium
794 624 844 684 est
867 617 971 700 Iovis,

335 721 424 786 Clari
448 721 612 806 Giganteo
637 721 821 806 triumph0,

380 823 508 890 Cuncta
532 824 706 908 supercilio
729 825 901 889 moventis.

290 928 353 992 Est
375 931 414 991 ut
435 927 505 992 viro
528 927 578 991 vir
601 927 701 992 latius
726 927 854 992 ordinet

288 1029 435 1094 Arbusta
457 1030 577 1112 sulcis,
602 1030 655 1095 hic
678 1031 864 1115 generosior

335 1133 522 1198 Descendat
545 1132 580 1197 in
603 1155 759 1218 eampum
781 1134 918 1220 petitor,

378 1236 524 1301 Moribus
548 1236 602 1301 hic
625 1237 803 1322 meliorque
826 1237 915 1302 fama

288 1338 491 1420 Contendat,
515 1338 567 1401 illi
590 1338 687 1403 turba
709 1339 881 1413 clientium

290 1441 342 1507 Sit
364 1440 481 1506 maior:
507 1463 609 1526 aequa
632 1442 914 1528 lege{,.-Nccessitas

335 1544 476 1609 Sortitur
500 1545 646 1630 insignes
670 1530 828 1624 et'imos3

377 1647 483 1712 Omne
504 1669 608 1733 capax
632 1654 742 1713 movet
765 1670 847 1713 urna
871 1671 999 1714 nomen.

289 1749 474 1815 Destrictus
499 1751 586 1817 ensis
610 1752 664 1817 eui
687 1774 784 1837 super
807 1753 910 1839 impia

287 1853 419 1919 Cervice
441 1854 581 1939 pendet,
606 1877 673 1920 non
697 1856 826 1922 Siculae
849 1856 949 1942 dapes

332 1956 472 2022 Dulcem
497 1957 711 2023 elaborabunt
734 1981 900 2046 saporem,

374 2059 449 2124 Non
473 2060 585 2124 avium
608 2061 815 2147 citharaeque
838 2067 955 2127 cantus

105 2199 131 2248 In
152 2205 266 2250 extrema
285 2204 356 2262 parte
371 2205 471 2247 nostrae
487 2197 599 2248 editionis
616 2213 653 2248 sc-
698 2200 730 2248 ad
747 2200 841 2263 Appul.
860 2200 963 2248 Metam.
980 2214 1004 2262 p.
1019 2199 1073 2251 178.
1084 2205 1110 2247 et
1120 2199 1176 2246 355.
1194 2196 1247 2248 Cur

105 2278 212 2341 paratim
222 2277 300 2327 literis
309 2279 496 2341 exprimendum
505 2279 655 2327 curavimus.
697 2284 780 2326 autern
797 2277 930 2327 Damocles
946 2276 1084 2339 appelletur
1095 2279 1186 2338 impiae
1196 2290 1247 2323 non

138 2359 237 2420 Reqmm
255 2359 422 2406 timendorum
437 2358 465 2405 in
474 2359 655 2420 μνυμνᾶοεμνυ-
697 2357 775 2405 video,
808 2356 872 2404 Erat
896 2369 960 2402 unus
990 2369 1023 2402 ex
1055 2354 1246 2403 assentatoribus

103 2450 153 2498 oea.
196 2435 231 2482 Hi
261 2441 369 2498 quatuor
399 2449 485 2484 versus
513 2449 570 2483 eum
601 2434 655 2484 aliis
696 2433 822 2496 Dionysii,
843 2440 880 2492 et,
900 2432 1015 2496 quamvis
1037 2432 1063 2480 in
1084 2431 1143 2479 aula
1159 2432 1246 2481 vivens

104 2518 225 2575 quatuor,
250 2527 282 2561 ex
306 2512 391 2563 Carm.
413 2513 447 2562 V.
476 2514 548 2563 Coelo
564 2519 654 2562 tomam-
696 2520 721 2562 et
737 2513 847 2561 omnium
864 2526 949 2561 rerum
966 2512 1035 2574 copia
1052 2511 1193 2569 abundans,
1210 2518 1245 2558 ta-

104 2598 154 2641 tem
170 2594 323 2641 credidimus
344 2595 430 2642 Iovem
450 2607 486 2656 sq.
507 2592 558 2640 huc
579 2598 654 2640 retra·
695 2607 753 2640 men
769 2593 879 2641 nondum
895 2597 1040 2647 contentus,
1060 2589 1107 2638 nisi
1128 2596 1152 2637 et
1169 2588 1245 2636 fortu-

105 2669 204 2730 hendis,
225 2669 337 2718 efficiunt
358 2671 465 2733 primam
485 2676 582 2733 partem
602 2683 655 2717 car·
695 2685 754 2719 nam
770 2670 865 2734 regiam
881 2670 1044 2734 experiretur.
1069 2668 1152 2718 Homo
1167 2667 1246 2730 igitur

104 2749 178 2797 minis
195 2748 303 2796 moralis.
338 2748 468 2798 Sententia
487 2754 536 2797 est:
554 2748 654 2810 “Reges
695 2751 830 2814 cupiditate
849 2748 1004 2798 insatiabilis.
1043 2747 1117 2797 Tales
1139 2748 1245 2796 Romani

104 2828 171 2891 apud
189 2841 246 2876 suos
262 2832 321 2874 sunt
336 2834 456 2890 potentes.
490 2827 601 2889 Regibus
611 2842 654 2890 po·
695 2829 857 2878 nominabant
866 2831 1056 2891 improbos,n0n
1065 2829 1162 2891 impios
1180 2826 1245 2875 Mal-

104 2906 196 2956 tentior
226 2906 330 2970 Iupiter.
371 2905 458 2955 Iovem
488 2920 541 2955 esse
569 2905 653 2954 Deum
695 2908 757 2957 lem:
777 2909 922 2957 Deatre'ctm
942 2907 1009 2956 mnia
1033 2907 1075 2955 cai
1099 2920 1173 2967 super
1198 2908 1243 2953 ins·

102 2985 239 3042 credimus,
264 2985 413 3047 Augustum
439 2983 575 3033 videmus.''
601 2984 653 3033 Pro
693 2989 773 3048 probo
800 2986 901 3034 Cernere
925 2987 1024 3047 pendet.
1059 2984 1190 3034 Scholiast.
1212 2985 1244 3032 ad

104 3065 272 3113 timendorum
283 3062 400 3112 Rollinns
411 3063 437 3111 in
449 3063 588 3126 Specimiuc
599 3062 651 3112 Ηο-
696 3065 770 3115 Statii
786 3065 822 3112 II.
841 3064 920 3113 Theb.
929 3063 986 3111 292.
1016 3065 1118 3126 Optime
1127 3064 1244 3112 Semelem

104 3143 195 3191 morico
210 3145 372 3192 verendorum
388 3141 462 3205 legit,
479 3142 561 3190 nescio
579 3155 654 3198 nunc,
694 3144 832 3207 improbam
849 3146 928 3201 dicit,
947 3144 1012 3204 qnod
1028 3144 1080 3191 coti
1089 3141 1243 3203 suitimmo·

104 3227 191 3270 utrum
204 3220 653 3279 errorememoriae,andeindustria.
694 3225 758 3271 dr'co.
793 3222 895 3272 Servius
916 3221 948 3268 ad
968 3220 1060 3282 Virgil.
1083 3220 1135 3268 III.
1152 3220 1243 3282 Georg.

136 3300 190 3347 Est
206 3304 237 3346 at
252 3299 307 3347 ciro
323 3301 364 3347 eir
381 3301 459 3348 latim
475 3301 581 3348 ordinet.
611 3299 653 3349 Sc·
696 3303 756 3350 431:
782 3302 931 3362 Improbat,
955 3299 1114 3346 ermetiobilis.
1158 3298 1244 3346 Verba

102 3377 187 3425 cunda
203 3391 261 3439 pars
278 3378 406 3435 carminis,
424 3392 502 3441 nsque
518 3378 549 3426 ad
560 3393 596 3426 vs.
611 3380 653 3430 17:
695 3394 768 3442 saepe
780 3383 966 3440 permutantur,
983 3377 1039 3425 vide
1055 3377 1193 3426 Burmann.
1211 3378 1242 3425 ad

103 3455 248 3519 “Quidquid
268 3454 380 3504 homines
401 3455 493 3504 iaciant
510 3463 539 3504 ut
555 3457 654 3506 divitias
694 3457 754 3507 Val.
777 3456 859 3505 Flaoc.
882 3453 930 3503 IV.
955 3456 992 3504 13.
1030 3454 1100 3504 Conf.
1124 3456 1243 3505 uernam.

102 3542 128 3584 et
144 3535 249 3583 honores
265 3542 459 3597 consequantur,
475 3537 654 3586 morstandem
695 3536 726 3584 ad
748 3523 964 3585 IustinXXIX.
984 3537 1008 3584 2.
1030 3541 1054 3584 et
1075 3534 1187 3584 Curtium
1211 3536 1242 3583 ad

103 3629 189 3664 omnes
204 3615 320 3664 omnibus
336 3613 395 3663 facit
412 3614 550 3677 aequales.''
694 3617 790 3664 Lucan.
808 3614 843 3663 V.
859 3615 917 3666 277.
951 3614 1066 3664 Glossae:
1083 3617 1241 3677 “irnprobas,

137 3697 286 3744 Destrietue
309 3697 377 3744 enata
403 3695 445 3743 eat
469 3708 546 3756 snper
566 3695 654 3757 inepto.
694 3695 737 3757 qui
754 3693 800 3742 soli
816 3694 863 3742 sibi
885 3694 941 3742 vult
961 3694 1046 3742 tenes·
1080 3693 1243 3744 Observanda

102 3773 190 3823 Tertia
204 3787 262 3836 pars
279 3772 538 3830 caminiecensem
555 3786 587 3820 ex
599 3779 653 3822 octo
693 3774 793 3822 interim
814 3781 852 3822 est
872 3773 1042 3837 interpretatio
1058 3773 1240 3823 Commentato-

102 3852 230 3902 rersibus:
255 3851 336 3901 “Vita
361 3857 386 3900 et
412 3850 538 3913 opulentia
563 3851 653 3913 regalis
694 3853 739 3901 ris:
757 3856 857 3915 Irnpto,
874 3854 951 3900 ororii
967 3853 1059 3900 vicimo.
1084 3852 1163 3913 Apud
1174 3851 1240 3901 Cha·

101 3945 152 3980 non
169 3931 230 3981 facit
245 3932 359 3991 beatum,
369 3930 428 3993 quia
438 3929 585 3992 plerumque
596 3944 652 3978 eum
694 3931 779 3979 risium
800 3948 823 3994 p.
840 3932 897 3978 241.
920 3931 980 3979 haec
997 3931 1032 3978 ita
1047 3931 1168 3978 citantur:
1190 3934 1240 3980 Di-

102 4009 192 4060 timore
215 4010 348 4059 coniuncta
376 4013 425 4068 est,
454 4022 500 4056 nec
528 4008 653 4071 quiescere
692 4014 799 4060 strictam
816 4013 884 4059 errata
899 4011 979 4072 tarpio
994 4024 1071 4071 super
1088 4009 1241 4060 tutCerre'ee

101 4089 169 4137 sinit.
204 4087 281 4149 Quies
297 4089 353 4137 ruri
369 4093 394 4136 et
409 4088 436 4134 in
450 4100 508 4134 casa
522 4088 583 4135 est.''
602 4090 652 4137 De·
693 4091 789 4151 pendet.
822 4088 864 4136 Ex
881 4087 1010 4143 memoria,
1026 4087 1111 4143 credo,
1128 4086 1238 4136 iambum

100 4169 218 4224 nemetae,
230 4181 276 4230 pro
291 4180 341 4230 quo
356 4165 383 4213 in
401 4165 456 4212 aliis
466 4170 504 4212 est
514 4165 652 4225 dietmarus,
694 4167 757 4215 feeit.
792 4167 893 4217 Servius
915 4167 946 4214 sd
962 4166 1054 4214 Artem
1071 4166 1165 4215 Donati
1182 4183 1238 4231 pag.

102 4251 208 4294 tuentur
224 4245 334 4296 Gronov.
354 4245 385 4293 ad
401 4244 459 4293 Liv.
477 4243 594 4293 XXVII.
614 4246 652 4294 13.
696 4245 766 4296 1798.
783 4244 930 4293 “Horatius:
950 4245 1019 4292 Naso
1030 4245 1165 4293 destrictus
1175 4248 1240 4294 emis

102 4323 194 4386 Cuper.
212 4322 316 4373 Obseiu.
334 4323 383 4372 1v.
406 4325 428 4372 5.
451 4329 475 4370 et
492 4321 651 4386 Oudendorp.
698 4324 861 4386 Quadrupes
878 4339 968 4384 υυιμυυ
985 4325 1206 4386 cerm'eependet.''

1244 4736 1392 4896 t·
