2916 5220
534 321 708 385 LIBER
753 320 798 383 Il.
1173 314 1235 378 157

280 507 376 586 Quid,
390 506 527 591 quisque
550 506 650 588 vitet,
676 525 856 589 numquam
880 501 1006 567 homini
1031 500 1111 566 satis

281 609 424 675 Cautum
447 614 498 673 est
521 609 557 672 in
580 608 687 672 horas.
734 605 857 671 Navita
880 605 1063 690 Bosporum

321 713 451 776 Poenus
474 709 709 797 perhorrescit,
735 731 840 794 neque
864 709 952 774 ultra

369 815 472 880 anca
494 813 592 879 timet
614 812 748 877 aliunde
770 813 857 895 fata,

279 917 375 983 Miles
400 917 539 1003 sagittas
564 922 598 981 et
620 915 757 981 celerem
781 915 897 1000 fugam

279 1020 412 1104 Parthi,
437 1026 569 1086 catenas
594 1018 736 1083 Parthus
760 1023 795 1082 et
817 1018 940 1083 Italum

323 1125 449 1189 Robur:
475 1123 532 1188 sed
554 1119 734 1206 improvisa
756 1120 816 1186 leti

365 1226 425 1293 Vis
449 1225 559 1312 rapuit
581 1224 749 1309 rapietque
771 1229 897 1310 gentes.

279 1330 385 1410 Quam
407 1352 510 1416 paene
532 1329 645 1393 furvae
668 1349 769 1411 regna
792 1327 1006 1413 Proserpinae

93 1473 191 1522 lissiae.
224 1473 325 1521 Novum
341 1480 379 1522 est
394 1474 420 1521 in
435 1475 644 1538 eumaemqmd
685 1491 746 1539 poro
770 1480 853 1527 nautis
881 1479 1012 1542 praecipue
1036 1479 1068 1527 sit
1092 1479 1237 1528 timendum.

93 1552 248 1602 Hortensius
276 1553 384 1616 primum
412 1553 571 1616 singulariter
603 1569 644 1616 po·
687 1554 749 1604 Sir.
761 1558 915 1619 alegaretur
926 1557 1135 1619 accitaBospori
1146 1559 1238 1605 Aestus

94 1631 158 1690 suit,
176 1646 235 1680 eum
247 1639 341 1681 veteres
350 1633 459 1680 dicerent
467 1634 567 1682 cauce.
585 1633 644 1681 Vid.
683 1637 865 1697 perhorrescit,
888 1635 928 1684 vel
949 1634 1031 1684 simile
1048 1635 1157 1698 aliquid,
1175 1642 1238 1684 esset

94 1709 301 1770 Quinctilvlll.
311 1712 334 1759 3.
352 1709 440 1760 Cicero
456 1725 516 1758 usus
526 1711 645 1774 estfrua-

92 1804 152 1850 pere
169 1790 286 1838 ceruicem
302 1796 327 1837 et
343 1790 460 1848 amices,
477 1795 505 1836 ut
521 1791 647 1838 annotavit

93 1866 236 1915 Burmann.
254 1867 285 1914 ad
303 1867 372 1918 Serv.
384 1866 420 1916 11.
431 1867 497 1917 Aen.
508 1869 564 1920 707.
589 1869 645 1919 Ser-

93 1947 151 1994 vius
173 1952 198 1993 et
215 1945 344 1995 discrimen
361 1945 546 2009 significationis
563 1948 645 1998 obser·

93 2032 147 2074 vat.
166 2024 282 2088 Apparet
298 2039 374 2088 quam
396 2025 497 2075 Scholia
517 2025 646 2076 Gramma-

94 2103 216 2163 ticorum,
233 2118 304 2166 saepe
320 2104 346 2151 in
363 2105 535 2166 compendium
552 2121 648 2170 semper

94 2183 197 2231 brevius
216 2183 326 2242 redacta,
344 2183 394 2230 sint
410 2183 521 2232 obscura.

131 2263 204 2320 Quid
227 2262 331 2323 quisque
355 2263 425 2310 uitet.
466 2262 583 2310 Notanda
608 2264 648 2312 hie

94 2347 157 2389 sunt
172 2339 250 2388 verba
265 2338 405 2389 Commeat.
423 2338 500 2404 Cruq.
525 2343 588 2390 “Ea
604 2345 648 2393 hoc

94 2425 148 2470 ioco
164 2420 258 2480 incipit
274 2421 406 2480 disputare
422 2421 452 2468 de
468 2421 574 2468 diensis
586 2423 647 2470 easi-

94 2503 142 2549 bus
154 2500 222 2548 citae
235 2500 370 2556 tumarice,
387 2499 447 2546 adeo
459 2503 488 2544 ut
499 2499 543 2546 via
554 2500 648 2560 aliquis

93 2593 121 2626 eo
142 2590 203 2625 casu
224 2576 366 2632 moriatur,
391 2576 421 2622 de
441 2590 489 2637 quc
510 2579 590 2638 strapis
610 2583 648 2626 est

93 2658 236 2705 sollicitus:
253 2656 309 2717 qui,
326 2656 386 2703 dum
402 2657 432 2704 de
447 2657 531 2718 plastis
547 2657 596 2703 sibi
608 2670 647 2704 ca·

93 2741 149 2795 vet,
165 2735 256 2783 incidit
271 2735 300 2782 irs
315 2735 426 2781 ararium
445 2739 492 2781 aut
509 2735 581 2782 aliud
596 2750 648 2782 riza-

94 2817 162 2872 lum,
187 2829 235 2877 quo
259 2814 389 2875 abripitur
414 2829 427 2861 s
452 2815 538 2863 aredio.
581 2815 648 2864 Fieri

93 2899 178 2956 potest
199 2898 228 2940 ut
249 2892 296 2940 hoc
318 2892 434 2942 Scholion
451 2891 483 2939 sit
499 2906 531 2940 ex
549 2892 604 2942 MS.
622 2891 648 2939 in

94 2986 145 3036 quo
165 2971 207 3020 hie
227 2971 374 3034 legebantur
391 2985 426 3018 vs.
447 2972 485 3019 13.
505 2976 530 3019 ct
547 2976 596 3020 tres
613 2985 648 3020 se-

95 3056 201 3114 quentes
219 3049 312 3101 Garm,
324 3051 362 3098 14.
380 3049 454 3097 huius
470 3049 533 3097 libri.

131 3131 230 3178 Navita
252 3131 395 3191 Bosporum
425 3130 527 3177 Poeaus
542 3130 647 3189 perhor-

94 3209 180 3258 rescit.
207 3207 289 3258 Sumit
303 3206 448 3270 exemplum
461 3212 553 3255 nautae
566 3212 591 3254 et
604 3207 649 3254 mi·

94 3287 154 3336 litis.
189 3286 242 3337 Cur
267 3291 358 3334 haume
385 3288 478 3343 Poeni,
502 3300 552 3334 non
577 3286 649 3334 intel-

95 3367 157 3427 ligo.
193 3365 221 3414 Si
239 3368 338 3414 Poenus
364 3369 488 3422 servetur,
513 3364 556 3412 vix
578 3364 650 3412 aliter

97 3444 179 3493 faeere
189 3457 333 3506 possumus,
347 3444 406 3507 quin
418 3443 490 3491 utiles
501 3442 576 3491 etiam
587 3446 649 3492 Pae-

96 3539 147 3572 aus
163 3522 305 3587 accipiatur.
337 3522 449 3572 Scilicet:
467 3519 577 3570 “Navita
588 3521 650 3570 Poe·

687 1715 793 1778 simplex
815 1722 840 1764 et
861 1715 991 1779 perspicua
1010 1714 1137 1763 sententia.
1172 1715 1238 1763 Mer-

687 1799 781 1842 catorea
798 1794 875 1842 nostri
893 1794 981 1842 timent
998 1807 1099 1842 saevum
1117 1793 1238 1856 impetum

687 1872 804 1935 Bospori,
829 1872 920 1920 milites
942 1872 1019 1919 nostri
1042 1873 1130 1922 timent
1152 1872 1238 1935 fugam

688 1951 831 1999 simulatam
854 1951 1017 2008 Parthorum,
1044 1950 1134 1999 Parthi
1151 1950 1239 2000 timent

687 2030 776 2079 milites
793 2037 898 2079 nostros.
932 2030 972 2079 De
988 2029 1098 2093 Bosporo
1119 2031 1171 2094 ipso
1188 2032 1239 2080 Ho-

689 2110 766 2157 ratius
783 2110 818 2158 ΙΙ.
841 2109 925 2160 Carm.
937 2110 978 2158 20.
1016 2111 1103 2157 Visam
1121 2112 1240 2172 persentis

688 2189 766 2237 litora
784 2191 906 2252 Bospori,
922 2197 947 2237 et
963 2188 1014 2237 III.
1032 2186 1115 2237 earm.
1133 2190 1156 2236 4.
1191 2191 1239 2237 la·

687 2267 824 2316 sapientem
848 2268 937 2315 nauita
959 2268 1102 2328 Bosporum
1124 2269 1234 2315 tentabo.

688 2345 791 2406 Bospori
808 2350 900 2402 cestus,
913 2351 941 2392 ut
951 2349 1036 2393 catus
1048 2346 1132 2406 Aequi,
1143 2344 1238 2392 similia.

730 2421 805 2468 Miles
833 2423 942 2482 rupitias
974 2427 999 2468 et
1025 2423 1125 2470 celerem
1144 2422 1239 2485 sapam

689 2500 794 2547 Parthi.
827 2497 956 2546 Bentleius
972 2497 1033 2559 legit
1046 2500 1166 2548 reduceris.
1195 2499 1239 2549 Ce-

689 2578 764 2624 lerem
780 2575 847 2624 euim
865 2576 963 2638 sugam,
981 2581 1066 2639 utpote
1080 2592 1177 2639 veram,
1190 2593 1239 2626 non

689 2656 778 2704 timeri.
813 2655 862 2704 Sed
882 2655 1001 2704 Horatius
1020 2657 1149 2705 coniunxit
1163 2659 1239 2720 cripit·

690 2742 731 2783 tas
747 2741 772 2783 et
783 2735 888 2798 sapam,
910 2734 976 2797 quod
996 2733 1134 2796 significare
1151 2734 1240 2798 poterit

689 2813 798 2875 sapittas
816 2815 841 2860 ia
854 2814 921 2875 supa
936 2814 1063 2860 reclusas.
1084 2812 1125 2860 Ita
1140 2820 1165 2862 et
1180 2827 1238 2861 con·

689 2893 772 2940 iunxit
787 2891 913 2954 Virgilius
931 2890 982 2941 111,
992 2890 1130 2954 Georg.31.
1148 2894 1239 2941 Fiden·

691 2977 787 3034 iensque
805 2971 875 3034 supa
899 2971 1030 3018 Parthum
1054 2973 1179 3034 rasisque
1201 2987 1239 3020 sa·

689 3052 767 3114 pittia
802 3050 843 3099 Sic
859 3054 924 3098 oerte
940 3049 1056 3110 cogitatio
1072 3051 1177 3109 timoris,
1191 3066 1240 3114 quo

690 3130 741 3192 ipse
758 3128 869 3176 Parthus
890 3141 942 3176 esse
958 3127 1083 3175 videretur
1099 3135 1239 3191 correptus,

690 3209 818 3256 minuitur.
851 3207 891 3255 Ea
914 3220 973 3255 vero
994 3205 1067 3268 plane
1088 3206 1197 3265 tollitur,
1219 3208 1240 3256 si

690 3289 821 3351 legamus:
846 3292 871 3334 et
901 3286 988 3334 celeris
1008 3285 1103 3346 sapam
1134 3287 1238 3334 Parthi.

691 3369 774 3416 Timet
790 3366 877 3428 sugam
895 3363 995 3420 Parthi,
1020 3362 1105 3412 celeris
1126 3377 1176 3411 non
1194 3365 1239 3410 mi-

690 3463 738 3496 nus
754 3447 780 3494 in
796 3443 923 3506 fugiende,
940 3457 1016 3506 quarn
1033 3457 1065 3490 ex
1082 3443 1143 3505 fuga
1159 3457 1239 3492 rever-

691 3526 765 3574 tendo
778 3522 980 3585 remittendisque
986 3521 1090 3584 sagittis.
1102 3520 1174 3571 Ovio.
1188 3522 1239 3571 III.

96 3617 146 3650 nus
152 3600 649 3666 perhorrescitBosporum,milesPoenus
691 3605 749 3654 Art.
764 3604 849 3653 Amat.
859 3602 915 3652 687.
932 3603 968 3649 Ut
984 3602 1048 3650 celer
1064 3603 1159 3649 cremis
1171 3606 1242 3651 utere

95 3680 261 3743 perhorrescit
277 3680 410 3730 Parthos.''
449 3679 507 3729 Seio
526 3682 650 3743 quomode
691 3686 808 3732 Parthus
832 3683 908 3744 aquis.
948 3679 1042 3729 Celeris
1066 3686 1102 3726 est
1126 3678 1151 3727 in
1177 3679 1239 3727 Vsr.

96 3761 145 3808 hoc
161 3760 248 3809 curari
264 3773 334 3822 possa
351 3758 478 3808 videatur:
501 3773 590 3822 nempe
605 3762 649 3808 rui·
690 3764 760 3812 Lect.
777 3762 842 3826 apud
859 3760 939 3808 Iones.
957 3758 1099 3821 Vulgatum
1110 3758 1240 3806 lectionem

96 3844 134 3890 les
150 3841 237 3888 Italus
257 3838 434 3887 assumendum
455 3853 468 3886 e
492 3838 649 3901 sequentibus
691 3840 800 3890 defendit
816 3837 969 3889 Arntzenius
986 3837 1017 3884 ad
1035 3836 1124 3885 Aurei.
1142 3836 1238 3884 Victor.

97 3921 200 3967 Italum
224 3920 307 3968 robur.
348 3917 398 3967 Sed
422 3916 544 3965 naturalis
564 3918 649 3966 verbo-
691 3919 747 3968 Vir.
766 3919 861 3967 Illustr.
879 3931 932 3979 cap.
945 3917 984 3964 43.
1010 3917 1103 3963 Gentes
1115 3928 1161 3976 pro
1176 3930 1239 3962 user-

98 4013 157 4046 rum
174 3997 245 4055 ordo,
263 4003 291 4044 nt
307 4011 375 4046 nunc
391 3997 521 4060 leguntur,
538 3997 598 4060 ipse,
613 3999 649 4045 in-
692 4000 768 4054 taias,
793 3997 912 4052 horaiaes,
937 3994 1030 4040 mirum
1052 3992 1112 4040 mihi
1133 3992 1238 4040 videtur.

97 4076 156 4125 vitis
173 4076 262 4134 etiam,
278 4076 386 4126 ostendit
401 4077 516 4124 assitam
537 4079 649 4126 Poenum
691 4077 880 4138 Exspectassem
906 4071 986 4128 aliud,
1011 4070 1152 4133 significans
1172 4086 1195 4120 v.
1217 4085 1238 4119 c.

97 4161 124 4204 et
148 4157 254 4204 mititem
275 4158 397 4204 Poenum.
432 4154 484 4203 Pro
508 4156 651 4217 importuna
692 4161 792 4215 caritas,
808 4157 936 4212 caveatas,
950 4153 1086 4212 prauitas
1096 4148 1136 4197 vel
1152 4149 1239 4198 simile.

98 4247 159 4282 voce
176 4236 277 4283 Poeaus
293 4233 355 4281 mihi
372 4233 465 4297 aliquid
480 4234 574 4298 requiri
584 4234 650 4283 ride·
730 4235 813 4292 Quam
831 4231 1238 4294 paeaefarvaerepaaProserpi·

98 4318 152 4372 tur,
177 4313 243 4362 unde
263 4311 446 4376 intelligamus,
473 4313 532 4376 quid
548 4314 573 4361 in
589 4313 649 4362 Bos·
694 4328 747 4362 aas.
761 4307 1124 4361 AnimadvertitBroukhusius
1133 4308 1239 4372 primam
