<?xml version="1.0" encoding="UTF-8"?>
<!DOCTYPE html PUBLIC "-//W3C//DTD XHTML 1.0 Transitional//EN"
    "http://www.w3.org/TR/xhtml1/DTD/xhtml1-transitional.dtd">
<html xmlns="http://www.w3.org/1999/xhtml" xml:lang="en" lang="en">
 <head>
  <title>
</title>
<meta http-equiv="Content-Type" content="text/html;charset=utf-8" />
  <meta name='ocr-system' content='tesseract 3.04.00' />
  <meta name='ocr-capabilities' content='ocr_page ocr_carea ocr_par ocr_line ocrx_word'/>
</head>
<body>
  <div class='ocr_page' id='page_1' title='image "./qhoratiiflaccic00horagoog_0109.png"; bbox 0 0 2916 5220; ppageno 0'>
   <div class='ocr_carea' id='block_1_1' title="bbox 553 289 867 352">
    <p class='ocr_par' dir='ltr' id='par_1_1' title="bbox 553 289 867 352">
     <span class='ocr_line' id='line_1_1' title="bbox 553 289 867 352; baseline 0.013 -4"><span class='ocrx_word' id='word_1_1' title='bbox 553 289 867 352; x_wconf 82' lang='lat' dir='ltr'>CARMINUM</span> 
     </span>
    </p>
   </div>
   <div class='ocr_carea' id='block_1_2' title="bbox 324 473 1049 869">
    <p class='ocr_par' dir='ltr' id='par_1_2' title="bbox 324 473 1049 869">
     <span class='ocr_line' id='line_1_2' title="bbox 327 473 906 540; baseline 0.003 -4"><span class='ocrx_word' id='word_1_2' title='bbox 327 473 371 537; x_wconf 80' lang='lat' dir='ltr'>ut</span> <span class='ocrx_word' id='word_1_3' title='bbox 393 474 499 538; x_wconf 91' lang='lat' dir='ltr'>malus</span> <span class='ocrx_word' id='word_1_4' title='bbox 523 473 619 539; x_wconf 90' lang='lat' dir='ltr'>celeri</span> <span class='ocrx_word' id='word_1_5' title='bbox 643 475 771 539; x_wconf 91' lang='lat' dir='ltr'>saueius</span> <span class='ocrx_word' id='word_1_6' title='bbox 795 475 906 540; x_wconf 83' lang='lat' dir='ltr'>Africo</span> 
     </span>
     <span class='ocr_line' id='line_1_3' title="bbox 324 577 1049 662; baseline 0.004 -22"><span class='ocrx_word' id='word_1_7' title='bbox 324 577 560 662; x_wconf 83' lang='lat' dir='ltr'>Antennaeque</span> <span class='ocrx_word' id='word_1_8' title='bbox 582 580 737 662; x_wconf 79' lang='lat' dir='ltr'>gemant?</span> <span class='ocrx_word' id='word_1_9' title='bbox 760 600 797 642; x_wconf 90' lang='lat' dir='ltr'>ae</span> <span class='ocrx_word' id='word_1_10' title='bbox 821 579 891 642; x_wconf 90' lang='lat' dir='ltr'>sine</span> <span class='ocrx_word' id='word_1_11' title='bbox 914 578 1049 643; x_wconf 86' lang='lat' dir='ltr'>funibus</span> 
     </span>
     <span class='ocr_line' id='line_1_4' title="bbox 369 680 724 745; baseline 0.003 -2"><span class='ocrx_word' id='word_1_12' title='bbox 369 680 435 743; x_wconf 87' lang='lat' dir='ltr'>Vix</span> <span class='ocrx_word' id='word_1_13' title='bbox 458 681 572 744; x_wconf 89' lang='lat' dir='ltr'>durare</span> <span class='ocrx_word' id='word_1_14' title='bbox 596 681 724 745; x_wconf 89' lang='lat' dir='ltr'>carinae</span> 
     </span>
     <span class='ocr_line' id='line_1_5' title="bbox 410 777 778 869; baseline 0.005 -23"><span class='ocrx_word' id='word_1_15' title='bbox 410 777 549 848; x_wconf 67' lang='lat' dir='ltr'>=Possint</span> <span class='ocrx_word' id='word_1_16' title='bbox 572 784 778 869; x_wconf 77' lang='lat' dir='ltr'>imperiosius</span> 
     </span>
    </p>
   </div>
   <div class='ocr_carea' id='block_1_3' title="bbox 134 961 1283 4343">
    <p class='ocr_par' dir='ltr' id='par_1_3' title="bbox 139 961 1283 2908">
     <span class='ocr_line' id='line_1_6' title="bbox 145 961 1283 1025; baseline 0.004 -19"><span class='ocrx_word' id='word_1_17' title='bbox 145 961 197 1008; x_wconf 86' lang='grc'>0100</span> <span class='ocrx_word' id='word_1_18' title='bbox 217 976 314 1024; x_wconf 72' lang='grc' dir='ltr'>0000ρο</span> <span class='ocrx_word' id='word_1_19' title='bbox 328 961 458 1025; x_wconf 80' lang='lat' dir='ltr'><strong><em>feremur:</em></strong></span> <span class='ocrx_word' id='word_1_20' title='bbox 484 978 544 1010; x_wconf 79' lang='lat' dir='ltr'>aaut</span> <span class='ocrx_word' id='word_1_21' title='bbox 569 967 594 1009; x_wconf 83' lang='lat' dir='ltr'>et</span> <span class='ocrx_word' id='word_1_22' title='bbox 615 963 691 1011; x_wconf 85' lang='lat' dir='ltr'>litora</span> <span class='ocrx_word' id='word_1_23' title='bbox 733 961 808 1008; x_wconf 87' lang='lat' dir='ltr'>unius</span> <span class='ocrx_word' id='word_1_24' title='bbox 825 961 902 1024; x_wconf 88' lang='lat' dir='ltr'>partis</span> <span class='ocrx_word' id='word_1_25' title='bbox 919 961 1039 1018; x_wconf 82' lang='lat' dir='ltr'>habeant,</span> <span class='ocrx_word' id='word_1_26' title='bbox 1056 968 1085 1009; x_wconf 84' lang='lat' dir='ltr'>ut</span> <span class='ocrx_word' id='word_1_27' title='bbox 1102 977 1124 1010; x_wconf 91' lang='grc'>0,</span> <span class='ocrx_word' id='word_1_28' title='bbox 1143 976 1163 1009; x_wconf 92' lang='lat' dir='ltr'>c.</span> <span class='ocrx_word' id='word_1_29' title='bbox 1179 968 1283 1024; x_wconf 83' lang='lat' dir='ltr'>portae,</span> 
     </span>
     <span class='ocr_line' id='line_1_7' title="bbox 144 1040 1283 1104; baseline 0.003 -19"><span class='ocrx_word' id='word_1_30' title='bbox 144 1040 272 1088; x_wconf 81' lang='lat' dir='ltr'>interdum</span> <span class='ocrx_word' id='word_1_31' title='bbox 288 1044 412 1104; x_wconf 72' lang='lat' dir='ltr'>sequenda</span> <span class='ocrx_word' id='word_1_32' title='bbox 428 1047 495 1089; x_wconf 82' lang='lat' dir='ltr'>suat.</span> <span class='ocrx_word' id='word_1_33' title='bbox 530 1041 591 1090; x_wconf 76' lang='lat' dir='ltr'>Illic</span> <span class='ocrx_word' id='word_1_34' title='bbox 601 1041 693 1104; x_wconf 67' lang='lat' dir='ltr'>facitu</span> <span class='ocrx_word' id='word_1_35' title='bbox 731 1047 839 1104; x_wconf 78' lang='lat' dir='ltr'><em>pectora.</em></span> <span class='ocrx_word' id='word_1_36' title='bbox 873 1041 918 1089; x_wconf 87' lang='lat' dir='ltr'>An</span> <span class='ocrx_word' id='word_1_37' title='bbox 941 1041 968 1088; x_wconf 92' lang='lat' dir='ltr'>in</span> <span class='ocrx_word' id='word_1_38' title='bbox 989 1057 1040 1089; x_wconf 87' lang='lat' dir='ltr'>una</span> <span class='ocrx_word' id='word_1_39' title='bbox 1061 1056 1126 1090; x_wconf 88' lang='grc'>0000</span> <span class='ocrx_word' id='word_1_40' title='bbox 1148 1042 1221 1089; x_wconf 86' lang='grc'>00100</span> <span class='ocrx_word' id='word_1_41' title='bbox 1243 1055 1283 1089; x_wconf 87' lang='lat' dir='ltr'>ca-</span> 
     </span>
     <span class='ocr_line' id='line_1_8' title="bbox 142 1119 1283 1184; baseline 0.001 -17"><span class='ocrx_word' id='word_1_42' title='bbox 142 1133 189 1178; x_wconf 84' lang='lat' dir='ltr'>per</span> <span class='ocrx_word' id='word_1_43' title='bbox 213 1122 336 1182; x_wconf 82' lang='lat' dir='ltr'>quaelibet</span> <span class='ocrx_word' id='word_1_44' title='bbox 360 1122 427 1168; x_wconf 85' lang='lat' dir='ltr'>vada</span> <span class='ocrx_word' id='word_1_45' title='bbox 446 1135 571 1177; x_wconf 80' lang='lat' dir='ltr'>accessus,</span> <span class='ocrx_word' id='word_1_46' title='bbox 588 1122 692 1183; x_wconf 75' lang='grc'>000011-</span> <span class='ocrx_word' id='word_1_47' title='bbox 732 1119 801 1168; x_wconf 86' lang='lat' dir='ltr'>rinae</span> <span class='ocrx_word' id='word_1_48' title='bbox 818 1123 902 1183; x_wconf 90' lang='lat' dir='ltr'>plures</span> <span class='ocrx_word' id='word_1_49' title='bbox 919 1127 1000 1184; x_wconf 88' lang='lat' dir='ltr'>partes</span> <span class='ocrx_word' id='word_1_50' title='bbox 1017 1120 1119 1183; x_wconf 86' lang='lat' dir='ltr'>cogitari</span> <span class='ocrx_word' id='word_1_51' title='bbox 1135 1120 1240 1183; x_wconf 84' lang='lat' dir='ltr'>possint,</span> <span class='ocrx_word' id='word_1_52' title='bbox 1258 1128 1283 1168; x_wconf 90' lang='lat' dir='ltr'>et</span> 
     </span>
     <span class='ocr_line' id='line_1_9' title="bbox 144 1199 1281 1263; baseline 0.003 -19"><span class='ocrx_word' id='word_1_53' title='bbox 144 1200 221 1260; x_wconf 81' lang='lat' dir='ltr'>quid,</span> <span class='ocrx_word' id='word_1_54' title='bbox 239 1214 288 1247; x_wconf 84' lang='grc'>000</span> <span class='ocrx_word' id='word_1_55' title='bbox 305 1201 384 1247; x_wconf 70' lang='lat' dir='ltr'>oculto</span> <span class='ocrx_word' id='word_1_56' title='bbox 401 1200 588 1255; x_wconf 80' lang='lat' dir='ltr'>tcraeaalte&#39;us,</span> <span class='ocrx_word' id='word_1_57' title='bbox 605 1199 692 1261; x_wconf 80' lang='lat' dir='ltr'>inquo</span> <span class='ocrx_word' id='word_1_58' title='bbox 733 1199 825 1263; x_wconf 86' lang='lat' dir='ltr'>aliquid</span> <span class='ocrx_word' id='word_1_59' title='bbox 842 1201 912 1250; x_wconf 87' lang='lat' dir='ltr'>iuvet</span> <span class='ocrx_word' id='word_1_60' title='bbox 934 1200 1031 1248; x_wconf 87' lang='lat' dir='ltr'>Pollux</span> <span class='ocrx_word' id='word_1_61' title='bbox 1052 1199 1080 1247; x_wconf 93' lang='lat' dir='ltr'>in</span> <span class='ocrx_word' id='word_1_62' title='bbox 1104 1199 1233 1249; x_wconf 87' lang='lat' dir='ltr'>Onomast.</span> <span class='ocrx_word' id='word_1_63' title='bbox 1251 1201 1281 1248; x_wconf 86' lang='lat' dir='ltr'>T.</span> 
     </span>
     <span class='ocr_line' id='line_1_10' title="bbox 144 1277 1283 1344; baseline 0.003 -21"><span class='ocrx_word' id='word_1_64' title='bbox 144 1293 199 1325; x_wconf 81' lang='lat' dir='ltr'>mea</span> <span class='ocrx_word' id='word_1_65' title='bbox 215 1280 303 1340; x_wconf 67' lang='grc'>000000</span> <span class='ocrx_word' id='word_1_66' title='bbox 319 1293 368 1326; x_wconf 87' lang='grc'>000</span> <span class='ocrx_word' id='word_1_67' title='bbox 376 1278 462 1340; x_wconf 85' lang='lat' dir='ltr'>fidat,</span> <span class='ocrx_word' id='word_1_68' title='bbox 474 1279 607 1326; x_wconf 80' lang='lat' dir='ltr'>inveniam.</span> <span class='ocrx_word' id='word_1_69' title='bbox 626 1277 692 1327; x_wconf 85' lang='lat' dir='ltr'>Satis</span> <span class='ocrx_word' id='word_1_70' title='bbox 732 1277 753 1325; x_wconf 93' lang='lat' dir='ltr'>I.</span> <span class='ocrx_word' id='word_1_71' title='bbox 771 1294 795 1340; x_wconf 91' lang='lat' dir='ltr'>p.</span> <span class='ocrx_word' id='word_1_72' title='bbox 814 1281 852 1331; x_wconf 83' lang='lat'>57.</span> <span class='ocrx_word' id='word_1_73' title='bbox 871 1293 1012 1330; x_wconf 88' lang='lat' dir='ltr'>memorans</span> <span class='ocrx_word' id='word_1_74' title='bbox 1024 1278 1140 1344; x_wconf 79' lang='grc' dir='ltr'>τροπίδες</span> <span class='ocrx_word' id='word_1_75' title='bbox 1154 1286 1179 1327; x_wconf 88' lang='grc'>00</span> <span class='ocrx_word' id='word_1_76' title='bbox 1197 1280 1283 1327; x_wconf 91' lang='lat' dir='ltr'>locum</span> 
     </span>
     <span class='ocr_line' id='line_1_11' title="bbox 144 1354 1281 1424; baseline 0.004 -22"><span class='ocrx_word' id='word_1_77' title='bbox 144 1354 187 1404; x_wconf 94' lang='lat' dir='ltr'>ille</span> <span class='ocrx_word' id='word_1_78' title='bbox 203 1356 302 1419; x_wconf 90' lang='lat' dir='ltr'>quidem</span> <span class='ocrx_word' id='word_1_79' title='bbox 319 1358 413 1420; x_wconf 86' lang='lat' dir='ltr'>inepte,</span> <span class='ocrx_word' id='word_1_80' title='bbox 430 1365 459 1404; x_wconf 91' lang='grc'>00</span> <span class='ocrx_word' id='word_1_81' title='bbox 475 1358 550 1405; x_wconf 90' lang='lat' dir='ltr'>mirer</span> <span class='ocrx_word' id='word_1_82' title='bbox 566 1359 691 1420; x_wconf 89' lang='lat' dir='ltr'>noncogi-</span> <span class='ocrx_word' id='word_1_83' title='bbox 732 1356 759 1403; x_wconf 89' lang='lat' dir='ltr'>in</span> <span class='ocrx_word' id='word_1_84' title='bbox 780 1359 839 1406; x_wconf 82' lang='lat' dir='ltr'>navi</span> <span class='ocrx_word' id='word_1_85' title='bbox 861 1357 903 1424; x_wconf 70' lang='grc' dir='ltr'>(ἐφ’</span> <span class='ocrx_word' id='word_1_86' title='bbox 928 1357 957 1408; x_wconf 84' lang='grc' dir='ltr'>οὗ</span> <span class='ocrx_word' id='word_1_87' title='bbox 977 1357 993 1418; x_wconf 85' lang='grc' dir='ltr'><em>ἡ</em></span> <span class='ocrx_word' id='word_1_88' title='bbox 1012 1356 1111 1422; x_wconf 79' lang='grc' dir='ltr'>δευτέρα</span> <span class='ocrx_word' id='word_1_89' title='bbox 1131 1358 1229 1421; x_wconf 79' lang='grc' dir='ltr'>τρόπις,</span> <span class='ocrx_word' id='word_1_90' title='bbox 1246 1359 1281 1406; x_wconf 84' lang='grc'>01-</span> 
     </span>
     <span class='ocr_line' id='line_1_12' title="bbox 143 1436 1281 1501; baseline 0.004 -20"><span class='ocrx_word' id='word_1_91' title='bbox 143 1444 220 1494; x_wconf 86' lang='lat' dir='ltr'>tasse,</span> <span class='ocrx_word' id='word_1_92' title='bbox 244 1437 304 1499; x_wconf 91' lang='lat' dir='ltr'>quid</span> <span class='ocrx_word' id='word_1_93' title='bbox 330 1439 472 1499; x_wconf 68' lang='lat' dir='ltr'><em>respublica</em></span> <span class='ocrx_word' id='word_1_94' title='bbox 493 1437 524 1484; x_wconf 90' lang='lat' dir='ltr'>ab</span> <span class='ocrx_word' id='word_1_95' title='bbox 546 1445 692 1501; x_wconf 84' lang='lat' dir='ltr'>argumento</span> <span class='ocrx_word' id='word_1_96' title='bbox 733 1436 807 1484; x_wconf 82' lang='lat' dir='ltr'>deant</span> <span class='ocrx_word' id='word_1_97' title='bbox 823 1436 873 1486; x_wconf 90' lang='lat' dir='ltr'>alii.</span> <span class='ocrx_word' id='word_1_98' title='bbox 908 1437 996 1498; x_wconf 82' lang='lat' dir='ltr'><strong>Quoad</strong></span> <span class='ocrx_word' id='word_1_99' title='bbox 1013 1436 1074 1485; x_wconf 92' lang='lat' dir='ltr'>mihi</span> <span class='ocrx_word' id='word_1_100' title='bbox 1089 1437 1281 1498; x_wconf 86' lang='lat' dir='ltr'>exemplumos·</span> 
     </span>
     <span class='ocr_line' id='line_1_13' title="bbox 143 1515 1282 1580; baseline 0.004 -19"><span class='ocrx_word' id='word_1_101' title='bbox 143 1528 188 1562; x_wconf 88' lang='lat' dir='ltr'>suo</span> <span class='ocrx_word' id='word_1_102' title='bbox 215 1515 319 1564; x_wconf 86' lang='lat' dir='ltr'>differat.</span> <span class='ocrx_word' id='word_1_103' title='bbox 365 1515 458 1563; x_wconf 89' lang='lat' dir='ltr'>Melius</span> <span class='ocrx_word' id='word_1_104' title='bbox 485 1516 692 1565; x_wconf 85' lang='lat' dir='ltr'>continuaverunt</span> <span class='ocrx_word' id='word_1_105' title='bbox 732 1516 848 1563; x_wconf 86' lang='lat' dir='ltr'>tendatur</span> <span class='ocrx_word' id='word_1_106' title='bbox 867 1519 1014 1565; x_wconf 78' lang='lat' dir='ltr'>carirmram</span> <span class='ocrx_word' id='word_1_107' title='bbox 1030 1516 1060 1563; x_wconf 90' lang='lat' dir='ltr'>de</span> <span class='ocrx_word' id='word_1_108' title='bbox 1076 1530 1126 1563; x_wconf 88' lang='grc'>000</span> <span class='ocrx_word' id='word_1_109' title='bbox 1145 1515 1282 1580; x_wconf 88' lang='lat' dir='ltr'>eademque</span> 
     </span>
     <span class='ocr_line' id='line_1_14' title="bbox 144 1594 1279 1657; baseline 0.002 -17"><span class='ocrx_word' id='word_1_110' title='bbox 144 1595 289 1642; x_wconf 83' lang='lat' dir='ltr'>recentiores</span> <span class='ocrx_word' id='word_1_111' title='bbox 310 1595 403 1657; x_wconf 74' lang='lat' dir='ltr'>poetae.</span> <span class='ocrx_word' id='word_1_112' title='bbox 441 1594 547 1641; x_wconf 89' lang='lat' dir='ltr'>Iacobus</span> <span class='ocrx_word' id='word_1_113' title='bbox 568 1595 690 1652; x_wconf 90' lang='lat' dir='ltr'>Wallius‚</span> <span class='ocrx_word' id='word_1_114' title='bbox 732 1596 802 1652; x_wconf 88' lang='lat' dir='ltr'>navi,</span> <span class='ocrx_word' id='word_1_115' title='bbox 823 1609 874 1643; x_wconf 90' lang='grc'>000</span> <span class='ocrx_word' id='word_1_116' title='bbox 899 1595 998 1643; x_wconf 88' lang='lat' dir='ltr'>credam</span> <span class='ocrx_word' id='word_1_117' title='bbox 1018 1595 1154 1642; x_wconf 82' lang='lat' dir='ltr'>Horatium</span> <span class='ocrx_word' id='word_1_118' title='bbox 1178 1608 1279 1642; x_wconf 87' lang='lat' dir='ltr'>acom-</span> 
     </span>
     <span class='ocr_line' id='line_1_15' title="bbox 144 1673 1279 1736; baseline 0.004 -17"><span class='ocrx_word' id='word_1_119' title='bbox 144 1673 234 1736; x_wconf 85' lang='lat' dir='ltr'>dignus</span> <span class='ocrx_word' id='word_1_120' title='bbox 246 1680 326 1722; x_wconf 88' lang='lat' dir='ltr'>aetate</span> <span class='ocrx_word' id='word_1_121' title='bbox 336 1673 456 1734; x_wconf 86' lang='lat' dir='ltr'>Augusta</span> <span class='ocrx_word' id='word_1_122' title='bbox 466 1682 547 1730; x_wconf 85' lang='lat' dir='ltr'>rates,</span> <span class='ocrx_word' id='word_1_123' title='bbox 563 1675 589 1722; x_wconf 93' lang='lat' dir='ltr'>in</span> <span class='ocrx_word' id='word_1_124' title='bbox 600 1674 642 1722; x_wconf 91' lang='lat' dir='ltr'>lib.</span> <span class='ocrx_word' id='word_1_125' title='bbox 655 1676 689 1723; x_wconf 94' lang='grc'>11.</span> <span class='ocrx_word' id='word_1_126' title='bbox 732 1673 802 1720; x_wconf 92' lang='lat' dir='ltr'>muni</span> <span class='ocrx_word' id='word_1_127' title='bbox 819 1688 866 1721; x_wconf 88' lang='lat' dir='ltr'>usu</span> <span class='ocrx_word' id='word_1_128' title='bbox 883 1675 1015 1724; x_wconf 79' lang='lat' dir='ltr'>recessisse.</span> <span class='ocrx_word' id='word_1_129' title='bbox 1039 1674 1181 1721; x_wconf 87' lang='lat' dir='ltr'>Proroeant</span> <span class='ocrx_word' id='word_1_130' title='bbox 1196 1675 1227 1720; x_wconf 88' lang='lat' dir='ltr'>ad</span> <span class='ocrx_word' id='word_1_131' title='bbox 1242 1673 1279 1722; x_wconf 92' lang='lat' dir='ltr'>lo-</span> 
     </span>
     <span class='ocr_line' id='line_1_16' title="bbox 142 1751 1283 1813; baseline 0 -13"><span class='ocrx_word' id='word_1_132' title='bbox 142 1752 241 1800; x_wconf 89' lang='lat' dir='ltr'>Heroic.</span> <span class='ocrx_word' id='word_1_133' title='bbox 266 1766 323 1813; x_wconf 86' lang='lat' dir='ltr'>pag.</span> <span class='ocrx_word' id='word_1_134' title='bbox 345 1752 384 1801; x_wconf 90' lang='lat'>70.</span> <span class='ocrx_word' id='word_1_135' title='bbox 406 1751 452 1798; x_wconf 91' lang='lat' dir='ltr'>hoc</span> <span class='ocrx_word' id='word_1_136' title='bbox 473 1752 571 1799; x_wconf 89' lang='lat' dir='ltr'>Horatii</span> <span class='ocrx_word' id='word_1_137' title='bbox 590 1766 690 1802; x_wconf 88' lang='lat' dir='ltr'>carmen</span> <span class='ocrx_word' id='word_1_138' title='bbox 732 1766 789 1799; x_wconf 90' lang='lat' dir='ltr'>cum</span> <span class='ocrx_word' id='word_1_139' title='bbox 806 1752 930 1802; x_wconf 82' lang='lat' dir='ltr'>Ciceronis</span> <span class='ocrx_word' id='word_1_140' title='bbox 947 1753 996 1802; x_wconf 94' lang='lat' dir='ltr'>III.</span> <span class='ocrx_word' id='word_1_141' title='bbox 1014 1753 1045 1800; x_wconf 92' lang='lat' dir='ltr'>de</span> <span class='ocrx_word' id='word_1_142' title='bbox 1061 1751 1131 1801; x_wconf 83' lang='lat' dir='ltr'>Orat.</span> <span class='ocrx_word' id='word_1_143' title='bbox 1143 1752 1183 1800; x_wconf 88' lang='grc'>46.</span> <span class='ocrx_word' id='word_1_144' title='bbox 1211 1753 1283 1810; x_wconf 81' lang='lat' dir='ltr'>Quid</span> 
     </span>
     <span class='ocr_line' id='line_1_17' title="bbox 142 1830 1281 1895; baseline 0.002 -17"><span class='ocrx_word' id='word_1_145' title='bbox 142 1837 167 1878; x_wconf 88' lang='lat' dir='ltr'>ct</span> <span class='ocrx_word' id='word_1_146' title='bbox 187 1830 285 1892; x_wconf 80' lang='lat' dir='ltr'>egregie</span> <span class='ocrx_word' id='word_1_147' title='bbox 305 1830 415 1877; x_wconf 86' lang='lat' dir='ltr'>imitatus</span> <span class='ocrx_word' id='word_1_148' title='bbox 435 1838 484 1887; x_wconf 91' lang='lat' dir='ltr'>est,</span> <span class='ocrx_word' id='word_1_149' title='bbox 509 1837 533 1878; x_wconf 90' lang='grc'>00</span> <span class='ocrx_word' id='word_1_150' title='bbox 557 1831 690 1893; x_wconf 83' lang='lat' dir='ltr'>imaginem</span> <span class='ocrx_word' id='word_1_151' title='bbox 733 1837 786 1880; x_wconf 86' lang='lat' dir='ltr'>tam</span> <span class='ocrx_word' id='word_1_152' title='bbox 814 1835 843 1880; x_wconf 82' lang='lat' dir='ltr'>ia</span> <span class='ocrx_word' id='word_1_153' title='bbox 866 1834 966 1895; x_wconf 76' lang='lat' dir='ltr'>aaaiqic</span> <span class='ocrx_word' id='word_1_154' title='bbox 990 1833 1169 1888; x_wconf 78' lang='lat' dir='ltr'>neceesarium,</span> <span class='ocrx_word' id='word_1_155' title='bbox 1204 1847 1281 1893; x_wconf 82' lang='lat' dir='ltr'>quom</span> 
     </span>
     <span class='ocr_line' id='line_1_18' title="bbox 142 1907 1280 1973; baseline 0.004 -18"><span class='ocrx_word' id='word_1_156' title='bbox 142 1908 264 1956; x_wconf 78' lang='lat' dir='ltr'>dilatarit.</span> <span class='ocrx_word' id='word_1_157' title='bbox 299 1907 427 1957; x_wconf 85' lang='lat' dir='ltr'>Sidrcnius</span> <span class='ocrx_word' id='word_1_158' title='bbox 444 1909 579 1966; x_wconf 90' lang='lat' dir='ltr'>Hosehius,</span> <span class='ocrx_word' id='word_1_159' title='bbox 596 1912 691 1961; x_wconf 89' lang='lat' dir='ltr'>Wallio</span> <span class='ocrx_word' id='word_1_160' title='bbox 732 1912 826 1968; x_wconf 85' lang='lat' dir='ltr'>latera,</span> <span class='ocrx_word' id='word_1_161' title='bbox 852 1927 928 1973; x_wconf 82' lang='lat' dir='ltr'>quam</span> <span class='ocrx_word' id='word_1_162' title='bbox 952 1913 1068 1970; x_wconf 74' lang='grc'>0001000,</span> <span class='ocrx_word' id='word_1_163' title='bbox 1093 1926 1169 1972; x_wconf 82' lang='lat' dir='ltr'>quam</span> <span class='ocrx_word' id='word_1_164' title='bbox 1190 1926 1280 1972; x_wconf 85' lang='lat' dir='ltr'>prora.</span> 
     </span>
     <span class='ocr_line' id='line_1_19' title="bbox 142 1988 1282 2052; baseline 0.001 -17"><span class='ocrx_word' id='word_1_165' title='bbox 142 1995 195 2036; x_wconf 89' lang='grc'>0000</span> <span class='ocrx_word' id='word_1_166' title='bbox 215 1995 240 2036; x_wconf 92' lang='grc'>00</span> <span class='ocrx_word' id='word_1_167' title='bbox 261 1988 360 2050; x_wconf 87' lang='lat' dir='ltr'>ingenio</span> <span class='ocrx_word' id='word_1_168' title='bbox 381 1988 481 2045; x_wconf 90' lang='lat' dir='ltr'>similis,</span> <span class='ocrx_word' id='word_1_169' title='bbox 501 2005 604 2038; x_wconf 79' lang='lat' dir='ltr'>cursum</span> <span class='ocrx_word' id='word_1_170' title='bbox 624 1993 691 2040; x_wconf 85' lang='lat' dir='ltr'>citae</span> <span class='ocrx_word' id='word_1_171' title='bbox 732 1988 781 2037; x_wconf 89' lang='lat' dir='ltr'>Sed</span> <span class='ocrx_word' id='word_1_172' title='bbox 806 2004 873 2037; x_wconf 89' lang='grc'>0000</span> <span class='ocrx_word' id='word_1_173' title='bbox 898 1989 932 2038; x_wconf 94' lang='lat' dir='ltr'>ibi</span> <span class='ocrx_word' id='word_1_174' title='bbox 956 1989 1033 2051; x_wconf 84' lang='lat' dir='ltr'>vulgo</span> <span class='ocrx_word' id='word_1_175' title='bbox 1058 1988 1166 2039; x_wconf 86' lang='lat' dir='ltr'>eMSS.</span> <span class='ocrx_word' id='word_1_176' title='bbox 1188 1990 1282 2052; x_wconf 88' lang='lat' dir='ltr'>legitur</span> 
     </span>
     <span class='ocr_line' id='line_1_20' title="bbox 142 2067 1279 2132; baseline 0.004 -20"><span class='ocrx_word' id='word_1_177' title='bbox 142 2068 265 2115; x_wconf 70' lang='lat' dir='ltr'>tunicare</span> <span class='ocrx_word' id='word_1_178' title='bbox 281 2081 326 2129; x_wconf 88' lang='lat' dir='ltr'>per</span> <span class='ocrx_word' id='word_1_179' title='bbox 342 2068 434 2115; x_wconf 87' lang='lat' dir='ltr'>multas</span> <span class='ocrx_word' id='word_1_180' title='bbox 452 2068 553 2131; x_wconf 80' lang='lat' dir='ltr'>Elegiae</span> <span class='ocrx_word' id='word_1_181' title='bbox 570 2070 688 2132; x_wconf 87' lang='lat' dir='ltr'>depinxit.</span> <span class='ocrx_word' id='word_1_182' title='bbox 730 2083 858 2117; x_wconf 77' lang='grc'>00000000.</span> <span class='ocrx_word' id='word_1_183' title='bbox 892 2068 946 2116; x_wconf 90' lang='lat' dir='ltr'>Iam</span> <span class='ocrx_word' id='word_1_184' title='bbox 968 2067 1125 2130; x_wconf 86' lang='lat' dir='ltr'>Oudendorp.</span> <span class='ocrx_word' id='word_1_185' title='bbox 1148 2082 1198 2115; x_wconf 92' lang='lat' dir='ltr'>non</span> <span class='ocrx_word' id='word_1_186' title='bbox 1220 2069 1279 2117; x_wconf 89' lang='lat' dir='ltr'>fide-</span> 
     </span>
     <span class='ocr_line' id='line_1_21' title="bbox 141 2145 1280 2197; baseline 0.003 -5"><span class='ocrx_word' id='word_1_187' title='bbox 141 2145 219 2193; x_wconf 90' lang='lat' dir='ltr'>Nobis</span> <span class='ocrx_word' id='word_1_188' title='bbox 236 2153 320 2194; x_wconf 91' lang='lat' dir='ltr'>autem</span> <span class='ocrx_word' id='word_1_189' title='bbox 336 2147 439 2195; x_wconf 88' lang='lat' dir='ltr'>Batavis</span> <span class='ocrx_word' id='word_1_190' title='bbox 450 2148 490 2197; x_wconf 82' lang='lat' dir='ltr'>rel</span> <span class='ocrx_word' id='word_1_191' title='bbox 502 2163 579 2196; x_wconf 88' lang='lat' dir='ltr'>unurn</span> <span class='ocrx_word' id='word_1_192' title='bbox 591 2163 689 2197; x_wconf 89' lang='lat' dir='ltr'>carmen</span> <span class='ocrx_word' id='word_1_193' title='bbox 730 2146 773 2194; x_wconf 86' lang='lat' dir='ltr'>bat</span> <span class='ocrx_word' id='word_1_194' title='bbox 789 2148 843 2196; x_wconf 92' lang='lat' dir='ltr'>loco</span> <span class='ocrx_word' id='word_1_195' title='bbox 861 2147 994 2196; x_wconf 84' lang='lat' dir='ltr'>Ciceronis.</span> <span class='ocrx_word' id='word_1_196' title='bbox 1028 2148 1098 2195; x_wconf 87' lang='lat' dir='ltr'>Idem</span> <span class='ocrx_word' id='word_1_197' title='bbox 1116 2155 1280 2197; x_wconf 76' lang='lat' dir='ltr'>adnotaverat</span> 
     </span>
     <span class='ocr_line' id='line_1_22' title="bbox 140 2224 1280 2290; baseline 0.004 -19"><span class='ocrx_word' id='word_1_198' title='bbox 140 2224 690 2290; x_wconf 56' lang='grc'>1000110101(10100000000101111000100</span> <span class='ocrx_word' id='word_1_199' title='bbox 730 2225 824 2273; x_wconf 87' lang='lat' dir='ltr'>dictum</span> <span class='ocrx_word' id='word_1_200' title='bbox 847 2226 961 2288; x_wconf 88' lang='lat' dir='ltr'>Pompeii</span> <span class='ocrx_word' id='word_1_201' title='bbox 982 2227 1047 2289; x_wconf 89' lang='lat' dir='ltr'>apud</span> <span class='ocrx_word' id='word_1_202' title='bbox 1072 2226 1162 2274; x_wconf 89' lang='lat' dir='ltr'>Vellei.</span> <span class='ocrx_word' id='word_1_203' title='bbox 1181 2227 1280 2276; x_wconf 88' lang='lat' dir='ltr'>Patere.</span> 
     </span>
     <span class='ocr_line' id='line_1_23' title="bbox 140 2303 1278 2369; baseline 0.003 -19"><span class='ocrx_word' id='word_1_204' title='bbox 140 2303 207 2351; x_wconf 92' lang='lat' dir='ltr'>dedit</span> <span class='ocrx_word' id='word_1_205' title='bbox 224 2304 439 2365; x_wconf 88' lang='lat' dir='ltr'>Westerbaanius,</span> <span class='ocrx_word' id='word_1_206' title='bbox 464 2306 568 2364; x_wconf 85' lang='lat' dir='ltr'>sufficit,</span> <span class='ocrx_word' id='word_1_207' title='bbox 589 2314 687 2356; x_wconf 86' lang='grc'>00000-</span> <span class='ocrx_word' id='word_1_208' title='bbox 729 2303 764 2351; x_wconf 87' lang='grc' dir='ltr'>ΙΙ.</span> <span class='ocrx_word' id='word_1_209' title='bbox 782 2305 822 2355; x_wconf 87' lang='lat'>77.</span> <span class='ocrx_word' id='word_1_210' title='bbox 839 2305 895 2367; x_wconf 87' lang='lat' dir='ltr'>qui,</span> <span class='ocrx_word' id='word_1_211' title='bbox 916 2321 994 2369; x_wconf 92' lang='lat' dir='ltr'>quum</span> <span class='ocrx_word' id='word_1_212' title='bbox 1015 2307 1041 2353; x_wconf 90' lang='lat' dir='ltr'>in</span> <span class='ocrx_word' id='word_1_213' title='bbox 1058 2306 1117 2353; x_wconf 85' lang='lat' dir='ltr'>nari</span> <span class='ocrx_word' id='word_1_214' title='bbox 1134 2304 1278 2355; x_wconf 83' lang='lat' dir='ltr'>Caesarem-</span> 
     </span>
     <span class='ocr_line' id='line_1_24' title="bbox 140 2382 1280 2448; baseline 0.002 -19"><span class='ocrx_word' id='word_1_215' title='bbox 140 2382 241 2442; x_wconf 88' lang='lat' dir='ltr'>tiamus,</span> <span class='ocrx_word' id='word_1_216' title='bbox 259 2399 334 2446; x_wconf 91' lang='lat' dir='ltr'>quam</span> <span class='ocrx_word' id='word_1_217' title='bbox 358 2386 462 2447; x_wconf 91' lang='lat' dir='ltr'>pulchre</span> <span class='ocrx_word' id='word_1_218' title='bbox 482 2386 539 2433; x_wconf 87' lang='lat' dir='ltr'>talis</span> <span class='ocrx_word' id='word_1_219' title='bbox 556 2386 689 2448; x_wconf 88' lang='lat' dir='ltr'>Allegoria</span> <span class='ocrx_word' id='word_1_220' title='bbox 729 2398 776 2444; x_wconf 90' lang='lat' dir='ltr'>que</span> <span class='ocrx_word' id='word_1_221' title='bbox 805 2390 829 2433; x_wconf 90' lang='grc'>00</span> <span class='ocrx_word' id='word_1_222' title='bbox 856 2385 998 2434; x_wconf 84' lang='lat' dir='ltr'>Antonium</span> <span class='ocrx_word' id='word_1_223' title='bbox 1032 2400 1109 2435; x_wconf 89' lang='grc'>00000</span> <span class='ocrx_word' id='word_1_224' title='bbox 1142 2385 1280 2447; x_wconf 88' lang='lat' dir='ltr'>exciperet,</span> 
     </span>
     <span class='ocr_line' id='line_1_25' title="bbox 139 2462 1279 2527; baseline 0 -16"><span class='ocrx_word' id='word_1_225' title='bbox 139 2462 223 2510; x_wconf 85' lang='lat' dir='ltr'>ornari</span> <span class='ocrx_word' id='word_1_226' title='bbox 251 2470 370 2527; x_wconf 89' lang='lat' dir='ltr'>perpetuo</span> <span class='ocrx_word' id='word_1_227' title='bbox 394 2464 477 2527; x_wconf 89' lang='lat' dir='ltr'>possit.</span> <span class='ocrx_word' id='word_1_228' title='bbox 520 2466 578 2512; x_wconf 88' lang='lat' dir='ltr'>Non</span> <span class='ocrx_word' id='word_1_229' title='bbox 606 2465 688 2514; x_wconf 86' lang='lat' dir='ltr'>minus</span> <span class='ocrx_word' id='word_1_230' title='bbox 729 2462 791 2510; x_wconf 82' lang='lat' dir='ltr'>dixit</span> <span class='ocrx_word' id='word_1_231' title='bbox 811 2465 838 2510; x_wconf 85' lang='lat' dir='ltr'>ia</span> <span class='ocrx_word' id='word_1_232' title='bbox 862 2464 962 2512; x_wconf 76' lang='lat' dir='ltr'>Creriar&#39;s</span> <span class='ocrx_word' id='word_1_233' title='bbox 982 2467 1035 2512; x_wconf 77' lang='grc'>0010</span> <span class='ocrx_word' id='word_1_234' title='bbox 1051 2480 1077 2512; x_wconf 78' lang='lat' dir='ltr'>nc</span> <span class='ocrx_word' id='word_1_235' title='bbox 1093 2480 1193 2513; x_wconf 80' lang='lat' dir='ltr'>coenum</span> <span class='ocrx_word' id='word_1_236' title='bbox 1209 2467 1279 2521; x_wconf 85' lang='lat' dir='ltr'>dare,</span> 
     </span>
     <span class='ocr_line' id='line_1_26' title="bbox 139 2541 1279 2607; baseline 0.001 -19"><span class='ocrx_word' id='word_1_237' title='bbox 139 2543 267 2604; x_wconf 87' lang='lat' dir='ltr'>egregium</span> <span class='ocrx_word' id='word_1_238' title='bbox 292 2544 436 2606; x_wconf 89' lang='lat' dir='ltr'>exemplum</span> <span class='ocrx_word' id='word_1_239' title='bbox 461 2545 576 2607; x_wconf 84' lang='lat' dir='ltr'>praebuit</span> <span class='ocrx_word' id='word_1_240' title='bbox 601 2544 688 2594; x_wconf 86' lang='lat' dir='ltr'>Simon</span> <span class='ocrx_word' id='word_1_241' title='bbox 728 2541 836 2590; x_wconf 86' lang='lat' dir='ltr'>referens</span> <span class='ocrx_word' id='word_1_242' title='bbox 853 2543 899 2591; x_wconf 91' lang='lat' dir='ltr'>hoc</span> <span class='ocrx_word' id='word_1_243' title='bbox 917 2543 1011 2591; x_wconf 90' lang='lat' dir='ltr'>dictum</span> <span class='ocrx_word' id='word_1_244' title='bbox 1029 2544 1060 2590; x_wconf 89' lang='lat' dir='ltr'>ad</span> <span class='ocrx_word' id='word_1_245' title='bbox 1077 2543 1125 2591; x_wconf 89' lang='lat' dir='ltr'>loci</span> <span class='ocrx_word' id='word_1_246' title='bbox 1141 2557 1239 2600; x_wconf 87' lang='lat' dir='ltr'>nomen,</span> <span class='ocrx_word' id='word_1_247' title='bbox 1252 2543 1279 2589; x_wconf 92' lang='lat' dir='ltr'>in</span> 
     </span>
     <span class='ocr_line' id='line_1_27' title="bbox 139 2620 1279 2687; baseline 0.003 -21"><span class='ocrx_word' id='word_1_248' title='bbox 139 2636 189 2667; x_wconf 87' lang='lat' dir='ltr'>van</span> <span class='ocrx_word' id='word_1_249' title='bbox 206 2622 381 2687; x_wconf 82' lang='lat' dir='ltr'>Middelgeest,</span> <span class='ocrx_word' id='word_1_250' title='bbox 404 2625 429 2672; x_wconf 90' lang='lat' dir='ltr'>in</span> <span class='ocrx_word' id='word_1_251' title='bbox 450 2625 619 2686; x_wconf 89' lang='lat' dir='ltr'>pulcherrima</span> <span class='ocrx_word' id='word_1_252' title='bbox 635 2639 687 2673; x_wconf 88' lang='lat' dir='ltr'>era·</span> <span class='ocrx_word' id='word_1_253' title='bbox 728 2634 778 2682; x_wconf 93' lang='lat' dir='ltr'>quo</span> <span class='ocrx_word' id='word_1_254' title='bbox 798 2629 903 2684; x_wconf 90' lang='lat' dir='ltr'>paterna</span> <span class='ocrx_word' id='word_1_255' title='bbox 923 2622 1010 2669; x_wconf 90' lang='lat' dir='ltr'>domus</span> <span class='ocrx_word' id='word_1_256' title='bbox 1028 2621 1059 2669; x_wconf 88' lang='grc'>00</span> <span class='ocrx_word' id='word_1_257' title='bbox 1075 2620 1187 2669; x_wconf 90' lang='lat' dir='ltr'>Antonio</span> <span class='ocrx_word' id='word_1_258' title='bbox 1203 2623 1279 2683; x_wconf 87' lang='lat' dir='ltr'>possi-</span> 
     </span>
     <span class='ocr_line' id='line_1_28' title="bbox 139 2699 1278 2767; baseline 0.003 -23"><span class='ocrx_word' id='word_1_259' title='bbox 139 2700 216 2759; x_wconf 85' lang='lat' dir='ltr'>tione,</span> <span class='ocrx_word' id='word_1_260' title='bbox 242 2718 293 2763; x_wconf 85' lang='lat' dir='ltr'>qua</span> <span class='ocrx_word' id='word_1_261' title='bbox 318 2703 423 2750; x_wconf 80' lang='lat' dir='ltr'>Petrum</span> <span class='ocrx_word' id='word_1_262' title='bbox 449 2704 575 2759; x_wconf 85' lang='lat' dir='ltr'>Grotium,</span> <span class='ocrx_word' id='word_1_263' title='bbox 602 2706 688 2767; x_wconf 79' lang='lat' dir='ltr'>magni</span> <span class='ocrx_word' id='word_1_264' title='bbox 729 2699 840 2750; x_wconf 83' lang='lat' dir='ltr'>debatur.</span> <span class='ocrx_word' id='word_1_265' title='bbox 879 2701 1013 2764; x_wconf 86' lang='lat' dir='ltr'>Pompeius</span> <span class='ocrx_word' id='word_1_266' title='bbox 1036 2701 1103 2749; x_wconf 85' lang='lat' dir='ltr'>haud</span> <span class='ocrx_word' id='word_1_267' title='bbox 1120 2700 1192 2748; x_wconf 84' lang='lat' dir='ltr'>aliter</span> <span class='ocrx_word' id='word_1_268' title='bbox 1208 2700 1278 2762; x_wconf 88' lang='lat' dir='ltr'>loqui</span> 
     </span>
     <span class='ocr_line' id='line_1_29' title="bbox 139 2777 1277 2843; baseline 0.002 -19"><span class='ocrx_word' id='word_1_269' title='bbox 139 2777 254 2841; x_wconf 88' lang='lat' dir='ltr'>Hugonis</span> <span class='ocrx_word' id='word_1_270' title='bbox 288 2781 385 2838; x_wconf 90' lang='lat' dir='ltr'>filium,</span> <span class='ocrx_word' id='word_1_271' title='bbox 419 2783 484 2843; x_wconf 91' lang='lat' dir='ltr'>apud</span> <span class='ocrx_word' id='word_1_272' title='bbox 519 2781 611 2829; x_wconf 88' lang='lat' dir='ltr'>iudices</span> <span class='ocrx_word' id='word_1_273' title='bbox 644 2783 685 2831; x_wconf 90' lang='lat' dir='ltr'>de·</span> <span class='ocrx_word' id='word_1_274' title='bbox 728 2780 821 2839; x_wconf 85' lang='lat' dir='ltr'>potuit,</span> <span class='ocrx_word' id='word_1_275' title='bbox 838 2781 898 2843; x_wconf 88' lang='lat' dir='ltr'>quia</span> <span class='ocrx_word' id='word_1_276' title='bbox 913 2780 1040 2843; x_wconf 91' lang='lat' dir='ltr'>proprium</span> <span class='ocrx_word' id='word_1_277' title='bbox 1057 2778 1277 2827; x_wconf 66' lang='grc' dir='ltr'>000000οᾰ01100-</span> 
     </span>
     <span class='ocr_line' id='line_1_30' title="bbox 139 2856 1278 2908; baseline 0.001 -4"><span class='ocrx_word' id='word_1_278' title='bbox 139 2856 224 2906; x_wconf 89' lang='lat' dir='ltr'>fendit.</span> <span class='ocrx_word' id='word_1_279' title='bbox 728 2860 795 2907; x_wconf 88' lang='lat' dir='ltr'>mani</span> <span class='ocrx_word' id='word_1_280' title='bbox 819 2867 872 2908; x_wconf 89' lang='lat' dir='ltr'>erat</span> <span class='ocrx_word' id='word_1_281' title='bbox 900 2860 1015 2908; x_wconf 80' lang='lat' dir='ltr'>Carinae.</span> <span class='ocrx_word' id='word_1_282' title='bbox 1057 2859 1133 2907; x_wconf 79' lang='lat' dir='ltr'>Forte</span> <span class='ocrx_word' id='word_1_283' title='bbox 1157 2857 1278 2906; x_wconf 82' lang='lat' dir='ltr'>Horatius</span> 
     </span>
    </p>

    <p class='ocr_par' dir='ltr' id='par_1_4' title="bbox 135 2938 1278 3870">
     <span class='ocr_line' id='line_1_31' title="bbox 171 2938 1278 3000; baseline 0.001 -16"><span class='ocrx_word' id='word_1_284' title='bbox 171 2939 211 2984; x_wconf 86' lang='lat' dir='ltr'>Et</span> <span class='ocrx_word' id='word_1_285' title='bbox 227 2940 308 2985; x_wconf 78' lang='lat' dir='ltr'>molus</span> <span class='ocrx_word' id='word_1_286' title='bbox 324 2940 397 2988; x_wconf 80' lang='lat' dir='ltr'>celeri</span> <span class='ocrx_word' id='word_1_287' title='bbox 412 2940 513 2986; x_wconf 85' lang='lat' dir='ltr'>saucius</span> <span class='ocrx_word' id='word_1_288' title='bbox 527 2939 626 3000; x_wconf 80' lang='lat' dir='ltr'>Africo.</span> <span class='ocrx_word' id='word_1_289' title='bbox 655 2940 686 2986; x_wconf 93' lang='grc'>10</span> <span class='ocrx_word' id='word_1_290' title='bbox 727 2938 834 3000; x_wconf 76' lang='lat' dir='ltr'>scripsit:</span> <span class='ocrx_word' id='word_1_291' title='bbox 859 2955 889 2987; x_wconf 90' lang='grc'>00</span> <span class='ocrx_word' id='word_1_292' title='bbox 913 2941 967 2986; x_wconf 79' lang='grc' dir='ltr'>00ιο</span> <span class='ocrx_word' id='word_1_293' title='bbox 985 2938 1094 3000; x_wconf 80' lang='lat' dir='ltr'>funibus</span> <span class='ocrx_word' id='word_1_294' title='bbox 1115 2939 1165 2985; x_wconf 77' lang='lat' dir='ltr'>Via</span> <span class='ocrx_word' id='word_1_295' title='bbox 1182 2940 1278 2986; x_wconf 85' lang='lat' dir='ltr'>durare</span> 
     </span>
     <span class='ocr_line' id='line_1_32' title="bbox 138 3015 1277 3080; baseline 0.003 -19"><span class='ocrx_word' id='word_1_296' title='bbox 138 3028 189 3061; x_wconf 91' lang='lat' dir='ltr'>uno</span> <span class='ocrx_word' id='word_1_297' title='bbox 205 3016 274 3064; x_wconf 87' lang='lat' dir='ltr'>Leid.</span> <span class='ocrx_word' id='word_1_298' title='bbox 301 3024 378 3066; x_wconf 80' lang='lat' dir='ltr'>actus.</span> <span class='ocrx_word' id='word_1_299' title='bbox 414 3017 474 3066; x_wconf 85' lang='lat' dir='ltr'>Alia</span> <span class='ocrx_word' id='word_1_300' title='bbox 498 3031 586 3064; x_wconf 90' lang='lat' dir='ltr'>manus</span> <span class='ocrx_word' id='word_1_301' title='bbox 611 3031 687 3080; x_wconf 88' lang='lat' dir='ltr'>supra</span> <span class='ocrx_word' id='word_1_302' title='bbox 726 3016 813 3064; x_wconf 75' lang='lat' dir='ltr'>cariaci</span> <span class='ocrx_word' id='word_1_303' title='bbox 826 3019 915 3065; x_wconf 81' lang='lat' dir='ltr'>Possis</span> <span class='ocrx_word' id='word_1_304' title='bbox 924 3018 1082 3079; x_wconf 80' lang='lat' dir='ltr'>imperiosius</span> <span class='ocrx_word' id='word_1_305' title='bbox 1094 3015 1199 3077; x_wconf 83' lang='lat' dir='ltr'>Aequor.</span> <span class='ocrx_word' id='word_1_306' title='bbox 1217 3017 1277 3064; x_wconf 87' lang='lat' dir='ltr'>Nou</span> 
     </span>
     <span class='ocr_line' id='line_1_33' title="bbox 138 3081 1276 3158; baseline 0.001 -18"><span class='ocrx_word' id='word_1_307' title='bbox 138 3094 234 3158; x_wconf 90' lang='lat' dir='ltr'>scripsit</span> <span class='ocrx_word' id='word_1_308' title='bbox 249 3099 355 3145; x_wconf 78' lang='grc'>0000000.</span> <span class='ocrx_word' id='word_1_309' title='bbox 390 3096 421 3144; x_wconf 88' lang='grc'>10</span> <span class='ocrx_word' id='word_1_310' title='bbox 442 3110 493 3143; x_wconf 87' lang='grc'>000</span> <span class='ocrx_word' id='word_1_311' title='bbox 510 3095 566 3145; x_wconf 89' lang='lat' dir='ltr'>MS.</span> <span class='ocrx_word' id='word_1_312' title='bbox 584 3081 686 3146; x_wconf 79' lang='lat' dir='ltr'>saucius</span> <span class='ocrx_word' id='word_1_313' title='bbox 726 3094 788 3143; x_wconf 86' lang='lat' dir='ltr'>feres</span> <span class='ocrx_word' id='word_1_314' title='bbox 806 3094 857 3143; x_wconf 88' lang='lat' dir='ltr'>vim</span> <span class='ocrx_word' id='word_1_315' title='bbox 875 3094 990 3157; x_wconf 85' lang='lat' dir='ltr'>aequoris</span> <span class='ocrx_word' id='word_1_316' title='bbox 1007 3093 1092 3142; x_wconf 83' lang='grc'>000100</span> <span class='ocrx_word' id='word_1_317' title='bbox 1108 3097 1166 3151; x_wconf 81' lang='grc'>000,</span> <span class='ocrx_word' id='word_1_318' title='bbox 1183 3109 1213 3142; x_wconf 86' lang='grc'>00</span> <span class='ocrx_word' id='word_1_319' title='bbox 1227 3095 1276 3141; x_wconf 83' lang='grc'>010-</span> 
     </span>
     <span class='ocr_line' id='line_1_34' title="bbox 138 3173 1277 3238; baseline 0.001 -18"><span class='ocrx_word' id='word_1_320' title='bbox 138 3180 174 3220; x_wconf 83' lang='grc'>000</span> <span class='ocrx_word' id='word_1_321' title='bbox 194 3175 303 3223; x_wconf 89' lang='lat' dir='ltr'>deletum</span> <span class='ocrx_word' id='word_1_322' title='bbox 329 3181 353 3224; x_wconf 94' lang='lat' dir='ltr'>et</span> <span class='ocrx_word' id='word_1_323' title='bbox 375 3176 401 3222; x_wconf 91' lang='lat' dir='ltr'>in</span> <span class='ocrx_word' id='word_1_324' title='bbox 422 3176 534 3237; x_wconf 80' lang='lat' dir='ltr'>margine</span> <span class='ocrx_word' id='word_1_325' title='bbox 568 3175 684 3238; x_wconf 87' lang='lat' dir='ltr'>positum.</span> <span class='ocrx_word' id='word_1_326' title='bbox 726 3182 869 3235; x_wconf 87' lang='lat' dir='ltr'>rumpetur,</span> <span class='ocrx_word' id='word_1_327' title='bbox 892 3175 939 3221; x_wconf 86' lang='lat' dir='ltr'>nisi</span> <span class='ocrx_word' id='word_1_328' title='bbox 959 3173 1062 3221; x_wconf 88' lang='lat' dir='ltr'>funibus</span> <span class='ocrx_word' id='word_1_329' title='bbox 1079 3187 1123 3234; x_wconf 91' lang='lat' dir='ltr'>per</span> <span class='ocrx_word' id='word_1_330' title='bbox 1140 3179 1277 3236; x_wconf 86' lang='lat' dir='ltr'>utrumque</span> 
     </span>
     <span class='ocr_line' id='line_1_35' title="bbox 139 3251 1274 3318; baseline -0.002 -18"><span class='ocrx_word' id='word_1_331' title='bbox 139 3252 222 3316; x_wconf 86' lang='lat' dir='ltr'>Supra</span> <span class='ocrx_word' id='word_1_332' title='bbox 243 3255 349 3304; x_wconf 87' lang='lat' dir='ltr'>deletam</span> <span class='ocrx_word' id='word_1_333' title='bbox 375 3269 460 3303; x_wconf 80' lang='lat' dir='ltr'>vocem</span> <span class='ocrx_word' id='word_1_334' title='bbox 476 3254 568 3316; x_wconf 85' lang='lat' dir='ltr'>legitur</span> <span class='ocrx_word' id='word_1_335' title='bbox 579 3256 685 3318; x_wconf 71' lang='lat' dir='ltr'>fractae</span> <span class='ocrx_word' id='word_1_336' title='bbox 725 3252 792 3300; x_wconf 90' lang='lat' dir='ltr'>latus</span> <span class='ocrx_word' id='word_1_337' title='bbox 817 3251 898 3299; x_wconf 90' lang='lat' dir='ltr'>ductis</span> <span class='ocrx_word' id='word_1_338' title='bbox 922 3251 1058 3300; x_wconf 90' lang='lat' dir='ltr'>muniatur.</span> <span class='ocrx_word' id='word_1_339' title='bbox 1099 3251 1217 3313; x_wconf 88' lang='lat' dir='ltr'>Ungerus</span> <span class='ocrx_word' id='word_1_340' title='bbox 1246 3251 1274 3298; x_wconf 91' lang='lat' dir='ltr'>li-</span> 
     </span>
     <span class='ocr_line' id='line_1_36' title="bbox 136 3330 1276 3395; baseline -0.001 -15"><span class='ocrx_word' id='word_1_341' title='bbox 136 3334 267 3395; x_wconf 79' lang='lat' dir='ltr'>impulsus.</span> <span class='ocrx_word' id='word_1_342' title='bbox 309 3335 395 3385; x_wconf 85' lang='lat' dir='ltr'>Codex</span> <span class='ocrx_word' id='word_1_343' title='bbox 424 3333 523 3384; x_wconf 78' lang='lat' dir='ltr'>Graevii</span> <span class='ocrx_word' id='word_1_344' title='bbox 551 3340 625 3383; x_wconf 78' lang='lat' dir='ltr'>actae</span> <span class='ocrx_word' id='word_1_345' title='bbox 654 3339 685 3384; x_wconf 79' lang='lat' dir='ltr'>ab</span> <span class='ocrx_word' id='word_1_346' title='bbox 725 3330 819 3379; x_wconf 90' lang='lat' dir='ltr'>bellum</span> <span class='ocrx_word' id='word_1_347' title='bbox 837 3331 934 3392; x_wconf 83' lang='lat' dir='ltr'>scripsit</span> <span class='ocrx_word' id='word_1_348' title='bbox 951 3331 981 3379; x_wconf 89' lang='lat' dir='ltr'>de</span> <span class='ocrx_word' id='word_1_349' title='bbox 997 3331 1156 3380; x_wconf 67' lang='lat' dir='ltr'>succinctiore</span> <span class='ocrx_word' id='word_1_350' title='bbox 1172 3333 1276 3380; x_wconf 79' lang='lat' dir='ltr'>navium</span> 
     </span>
     <span class='ocr_line' id='line_1_37' title="bbox 137 3410 1276 3478; baseline -0.002 -18"><span class='ocrx_word' id='word_1_351' title='bbox 137 3416 156 3460; x_wconf 89' lang='grc' dir='ltr'><em>Α</em></span> <span class='ocrx_word' id='word_1_352' title='bbox 155 3413 234 3475; x_wconf 83' lang='lat' dir='ltr'>frica</span> <span class='ocrx_word' id='word_1_353' title='bbox 272 3415 347 3464; x_wconf 87' lang='lat' dir='ltr'>Unde</span> <span class='ocrx_word' id='word_1_354' title='bbox 372 3414 484 3463; x_wconf 81' lang='lat' dir='ltr'>Broukh.</span> <span class='ocrx_word' id='word_1_355' title='bbox 506 3414 605 3462; x_wconf 83' lang='lat' dir='ltr'>coniicit</span> <span class='ocrx_word' id='word_1_356' title='bbox 623 3415 684 3478; x_wconf 84' lang='lat' dir='ltr'>fra·</span> <span class='ocrx_word' id='word_1_357' title='bbox 724 3414 794 3473; x_wconf 84' lang='lat' dir='ltr'>apud</span> <span class='ocrx_word' id='word_1_358' title='bbox 812 3417 913 3460; x_wconf 81' lang='lat' dir='ltr'>veteres.</span> <span class='ocrx_word' id='word_1_359' title='bbox 930 3410 1029 3474; x_wconf 77' lang='lat' dir='ltr'>Lipsiae</span> <span class='ocrx_word' id='word_1_360' title='bbox 1051 3426 1072 3458; x_wconf 87' lang='lat' dir='ltr'>a.</span> <span class='ocrx_word' id='word_1_361' title='bbox 1096 3411 1166 3461; x_wconf 80' lang='lat'>1760.</span> <span class='ocrx_word' id='word_1_362' title='bbox 1183 3412 1276 3473; x_wconf 89' lang='lat' dir='ltr'>praeci-</span> 
     </span>
     <span class='ocr_line' id='line_1_38' title="bbox 136 3488 1275 3556; baseline 0.001 -19"><span class='ocrx_word' id='word_1_363' title='bbox 136 3497 191 3539; x_wconf 80' lang='lat' dir='ltr'>ctus</span> <span class='ocrx_word' id='word_1_364' title='bbox 209 3496 240 3541; x_wconf 85' lang='lat' dir='ltr'>ab</span> <span class='ocrx_word' id='word_1_365' title='bbox 254 3496 272 3540; x_wconf 88' lang='lat' dir='ltr'><strong><em>A</em></strong></span> <span class='ocrx_word' id='word_1_366' title='bbox 272 3493 350 3556; x_wconf 84' lang='lat' dir='ltr'>frica</span> <span class='ocrx_word' id='word_1_367' title='bbox 386 3495 494 3542; x_wconf 76' lang='lat' dir='ltr'>Saucius</span> <span class='ocrx_word' id='word_1_368' title='bbox 514 3507 563 3541; x_wconf 89' lang='lat' dir='ltr'>non</span> <span class='ocrx_word' id='word_1_369' title='bbox 580 3507 682 3541; x_wconf 86' lang='lat' dir='ltr'>moven—</span> <span class='ocrx_word' id='word_1_370' title='bbox 723 3504 771 3552; x_wconf 90' lang='lat' dir='ltr'>pue</span> <span class='ocrx_word' id='word_1_371' title='bbox 788 3497 816 3537; x_wconf 93' lang='grc'>00</span> <span class='ocrx_word' id='word_1_372' title='bbox 837 3490 988 3546; x_wconf 86' lang='lat' dir='ltr'>ostenderet,</span> <span class='ocrx_word' id='word_1_373' title='bbox 1011 3488 1122 3537; x_wconf 90' lang='lat' dir='ltr'>homines</span> <span class='ocrx_word' id='word_1_374' title='bbox 1143 3489 1203 3538; x_wconf 90' lang='lat' dir='ltr'>olim</span> <span class='ocrx_word' id='word_1_375' title='bbox 1224 3505 1275 3538; x_wconf 89' lang='lat' dir='ltr'>non</span> 
     </span>
     <span class='ocr_line' id='line_1_39' title="bbox 137 3566 1275 3633; baseline 0.001 -17"><span class='ocrx_word' id='word_1_376' title='bbox 137 3571 205 3618; x_wconf 90' lang='lat' dir='ltr'>dum.</span> <span class='ocrx_word' id='word_1_377' title='bbox 248 3571 402 3633; x_wconf 89' lang='lat' dir='ltr'>Usurpatum</span> <span class='ocrx_word' id='word_1_378' title='bbox 433 3569 480 3617; x_wconf 91' lang='lat' dir='ltr'>hoc</span> <span class='ocrx_word' id='word_1_379' title='bbox 509 3577 533 3616; x_wconf 88' lang='lat' dir='ltr'>et</span> <span class='ocrx_word' id='word_1_380' title='bbox 558 3570 589 3618; x_wconf 87' lang='grc'>00</span> <span class='ocrx_word' id='word_1_381' title='bbox 614 3571 683 3628; x_wconf 90' lang='lat' dir='ltr'>aliis,</span> <span class='ocrx_word' id='word_1_382' title='bbox 724 3566 801 3615; x_wconf 88' lang='lat' dir='ltr'>solere</span> <span class='ocrx_word' id='word_1_383' title='bbox 818 3568 915 3614; x_wconf 88' lang='lat' dir='ltr'>carinas</span> <span class='ocrx_word' id='word_1_384' title='bbox 936 3566 1037 3615; x_wconf 89' lang='lat' dir='ltr'>funibus</span> <span class='ocrx_word' id='word_1_385' title='bbox 1059 3567 1195 3630; x_wconf 90' lang='lat' dir='ltr'>subligare.</span> <span class='ocrx_word' id='word_1_386' title='bbox 1220 3568 1275 3617; x_wconf 88' lang='lat' dir='ltr'>Nec</span> 
     </span>
     <span class='ocr_line' id='line_1_40' title="bbox 136 3646 1274 3712; baseline 0.002 -18"><span class='ocrx_word' id='word_1_387' title='bbox 136 3647 209 3696; x_wconf 88' lang='lat' dir='ltr'>sicuti</span> <span class='ocrx_word' id='word_1_388' title='bbox 227 3655 251 3696; x_wconf 89' lang='lat' dir='ltr'>et</span> <span class='ocrx_word' id='word_1_389' title='bbox 268 3651 422 3707; x_wconf 73' lang='grc'>0010000000,</span> <span class='ocrx_word' id='word_1_390' title='bbox 440 3654 465 3696; x_wconf 91' lang='grc'>00</span> <span class='ocrx_word' id='word_1_391' title='bbox 482 3650 682 3712; x_wconf 67' lang='grc' dir='ltr'>τραυματισθείς.</span> <span class='ocrx_word' id='word_1_392' title='bbox 723 3661 781 3695; x_wconf 86' lang='lat' dir='ltr'>vero</span> <span class='ocrx_word' id='word_1_393' title='bbox 803 3652 855 3694; x_wconf 88' lang='lat' dir='ltr'>tam</span> <span class='ocrx_word' id='word_1_394' title='bbox 881 3647 972 3696; x_wconf 88' lang='lat' dir='ltr'>diserta</span> <span class='ocrx_word' id='word_1_395' title='bbox 991 3646 1045 3696; x_wconf 91' lang='lat' dir='ltr'>eius</span> <span class='ocrx_word' id='word_1_396' title='bbox 1069 3648 1106 3696; x_wconf 89' lang='lat' dir='ltr'>rei</span> <span class='ocrx_word' id='word_1_397' title='bbox 1121 3649 1214 3696; x_wconf 91' lang='lat' dir='ltr'>mentio</span> <span class='ocrx_word' id='word_1_398' title='bbox 1231 3663 1274 3698; x_wconf 85' lang='lat' dir='ltr'>ex-</span> 
     </span>
     <span class='ocr_line' id='line_1_41' title="bbox 135 3722 1273 3789; baseline -0.001 -13"><span class='ocrx_word' id='word_1_399' title='bbox 135 3728 195 3776; x_wconf 89' lang='lat' dir='ltr'>Vid.</span> <span class='ocrx_word' id='word_1_400' title='bbox 211 3728 331 3776; x_wconf 81' lang='lat' dir='ltr'>Burman.</span> <span class='ocrx_word' id='word_1_401' title='bbox 349 3727 380 3774; x_wconf 92' lang='lat' dir='ltr'>ad</span> <span class='ocrx_word' id='word_1_402' title='bbox 397 3726 481 3775; x_wconf 88' lang='lat' dir='ltr'>Valer.</span> <span class='ocrx_word' id='word_1_403' title='bbox 499 3722 614 3775; x_wconf 75' lang='lat' dir='ltr'>Flacei&#39;I.</span> <span class='ocrx_word' id='word_1_404' title='bbox 633 3728 682 3776; x_wconf 90' lang='lat' dir='ltr'>Ar·</span> <span class='ocrx_word' id='word_1_405' title='bbox 723 3732 788 3775; x_wconf 90' lang='lat' dir='ltr'>stare</span> <span class='ocrx_word' id='word_1_406' title='bbox 806 3727 918 3783; x_wconf 84' lang='lat' dir='ltr'>videtur,</span> <span class='ocrx_word' id='word_1_407' title='bbox 943 3741 1018 3789; x_wconf 91' lang='lat' dir='ltr'>quam</span> <span class='ocrx_word' id='word_1_408' title='bbox 1039 3726 1079 3774; x_wconf 89' lang='lat' dir='ltr'>hic</span> <span class='ocrx_word' id='word_1_409' title='bbox 1101 3727 1167 3788; x_wconf 91' lang='lat' dir='ltr'>apud</span> <span class='ocrx_word' id='word_1_410' title='bbox 1192 3727 1273 3775; x_wconf 86' lang='lat' dir='ltr'>Hora-</span> 
     </span>
     <span class='ocr_line' id='line_1_42' title="bbox 135 3807 1273 3870; baseline 0.002 -15"><span class='ocrx_word' id='word_1_411' title='bbox 135 3823 192 3870; x_wconf 91' lang='lat' dir='ltr'>gon.</span> <span class='ocrx_word' id='word_1_412' title='bbox 210 3807 266 3855; x_wconf 80' lang='lat'>480.</span> <span class='ocrx_word' id='word_1_413' title='bbox 723 3808 797 3863; x_wconf 84' lang='lat' dir='ltr'>tium,</span> <span class='ocrx_word' id='word_1_414' title='bbox 828 3822 902 3869; x_wconf 91' lang='lat' dir='ltr'>quem</span> <span class='ocrx_word' id='word_1_415' title='bbox 930 3814 1014 3855; x_wconf 89' lang='lat' dir='ltr'>tamen</span> <span class='ocrx_word' id='word_1_416' title='bbox 1039 3808 1157 3869; x_wconf 88' lang='lat' dir='ltr'>Ungerus</span> <span class='ocrx_word' id='word_1_417' title='bbox 1182 3810 1273 3857; x_wconf 88' lang='lat' dir='ltr'>omisit.</span> 
     </span>
    </p>

    <p class='ocr_par' dir='ltr' id='par_1_5' title="bbox 134 3885 1273 4343">
     <span class='ocr_line' id='line_1_43' title="bbox 172 3885 1273 3949; baseline 0.003 -17"><span class='ocrx_word' id='word_1_418' title='bbox 172 3888 222 3934; x_wconf 79' lang='lat' dir='ltr'>Vir</span> <span class='ocrx_word' id='word_1_419' title='bbox 239 3888 334 3934; x_wconf 83' lang='lat' dir='ltr'>durare</span> <span class='ocrx_word' id='word_1_420' title='bbox 350 3885 452 3933; x_wconf 75' lang='grc'>0001000</span> <span class='ocrx_word' id='word_1_421' title='bbox 486 3887 592 3934; x_wconf 79' lang='lat' dir='ltr'>Possint</span> <span class='ocrx_word' id='word_1_422' title='bbox 603 3887 682 3949; x_wconf 81' lang='lat' dir='ltr'>impe-</span> <span class='ocrx_word' id='word_1_423' title='bbox 722 3886 781 3934; x_wconf 89' lang='lat' dir='ltr'>Huc</span> <span class='ocrx_word' id='word_1_424' title='bbox 805 3886 934 3935; x_wconf 85' lang='lat' dir='ltr'>referenda</span> <span class='ocrx_word' id='word_1_425' title='bbox 958 3901 1011 3934; x_wconf 89' lang='lat' dir='ltr'>csse</span> <span class='ocrx_word' id='word_1_426' title='bbox 1037 3894 1097 3948; x_wconf 91' lang='lat' dir='ltr'>puto</span> <span class='ocrx_word' id='word_1_427' title='bbox 1124 3885 1196 3935; x_wconf 82' lang='lat' dir='ltr'>Orid.</span> <span class='ocrx_word' id='word_1_428' title='bbox 1223 3887 1273 3935; x_wconf 89' lang='lat' dir='ltr'>XI.</span> 
     </span>
     <span class='ocr_line' id='line_1_44' title="bbox 134 3951 1272 4027; baseline 0.002 -15"><span class='ocrx_word' id='word_1_429' title='bbox 134 3966 224 4012; x_wconf 79' lang='lat' dir='ltr'>ru&#39;ost&#39;us</span> <span class='ocrx_word' id='word_1_430' title='bbox 242 3951 350 4026; x_wconf 82' lang='lat' dir='ltr'>Aequor.</span> <span class='ocrx_word' id='word_1_431' title='bbox 386 3962 478 4011; x_wconf 74' lang='lat' dir='ltr'>Poetae</span> <span class='ocrx_word' id='word_1_432' title='bbox 495 3977 566 4027; x_wconf 89' lang='lat' dir='ltr'>saepe</span> <span class='ocrx_word' id='word_1_433' title='bbox 576 3969 682 4011; x_wconf 88' lang='lat' dir='ltr'>utuntur</span> <span class='ocrx_word' id='word_1_434' title='bbox 723 3965 784 4014; x_wconf 89' lang='lat' dir='ltr'>Met.</span> <span class='ocrx_word' id='word_1_435' title='bbox 810 3966 866 4013; x_wconf 83' lang='lat'>485.</span> <span class='ocrx_word' id='word_1_436' title='bbox 893 3965 977 4012; x_wconf 82' lang='lat' dir='ltr'>coiirta</span> <span class='ocrx_word' id='word_1_437' title='bbox 1001 3964 1084 4012; x_wconf 92' lang='lat' dir='ltr'>subito</span> <span class='ocrx_word' id='word_1_438' title='bbox 1113 3971 1272 4027; x_wconf 86' lang='lat' dir='ltr'>tempestate:</span> 
     </span>
     <span class='ocr_line' id='line_1_45' title="bbox 134 4043 1273 4107; baseline 0.004 -18"><span class='ocrx_word' id='word_1_439' title='bbox 134 4058 237 4091; x_wconf 90' lang='lat' dir='ltr'>numero</span> <span class='ocrx_word' id='word_1_440' title='bbox 248 4043 340 4105; x_wconf 87' lang='lat' dir='ltr'>plurali</span> <span class='ocrx_word' id='word_1_441' title='bbox 352 4057 397 4105; x_wconf 88' lang='lat' dir='ltr'>pro</span> <span class='ocrx_word' id='word_1_442' title='bbox 408 4043 596 4104; x_wconf 87' lang='lat' dir='ltr'>singulari,sed</span> <span class='ocrx_word' id='word_1_443' title='bbox 609 4057 680 4090; x_wconf 80' lang='grc'>0000-</span> <span class='ocrx_word' id='word_1_444' title='bbox 724 4047 818 4107; x_wconf 83' lang='lat' dir='ltr'>Spcute</span> <span class='ocrx_word' id='word_1_445' title='bbox 843 4051 927 4093; x_wconf 85' lang='lat' dir='ltr'>tamen</span> <span class='ocrx_word' id='word_1_446' title='bbox 953 4050 1092 4107; x_wconf 82' lang='lat' dir='ltr'>properant</span> <span class='ocrx_word' id='word_1_447' title='bbox 1113 4047 1159 4092; x_wconf 80' lang='lat' dir='ltr'>alii</span> <span class='ocrx_word' id='word_1_448' title='bbox 1180 4049 1273 4094; x_wconf 79' lang='grc'>00000-</span> 
     </span>
     <span class='ocr_line' id='line_1_46' title="bbox 134 4120 1273 4186; baseline 0.003 -19"><span class='ocrx_word' id='word_1_449' title='bbox 134 4136 222 4182; x_wconf 88' lang='lat' dir='ltr'>quam,</span> <span class='ocrx_word' id='word_1_450' title='bbox 240 4121 286 4168; x_wconf 83' lang='lat' dir='ltr'>nisi</span> <span class='ocrx_word' id='word_1_451' title='bbox 303 4121 328 4167; x_wconf 90' lang='lat' dir='ltr'>in</span> <span class='ocrx_word' id='word_1_452' title='bbox 344 4120 437 4183; x_wconf 85' lang='lat' dir='ltr'>plurali</span> <span class='ocrx_word' id='word_1_453' title='bbox 455 4122 532 4169; x_wconf 88' lang='lat' dir='ltr'>maior</span> <span class='ocrx_word' id='word_1_454' title='bbox 550 4121 681 4185; x_wconf 85' lang='lat' dir='ltr'>aliquavis</span> <span class='ocrx_word' id='word_1_455' title='bbox 716 4127 776 4172; x_wconf 84' lang='lat' dir='ltr'>&#39;cere</span> <span class='ocrx_word' id='word_1_456' title='bbox 792 4139 877 4173; x_wconf 81' lang='lat' dir='ltr'>remos.</span> <span class='ocrx_word' id='word_1_457' title='bbox 905 4127 977 4171; x_wconf 86' lang='lat' dir='ltr'>Pars</span> <span class='ocrx_word' id='word_1_458' title='bbox 994 4124 1093 4172; x_wconf 83' lang='lat' dir='ltr'>munire</span> <span class='ocrx_word' id='word_1_459' title='bbox 1109 4125 1184 4181; x_wconf 81' lang='grc'>10000,</span> <span class='ocrx_word' id='word_1_460' title='bbox 1208 4141 1273 4186; x_wconf 80' lang='lat' dir='ltr'>pars</span> 
     </span>
     <span class='ocr_line' id='line_1_47' title="bbox 134 4199 1273 4263; baseline 0.005 -20"><span class='ocrx_word' id='word_1_461' title='bbox 134 4206 253 4262; x_wconf 80' lang='lat' dir='ltr'>ponatur,</span> <span class='ocrx_word' id='word_1_462' title='bbox 270 4215 293 4246; x_wconf 85' lang='grc'>0.</span> <span class='ocrx_word' id='word_1_463' title='bbox 312 4214 332 4247; x_wconf 95' lang='lat' dir='ltr'>c.</span> <span class='ocrx_word' id='word_1_464' title='bbox 345 4199 485 4260; x_wconf 82' lang='lat' dir='ltr'>gravitatis,</span> <span class='ocrx_word' id='word_1_465' title='bbox 497 4200 679 4262; x_wconf 85' lang='lat' dir='ltr'>indignationis,</span> <span class='ocrx_word' id='word_1_466' title='bbox 720 4205 802 4251; x_wconf 75' lang='grc'>000010</span> <span class='ocrx_word' id='word_1_467' title='bbox 821 4203 875 4250; x_wconf 84' lang='grc'>0010</span> <span class='ocrx_word' id='word_1_468' title='bbox 891 4216 987 4263; x_wconf 69' lang='lat' dir='ltr'>regare.</span> <span class='ocrx_word' id='word_1_469' title='bbox 1021 4200 1082 4249; x_wconf 72' lang='lat' dir='ltr'>Vid.</span> <span class='ocrx_word' id='word_1_470' title='bbox 1096 4200 1229 4250; x_wconf 86' lang='lat' dir='ltr'>Goellerus</span> <span class='ocrx_word' id='word_1_471' title='bbox 1240 4202 1273 4249; x_wconf 90' lang='lat' dir='ltr'>ad</span> 
     </span>
     <span class='ocr_line' id='line_1_48' title="bbox 135 4279 933 4343; baseline -0.003 -16"><span class='ocrx_word' id='word_1_472' title='bbox 135 4279 173 4328; x_wconf 87' lang='grc'>001</span> <span class='ocrx_word' id='word_1_473' title='bbox 199 4294 227 4326; x_wconf 90' lang='lat' dir='ltr'>ea</span> <span class='ocrx_word' id='word_1_474' title='bbox 251 4279 405 4326; x_wconf 85' lang='lat' dir='ltr'>substantiva</span> <span class='ocrx_word' id='word_1_475' title='bbox 430 4279 603 4341; x_wconf 83' lang='lat' dir='ltr'>cogitationem</span> <span class='ocrx_word' id='word_1_476' title='bbox 630 4294 678 4328; x_wconf 89' lang='lat' dir='ltr'>non</span> <span class='ocrx_word' id='word_1_477' title='bbox 722 4280 835 4343; x_wconf 81' lang='lat' dir='ltr'>Thucyd.</span> <span class='ocrx_word' id='word_1_478' title='bbox 853 4279 874 4326; x_wconf 94' lang='grc' dir='ltr'>Ι.</span> <span class='ocrx_word' id='word_1_479' title='bbox 893 4280 933 4326; x_wconf 85' lang='lat'>29.</span> 
     </span>
    </p>
   </div>
   <div class='ocr_carea' id='block_1_4' title="bbox 0 0 1462 5220">
    <p class='ocr_par' dir='ltr' id='par_1_6' title="bbox 0 0 1462 5220">
     <span class='ocr_line' id='line_1_49' title="bbox 0 0 1462 5220; baseline 0 4"><span class='ocrx_word' id='word_1_480' title='bbox 0 0 1462 5220; x_wconf 95' lang='lat' dir='ltr'> </span> 
     </span>
    </p>
   </div>
  </div>
 </body>
</html>
