2916 5220
573 340 891 406 (tnttltNttt

338 533 383 597 tit
405 531 548 596 militavi
572 551 637 593 non
661 528 732 594 siue
754 528 876 612 gloria:

379 634 476 699 Nunc
500 654 592 698 arma
614 631 873 716 defunctumque
896 629 985 694 bello

425 737 584 802 Barbitou
608 735 662 800 hic
685 735 792 820 paries
815 734 951 799 habebit
975 783 984 817 ,

335 844 475 907 Munna
495 844 639 906 rnuriuoe
661 842 714 924 qui
744 839 873 902 Veneris
896 837 980 901 lutus

339 943 490 1011 Custodit.
539 945 623 1026 Hic,
647 943 697 1008 bic
712 946 825 1028 ponite
847 941 954 1007 lucido

383 1048 522 1113 Fuiutliu
543 1056 573 1112 et
595 1055 694 1111 uectae
716 1055 746 1110 ct
770 1066 865 1110 orcus

431 1150 596 1236 Oppositus
608 1147 741 1233 sort'bua
764 1152 911 1213 minaeus.

338 1253 385 1336 Ο,
410 1274 493 1339 quae
516 1253 647 1318 beatam
672 1250 759 1316 Diva
781 1256 872 1316 tenes
899 1250 1043 1336 Cyprum
1076 1257 1112 1315 et

338 1356 509 1442 Memphin
533 1362 698 1422 carentem
722 1354 875 1421 Sithonia
897 1355 987 1437 nive,
1061 1440 1065 1445 .

385 1459 529 1544 Regina,
554 1457 690 1523 sublimi
713 1456 845 1542 flagello

426 1561 536 1647 Tange
560 1560 685 1626 Chloen
710 1557 811 1624 semel
835 1566 1053 1644 arrogantem.

193 1738 269 1789 Nunc
301 1755 375 1787 urum
411 1738 606 1802 defunctumque
636 1737 707 1785 tello.
747 1734 888 1783 dedicatum
906 1734 986 1784 finxit.
1023 1734 1152 1785 Venerem
1168 1739 1283 1786 neminum

160 1819 190 1867 P.
207 1819 343 1868 Brantsma
363 1818 388 1865 in
411 1817 517 1880 specim.
535 1816 639 1866 Observ.
656 1815 706 1864 III.
747 1827 798 1861 non
815 1812 852 1860 ita
868 1814 1026 1877 appellabant
1046 1822 1155 1874 veteres,
1177 1817 1233 1880 quin
1247 1815 1285 1865 ali·

159 1912 216 1961 pag.
242 1899 282 1946 21.
313 1897 412 1946 volebat
441 1896 604 1960 defunctique
632 1897 706 1944 telio.-
747 1898 878 1955 quiesset
896 1905 997 1950 caussa,
1021 1908 1046 1942 v.
1064 1908 1089 1957 g.
1111 1894 1133 1942 ai
1156 1895 1211 1958 quis
1231 1895 1288 1943 meri

159 1978 221 2025 dum
237 1976 342 2040 prolatis
356 1976 477 2039 exemplis
500 1976 646 2038 interpretes
666 1975 707 2023 do·
748 1976 832 2019 vectus
852 1971 934 2020 Deam
954 1971 1077 2020 auxilinm
1097 1981 1199 2036 rogaret
1214 1981 1289 2023 ortum

159 2056 252 2104 cebnnt
280 2055 370 2105 Latine
396 2054 445 2103 dici
473 2055 622 2118 &functum
647 2055 709 2102 tello
748 2065 779 2098 eu
808 2050 884 2098 niun.
919 2050 1023 2100 uiueres
1045 2051 1143 2101 Romae
1174 2054 1291 2117 ternplum

160 2137 283 2184 barbiton.
311 2133 360 2184 Sed
377 2133 524 2196 defunctum
541 2134 616 2197 plane
628 2139 708 2181 estex
748 2128 824 2179 fuisse
832 2132 947 2179 ffureru
958 2132 1090 2182 Marinae.
1123 2133 1210 2195 Quam
1227 2133 1293 2183 affec«

160 2213 338 2262 consuetudine
354 2214 505 2277 optimorum
515 2212 708 2276 poetarumqui
728 2262 730 2289 Ι
749 2215 830 2258 tatum
846 2225 931 2274 porro:
956 2213 1037 2275 peries
1060 2215 1174 2262 custodit
1197 2214 1293 2263 laetum

160 2291 232 2341 varie
252 2293 373 2341 adiectiva
395 2292 427 2340 ab
446 2292 587 2341 hominibus
612 2293 643 2340 ad
669 2306 709 2341 rea
748 2288 816 2337 latus
837 2291 957 2349 Veneris,
981 2306 1028 2355 pro
1051 2292 1176 2355 simplici:
1201 2295 1244 2357 qui
1260 2300 1294 2344 eat

160 2371 321 2421 transferunt.
346 2372 420 2434 Quod
438 2373 540 2421 anullo
560 2373 610 2422 fere
631 2373 706 2420 inter·
750 2369 781 2415 sd
798 2369 897 2418 lacrum
914 2371 994 2420 latus!

160 2457 230 2513 prete
246 2465 296 2500 nou
309 2451 468 2500 observatum
484 2457 529 2500 est.
548 2451 576 2501 Si
588 2451 614 2499 iu
630 2451 706 2501 MSS.
782 2450 850 2505 Hw,
870 2451 917 2498 llic·
942 2448 1033 2512 Inepte
1050 2450 1166 2513 repetitio
1177 2453 1204 2500 in
1217 2467 1244 2501 re
1261 2458 1295 2501 tt-

161 2530 286 2593 legeretur
303 2529 464 2594 defunctique
480 2532 554 2590 bellu,
571 2545 617 2594 ego
633 2531 708 2578 corri-
749 2526 801 2576 uui.

162 2623 246 2670 geram
262 2608 417 2671 defunctum.
440 2608 608 2672 comparandi
624 2616 708 2659 autem
783 2608 881 2655 Lucida
892 2607 1010 2670 funalia.
1031 2608 1102 2658 Haec
1118 2616 1144 2658 et
1162 2609 1214 2658 alia
1226 2626 1299 2659 ormo

163 2687 202 2735 hic
227 2694 287 2735 sunt
312 2702 396 2736 versus
422 2689 502 2751 ignoti
522 2690 620 2752 potitae,
645 2704 708 2752 quos
750 2685 1244 2752 excogitaritGrammaticus‚quianon
1260 2689 1298 2737 iu-

162 2767 270 2815 servavit
287 2767 453 2816 Terentianus
465 2768 571 2816 Maurus
586 2784 622 2816 vs.
634 2769 708 2817 2830.
750 2764 881 2814 tellexerat
897 2767 1031 2816 Horatium
1043 2781 1119 2829 supra
1129 2767 1241 2831 figurate
1249 2783 1302 2819 esse

166 2846 259 2906 Opinio
283 2849 390 2909 opposui
416 2862 490 2895 renes
521 2850 610 2896 Anioni
636 2864 709 2897 urnae
751 2843 869 2893 locutum.
896 2846 952 2894 Iam
962 2846 1038 2909 soree
1053 2847 1121 2896 male
1137 2850 1302 2897 nominantur

164 2925 286 2973 Feretrio.
751 2925 857 2972 lucidae.
889 2923 979 2985 Faces,
996 2940 1061 2988 quae
1076 2925 1143 2975 ballo
1169 2928 1302 2977 defunctae

196 3005 326 3054 Barttun
351 3008 392 3056 tte
419 3009 507 3068 partu
535 3008 641 3056 moeste.
674 3009 709 3057 m
729 3052 731 3065 ,
751 3009 811 3051 sunt
832 3010 987 3062 consumtis,
1009 3019 1060 3053 non
1085 3012 1201 3063 exstant,
1225 3007 1253 3054 in
1269 3009 1302 3056 ci·

163 3081 254 3132 milites
271 3086 376 3134 emeritis
393 3085 521 3148 stipendiis
537 3100 608 3134 arma
624 3087 650 3134 in
667 3102 709 3150 pa·
729 3068 821 3131 lueres
841 3084 932 3147 quippe
952 3085 1074 3148 delapsae.
1100 3087 1135 3134 lit
1157 3088 1215 3150 quis
1236 3087 1302 3137 iaces

163 3160 224 3212 riete
245 3165 399 3227 suspendunt
426 3173 450 3214 et
471 3167 557 3228 poetae
580 3167 708 3216 citharam.
750 3163 1030 3224 ardentes‚lncidas,in
1046 3167 1140 3229 pariete
1152 3167 1241 3230 templi
1250 3180 1302 3216 sue-

163 3241 296 3303 Horatius,
320 3245 380 3308 quia
407 3246 505 3293 dixerat
529 3259 555 3294 se
580 3259 630 3294 nou
656 3247 710 3295 sina
750 3243 881 3305 penderet?
906 3245 1020 3309 Apparet
1034 3247 1119 3295 lucida
1136 3260 1192 3296 esse
1209 3247 1301 3310 epithe-

164 3321 245 3383 glorie
260 3323 388 3382 militasse,
397 3323 503 3386 figurate
511 3325 591 3384 addit,
601 3339 627 3373 ee
636 3341 710 3375 eruta
751 3329 794 3371 ton
811 3321 884 3371 metri
901 3336 990 3371 caussa
1006 3323 1101 3373 fictum.

163 3403 324 3464 suspendere,
349 3417 407 3450 vere
430 3405 571 3452 ditarunt:
597 3404 645 3451 hoc
661 3411 709 3464 est,
788 3405 873 3453 Vestes
889 3408 914 3450 et
931 3418 1014 3452 arsur.
1048 3405 1083 3452 lit
1104 3403 1145 3452 hic
1168 3405 1301 3456 Gramma·

164 3493 189 3527 se
207 3479 317 3529 desinere
329 3487 353 3529 ct
373 3496 456 3530 amare
471 3488 496 3530 et
507 3497 602 3531 amores
613 3498 709 3534 canere.
751 3480 814 3529 ticus
831 3481 969 3530 nominarit
977 3497 1059 3540 arma,
1076 3496 1141 3546 quae
1151 3485 1237 3533 versui
1245 3499 1301 3535 con·

164 3561 219 3607 Hic
233 3562 331 3620 paries,
348 3560 408 3622 quia
424 3560 501 3623 digito
517 3563 623 3611 ostendit
632 3564 710 3626 parie·
751 3561 869 3609 venirent.
895 3561 962 3623 Quid
979 3562 1029 3609 hnc
1045 3560 1139 3610 faciant
1156 3578 1243 3621 orcus,
1260 3579 1301 3613 ex·

164 3644 214 3685 tem
231 3639 257 3686 in
273 3639 358 3695 domo,
376 3638 419 3687 ubi
430 3640 515 3687 statim
531 3640 640 3690 barbitos
651 3658 710 3705 pen-
751 3638 839 3701 plicari
855 3653 905 3687 nou
921 3645 1009 3703 potest.
1031 3641 1120 3703 Neque
1136 3656 1170 3690 ex
1188 3641 1302 3704 plurimis

164 3717 239 3765 deret.
265 3716 337 3778 Quod
355 3724 488 3782 antequam
505 3719 709 3778 facit‚Venerem
751 3718 896 3766 coniecturis
913 3719 1079 3782 interpretum
1096 3721 1300 3785 ullaestproba-

164 3803 290 3858 precatur,
308 3803 337 3844 ut
356 3797 431 3846 semel
449 3798 523 3845 etiam
542 3797 639 3848 Chloen
656 3807 709 3848 tan·
751 3797 821 3859 bilis,
838 3800 885 3847 nisi
901 3798 1060 3848 Bentleiana:
1075 3814 1231 3865 securesque.

164 3882 214 3936 gat.
248 3876 311 3924 Tam
329 3875 462 3924 difficulter
479 3877 511 3925 ab
528 3877 653 3926 amoribus
670 3894 710 3927 re·
784 3881 894 3929 Sublimi
903 3880 1008 3942 flapello
1028 3881 1115 3942 Tuupe
1133 3879 1235 3930 cuttu.
1253 3882 1301 3930 Le·

164 3955 234 4002 cedit.
265 3955 357 4002 Exitus
379 3956 494 4003 carminis
519 3957 710 4019 inexspectatus,
751 3959 816 4007 viter
832 3966 915 4022 tange,
932 3959 1045 4017 sublimi,
1062 3966 1244 4023 summaparte
1260 3959 1302 4008 fla·

163 4033 214 4083 fere
239 4041 267 4082 ut
292 4034 342 4083 IV.
368 4033 452 4084 Carm.
477 4035 498 4083 l.
522 4035 634 4083 sedeur
651 4037 710 4096 teu,
750 4036 823 4100 gelli,
845 4052 895 4087 non
916 4043 969 4086 toto
994 4037 1104 4100 flagello.
1138 4038 1216 4088 Levis
1238 4039 1303 4087 ictus

163 4113 297 4176 Lipurine,
314 4129 361 4163 cur
377 4118 439 4162 caet.
749 4115 896 4165 sufficiebat.
915 4116 1012 4167 Statius
1021 4115 1055 4165 V.
1075 4115 1139 4166 silv.
1150 4118 1174 4165 4.
1193 4117 1226 4165 ad
1237 4131 1303 4166 eom·

198 4194 308 4242 Laetum
324 4195 440 4242 murinae
455 4195 499 4256 qui
520 4195 623 4242 Veneria
640 4196 710 4243 lutus
750 4210 824 4243 num:
846 4210 890 4244 nee
915 4201 939 4244 te
960 4201 1027 4244 totus
1048 4195 1186 4258 infundere
1206 4210 1303 4258 pennos

165 4271 291 4322 Caetodit.
317 4272 382 4332 Quia
398 4286 458 4320 mox
467 4271 556 4321 Venus
574 4273 709 4333 invocatur,
752 4276 903 4323 Luminibue
919 4275 1126 4338 conputamus:
1143 4279 1306 4323 euuanonre

164 4349 347 4400 Grammaticus
359 4352 473 4399 barbiton
491 4350 624 4414 intemplo
641 4353 710 4402 Deae
752 4361 826 4417 tanne
842 4355 971 4404 curamine
986 4354 1079 4417 uirque.
1104 4352 1177 4403 Idem
1194 4353 1216 4402 1.
1239 4353 1304 4403 silv.
