2916 5220
678 318 700 380 li
725 317 801 380 Po
826 319 855 382 D
879 321 907 380 l)
934 320 964 382 N

419 500 618 586 Frustinque
642 502 749 566 vincla
772 503 901 586 gutturi
926 509 1035 568 nectes
1060 510 1136 585 tuo,

419 605 605 669 Fastidiose
628 605 733 670 tristis
757 606 968 690 aegrimonia.

420 709 579 773 Vectabor
602 708 745 773 humeris
770 715 849 773 tunc
873 731 934 794 ego
958 710 1101 776 inimicis
1125 733 1241 796 eques,

418 813 573 897 Meaeque
596 817 681 877 terra
703 812 797 877 cedet
819 811 1024 879 insolentiae.

416 915 486 996 An,
512 937 595 1000 quae
618 937 748 979 movere
771 937 877 980 cereas
902 915 1084 1001 imagines,

418 1018 465 1083 Ut
489 1018 559 1103 ipse
582 1017 670 1082 nosti
693 1016 855 1100 curiosus,
881 1024 914 1083 et
936 1020 1013 1104 polo
1146 1007 1150 1016 ¹

418 1121 572 1205 Deripere
595 1122 711 1185 lunam
733 1121 868 1186 vocibus
892 1123 1016 1206 possim
1040 1124 1142 1205 meis,

418 1225 548 1290 Possim
573 1230 732 1289 crematos
756 1225 898 1290 excitare
921 1233 1067 1290 mortuos

417 1329 630 1413 Desiderlque
654 1334 836 1411 temperare
859 1329 1034 1412 poculum,

418 1432 548 1496 Plorem
571 1430 670 1512 artis,
695 1429 730 1493 in
754 1435 786 1495 te
810 1430 858 1493 nil
882 1431 1030 1515 agentis,
1054 1432 1202 1497 exilum?

237 1640 334 1687 Auson.
352 1653 409 1702 pag.
427 1639 484 1689 777.
519 1636 609 1686 Malim
633 1637 659 1684 in
680 1633 786 1684 Horatio
868 1636 904 1683 Ut
922 1637 976 1699 ipae
997 1639 1063 1686 acati
1079 1640 1200 1688 auriane.
1230 1638 1289 1689 MS.
1308 1639 1384 1688 Voss.

238 1717 331 1780 legere:
356 1719 426 1766 Voles
448 1719 517 1765 iiuada
534 1718 596 1764 aliia
617 1717 719 1765 deaiiire
740 1731 784 1762 ra·
829 1716 960 1763 curiosius.
1004 1715 1052 1764 Hic
1087 1723 1170 1765 autern
1205 1718 1281 1766 valde
1310 1719 1381 1766 dissi-

237 1799 318 1858 pibaa.
340 1799 435 1845 Turres
451 1795 494 1859 qui
512 1797 537 1844 in
555 1795 600 1843 tali
622 1810 649 1844 re
665 1809 785 1844 memora·
829 1792 888 1840 dent
916 1795 1080 1858 interpretes,
1111 1797 1171 1859 quid
1196 1798 1228 1845 sit
1257 1799 1381 1846 cariam.

237 1876 313 1934 verit,
335 1876 386 1924 vidi
409 1874 542 1922 neminem.
577 1873 657 1921 Aliud
678 1881 715 1922 est
735 1888 785 1921 aaa
829 1872 922 1920 Varias
946 1875 1020 1922 huius
1043 1874 1159 1923 vocabuli
1186 1875 1381 1938 significationes

238 1955 362 2003 Palladia
383 1953 449 2017 apud
468 1952 602 2003 Senecam:
627 1951 687 2015 quia
703 1959 784 2000 certas
827 1952 890 2001 bene
899 1954 1013 2015 exposuit
1030 1953 1222 2018 Oudendorpias
1236 1955 1267 2002 ad
1281 1955 1381 2017 Appul.

237 2034 306 2082 locus
324 2033 457 2080 iudicatur.
827 2030 929 2080 Metam.
942 2033 963 2081 Ι.
981 2047 1039 2095 pag.
1059 2033 1096 2082 16.
1123 2034 1165 2081 sed
1187 2049 1265 2082 unam
1284 2036 1379 2083 omisit:

275 2117 394 2163 Vectabor
411 2114 523 2161 tantais
541 2118 601 2161 tana
617 2127 659 2174 aaa
675 2113 784 2161 inimicia
825 2110 949 2159 interdum
981 2113 1075 2161 scilicet
1099 2113 1188 2162 eximie
1214 2113 1325 2162 refertur
1348 2115 1378 2161 ad

235 2209 315 2257 eqaea.
341 2193 447 2243 Guietus
464 2200 519 2240 octo
539 2199 676 2254 postremos
696 2205 784 2239 versus
825 2189 937 2239 homines
954 2197 979 2240 et
996 2205 1034 2239 res
1047 2194 1164 2254 manicae.
1195 2192 1294 2256 Ulipae
1311 2196 1380 2241 nosti

236 2273 309 2321 huius
335 2274 451 2322 carminis
477 2273 594 2322 delendos
611 2286 663 2320 esse
680 2272 783 2320 censuit.
825 2271 1149 2328 seminaberumrerum
1166 2285 1217 2319 non
1234 2273 1379 2335 imperitus

235 2353 314 2402 Cuius
331 2354 466 2402 sententiae
483 2353 521 2400 uti
541 2353 593 2415 ipse
610 2351 693 2399 nullas
714 2365 783 2398 caus·
826 2364 932 2411 quarum
955 2350 992 2397 vis
1014 2357 1038 2398 te
1055 2364 1105 2398 nan
1124 2350 1192 2399 latet.
1228 2350 1301 2400 Conf.
1328 2352 1379 2401 Go-

235 2447 274 2479 sas
302 2433 405 2489 attulit,
433 2433 469 2480 ita
495 2445 542 2494 ego
570 2429 670 2479 invenio
691 2429 782 2477 nullas.
826 2429 931 2477 thofred.
958 2430 989 2477 ad
1014 2431 1044 2478 L.
1071 2429 1119 2479 IV.
1144 2429 1175 2479 C.
1196 2429 1323 2480 Theodos.
1348 2433 1379 2480 de

235 2512 319 2573 Eques
331 2511 441 2560 humeris
453 2511 557 2559 alicuius
569 2511 674 2568 vectari,
687 2511 782 2558 καθιπ-
826 2507 913 2556 Malef.
935 2514 961 2557 et
983 2509 1104 2558 Mathem.
1126 2515 1150 2558 et
1177 2509 1325 2573 interpretes
1346 2512 1378 2559 ad

236 2591 335 2651 πάζειν,
360 2597 397 2639 cst
416 2591 535 2638 indicium
559 2589 684 2637 maximae
700 2603 783 2651 super·
826 2587 896 2635 Acta
913 2586 1029 2648 Apostol.
1047 2587 1122 2635 XIX.
1149 2588 1187 2637 19.
1211 2588 1255 2636 ubi
1281 2592 1378 2639 mentio

235 2669 289 2718 biae
313 2677 338 2718 et
359 2678 506 2720 contemtus.
545 2671 600 2719 Iam
624 2669 735 2717 Davides
756 2669 781 2716 in
825 2665 854 2712 fit
875 2670 928 2714 τῶν
945 2666 979 2714 τὰ
996 2666 1115 2730 περίεργα
1133 2666 1296 2730 πραξάντων.

235 2750 339 2797 Psalmo
355 2751 454 2799 LXVI.
478 2752 516 2799 12.
544 2750 638 2798 Fecisti
660 2751 781 2796 homiaem
857 2747 961 2794 Plarem
979 2746 1057 2802 aetia,
1075 2747 1376 2809 iateailaaeatia,eai-

233 2842 311 2888 saper
327 2834 404 2888 eaput
421 2833 536 2875 nostram
553 2829 674 2889 equitare.
695 2825 782 2876 Cicero
825 2829 886 2872 tam.
912 2823 971 2873 MS.
990 2823 1066 2872 Voss.
1083 2829 1109 2872 et
1126 2824 1176 2872 alia
1186 2827 1254 2873 nihil
1270 2831 1376 2888 acautis.

235 2905 270 2953 Il.
293 2904 367 2952 Verr.
389 2905 429 2952 20.
459 2906 575 2953 lactabit
599 2919 626 2952 ae
645 2911 670 2952 et
691 2907 719 2952 ia
744 2907 782 2953 hir
824 2903 885 2951 Alia
907 2904 1028 2952 tabentia.
1069 2903 1153 2952 Valde
1173 2904 1316 2968 discrepant
1340 2909 1376 2955 in·

233 2984 357 3044 equitabit
379 2984 498 3045 caariieia.
520 2982 614 3032 Seneca
631 2983 707 3032 Herc.
725 2983 780 3033 Oet.
823 2987 949 3043 terpretes.
994 2983 1051 3045 Ego
1077 2997 1127 3030 non
1155 2983 1240 3041 video,
1263 2985 1326 3046 quid
1351 2987 1376 3033 in

237 3062 308 3112 1974.
336 3061 423 3110 Carra
440 3066 575 3125 superbam
599 3067 670 3112 ceeia
696 3069 781 3112 traaa-
823 3068 909 3108 nostra
931 3061 1037 3109 lectione
1053 3062 1163 3124 aliquem
1180 3065 1273 3112 morari
1290 3067 1376 3128 possit.

234 3143 335 3189 aceadee
352 3146 438 3202 capiat.
455 3141 554 3189 Arnob.
572 3140 628 3190 adv.
641 3140 734 3191 Gentes
745 3143 781 3192 11.
823 3140 926 3189 Plorem
943 3141 1038 3189 exitum
1057 3141 1128 3197 artis,
1149 3140 1214 3189 nihil
1232 3145 1333 3206 agentis
1350 3146 1376 3192 in

234 3235 291 3282 pag.
314 3221 355 3267 51.
382 3223 428 3269 Ila
449 3237 498 3269 aaa
519 3223 712 3271 iniaaiiaaimam
733 3225 780 3271 da-
823 3225 855 3267 te.
874 3218 1286 3270 SanadonuseMSS.Pulmanni
1297 3223 1377 3271 edidit

234 3301 307 3355 cilia,
332 3300 486 3362 inequitare,
518 3302 624 3349 illudere
653 3307 782 3363 tamquam
823 3301 984 3350 ailvaleaiia
1003 3301 1044 3349 Ita
1059 3307 1082 3348 et
1096 3299 1235 3348 coniecerat
1249 3300 1381 3361 Iacobius,

234 3379 316 3425 sieilia
335 3379 405 3425 aetia
418 3384 442 3426 ei
460 3380 535 3427 brata
555 3381 699 3428 diemtibas.
823 3379 895 3426 cuius
911 3380 1077 3428 coniecturam
1088 3378 1203 3441 vulgavit
1212 3380 1376 3443 Doeringins.
