2916 5220
554 316 729 380 LIBER
775 317 801 379 Ι.

1202 320 1244 382 23

196 506 293 572 Nunc
317 506 409 570 decet
431 509 491 568 aut
512 502 610 567 viridi
633 503 777 568 nitidum
804 512 903 588 eaput
926 505 1083 590 impedire
1106 512 1231 588 myrto,

239 608 309 673 Aut
331 607 425 688 flore,
446 612 548 671 terrae
572 628 668 690 quem
689 607 799 671 ferunt
822 609 956 673 solutae.

195 711 293 776 Nunc
316 717 349 776 et
371 710 406 774 in
429 709 591 774 umbrosis
616 709 731 775 Fauno
752 711 844 776 decet
868 711 1037 776 immolare
1057 711 1157 793 lucis,

242 815 306 880 Seu
327 819 442 900 poscat
464 834 567 898 agna,
592 814 660 880 sive
680 813 777 878 malit
796 815 908 880 hoedo.

198 916 328 981 Pallida
350 938 438 980 mors
459 938 561 1000 aequo
580 917 692 1000 pulsat
711 917 793 1002 pede
813 940 993 1002 pauperum
1018 917 1168 982 tabernas

242 1021 433 1104 Regumque
455 1023 568 1084 turrea.
617 1019 762 1086 Obeate
787 1020 892 1104 Sexti,

202 1121 295 1186 Vitae
319 1144 448 1187 summa
466 1122 573 1187 brevis
597 1144 688 1207 spem
709 1145 768 1189 nos
793 1131 883 1189 vetat
904 1124 1056 1190 inchoare
1075 1124 1217 1210 longam.

105 1242 199 1288 arderes
211 1241 266 1287 urit
277 1239 399 1300 officinas.
420 1238 550 1300 Leporem,
562 1238 606 1299 qui
619 1244 656 1285 est

106 1320 132 1366 in
158 1317 269 1367 absentia
292 1318 349 1366 boni
374 1316 467 1374 mariti,
487 1316 597 1364 imitatus
619 1324 655 1364 est

700 1240 859 1302 inspiciendas
876 1245 900 1288 et
916 1240 1066 1288 ordinandas
1082 1239 1168 1288 missis.
1198 1239 1248 1301 Qui

699 1319 788 1381 legunt
805 1323 907 1380 urpuet,
923 1318 960 1365 his
977 1316 1043 1366 favet
1059 1318 1163 1367 Homeri
1175 1318 1247 1366 iliad.

107 1397 224 1445 Valerius
249 1396 311 1447 Cato
336 1397 361 1445 in
387 1396 454 1445 Diris
479 1409 514 1443 vs.
536 1395 594 1450 166,
619 1409 655 1458 sq.
701 1403 726 1445 Σ.
752 1411 786 1445 vs.
809 1397 864 1447 372.
891 1396 1037 1445 Vulcanum
1059 1395 1107 1461 εὗρ’
1124 1396 1248 1461 ἱδρώοντα

107 1478 213 1538 Iupiter
225 1483 286 1526 aute
294 1479 441 1539 euiceruper
449 1477 577 1524 mendacia
582 1475 657 1538 furti
701 1475 864 1540 ἑλισσόμενον
888 1476 943 1538 περὶ
969 1475 1064 1540 φύσας,
1092 1475 1247 1525 Σπεύὸοντα.

110 1554 177 1602 Cum
187 1557 287 1604 qucru
297 1557 371 1618 priua
383 1557 475 1604 centua
485 1570 561 1617 quam
573 1555 656 1602 dictur
701 1555 736 1602 Et
752 1554 831 1602 Tacit.
841 1553 889 1602 XI.
908 1554 1003 1603 Annal.
1021 1555 1060 1603 31.
1084 1558 1121 1603 Al
1140 1556 1248 1602 Mereat-

107 1637 213 1694 uterqua
224 1640 273 1690 eat,
294 1635 398 1682 Gaudia
409 1634 496 1681 libauit
505 1634 600 1681 dulcem
605 1632 654 1696 su·
701 1635 767 1694 liua,
789 1649 839 1682 aaa
860 1634 925 1682 aliar
944 1635 1049 1683 solutior
1069 1636 1145 1693 lucu,
1162 1634 1250 1684 adulte

107 1717 183 1760 ratae
199 1727 321 1762 amaran:
345 1715 383 1762 Et
400 1726 494 1761 urceum
511 1717 597 1760 tenera
612 1728 655 1774 pa·
702 1717 850 1773 auctumua,
870 1714 1033 1762 simulacrum
1052 1713 1189 1761 vindemiae
1204 1727 1250 1774 per

106 1791 164 1838 aisa
183 1795 222 1838 eet
243 1792 329 1839 ludere
349 1792 376 1838 iu
397 1791 486 1851 baba,
507 1792 657 1854 Purpureos
702 1792 924 1840 demumcelebrat.
944 1790 1251 1854 Urprreripraela,fluere

101 1871 196 1932 fieres,
212 1885 274 1932 quer
289 1871 393 1932 iusuper
410 1872 577 1931 accumbebat,
588 1871 655 1919 Cau·
702 1871 777 1918 laeua
797 1871 986 1919 Ardemantem
1000 1872 1129 1919 Vuleauur
1140 1870 1179 1917 hic
1189 1871 1250 1918 vidit

109 1949 171 1996 dida
180 1947 295 2011 sarciaco
311 1962 452 2010 supponem
466 1950 570 1996 bractia
588 1951 657 2000 colla.
703 1948 834 1997 claudian.
852 1948 936 1999 Caum.
949 1949 1062 1998 LXXII.
1089 1950 1194 1997 Leumia
1206 1965 1250 1998 uec

111 2028 188 2088 Tum,
204 2029 286 2088 creda,
296 2026 401 2089 suerat,
413 2023 519 2075 Muvara
532 2028 658 2078 dictentur
702 2042 797 2090 eeuaper
809 2030 918 2091 supplere
936 2030 1048 2077 ardentia
1064 2029 1152 2076 adibat
1165 2031 1250 2076 Autra

108 2107 135 2154 ia
154 2107 248 2167 marie,
269 2106 339 2152 Nam
363 2110 429 2153 certe
451 2106 575 2154 Valcuuus
595 2121 658 2169 apua
703 2107 768 2162 Dal,
789 2113 850 2156 uate
870 2109 967 2169 paleam
978 2107 1089 2171 factura
1105 2113 1249 2156 eanmutem.

101 2185 233 2247 faciebat,
256 2190 281 2232 ct
312 2185 352 2232 illi
379 2184 461 2230 Tristi
489 2186 658 2249 turpabatque
736 2185 786 2232 Seu
805 2193 894 2248 porcat
914 2201 991 2248 apuu,
1012 2187 1063 2234 eice
1079 2188 1152 2234 rualit
1169 2186 1250 2234 lraeda.

108 2266 176 2312 irrata
186 2264 299 2327 fuliptue
311 2265 422 2313 barbam.
449 2263 558 2321 Versus,
571 2265 655 2314 admo·
704 2262 744 2312 Sic
761 2269 786 2312 et
801 2264 879 2314 MSS.
890 2264 1002 2313 Leidens.
1014 2264 1122 2312 Franek.
1134 2271 1159 2312 ct
1169 2262 1250 2313 D'Or-

107 2342 168 2388 dum
184 2342 304 2405 corrupti,
319 2342 410 2405 partim
428 2356 460 2390 ex
477 2342 656 2407 aliorumpar·

108 2420 153 2467 tim
178 2436 212 2470 ex
237 2421 296 2467 meis
316 2420 459 2469 coniecturis
480 2421 514 2468 sic
534 2423 658 2470 emendari

108 2505 224 2562 possunt:
243 2500 346 2561 Iupiter
359 2504 418 2547 unte
432 2501 471 2547 tul
482 2514 576 2562 rereper
589 2518 655 2551 uren·

108 2580 184 2628 dacia
194 2577 281 2641 furti,
301 2578 367 2626 Cum
380 2580 491 2640 quoue,
508 2582 582 2641 prius
599 2597 656 2632 cau·

108 2660 156 2705 iure
173 2673 252 2720 quam
268 2658 350 2706 dictur
368 2663 485 2720 uterque,
505 2660 609 2707 Gaudia
626 2662 656 2708 le‘·

109 2738 191 2797 bruti,
205 2738 300 2785 dulcere
305 2737 418 2798 furatus
432 2753 553 2786 aerearum:
570 2741 609 2787 Et
622 2745 656 2789 te-

108 2831 166 2863 cum
184 2820 272 2863 terrere
285 2816 373 2877 pavita
384 2820 420 2864 eat
433 2817 530 2865 laedere
542 2818 569 2864 iu
583 2818 659 2866 herba

109 2896 262 2955 Purpureae
268 2893 358 2955 flues,
370 2909 431 2956 quea
443 2895 547 2957 iusuper
559 2911 657 2945 accum-

109 2974 199 3032 bebat,
234 2973 351 3022 Candida
374 2973 488 3036 faramea
519 2988 659 3037 cuppanem

110 3051 215 3099 bractia
231 3053 299 3099 colla.
336 3053 413 3111 Tum,
434 3053 520 3113 crede,
545 3052 660 3116 lineare,

103 3131 200 3192 fueras
216 3131 341 3178 careatur
358 3132 386 3179 iu
402 3132 493 3190 araris,
512 3132 578 3180 Cum
594 3139 660 3181 certe

116 3211 241 3257 Volcanus
257 3223 319 3270 opus
329 3208 458 3271 faciebat,
480 3211 561 3257 atilli
580 3211 661 3258 Trete

110 3290 236 3349 turpabat
252 3289 333 3335 atalae
343 3287 454 3350 fulipiue
471 3290 555 3336 barba.
589 3289 661 3350 Quae

109 3382 159 3431 ego
175 3366 275 3425 conieci,
289 3374 357 3414 sunt:
376 3371 487 3428 uterque,
498 3353 658 3431 libauitfue-

110 3463 166 3509 rae,
183 3462 241 3497 cum
257 3451 330 3495 certe.
368 3445 420 3493 Pro
437 3448 517 3494 atilli
533 3446 661 3505 alethius,

111 3533 143 3574 ut
165 3540 199 3574 ex
223 3525 327 3587 epistola
346 3525 403 3574 MS.
429 3525 545 3587 cognovi,
562 3524 662 3573 volebat

111 3604 215 3655 Achilli
250 3604 346 3661 Acuta,
368 3604 410 3652 sed
426 3605 481 3652 loco
498 3604 581 3652 minus
598 3611 661 3668 apte.

112 3684 211 3732 Plotius
228 3684 259 3732 de
275 3683 363 3732 Metris
378 3699 402 3746 p.
420 3683 493 3731 2663.
519 3683 585 3730 dedit
601 3699 661 3746 pra-

110 3766 151 3813 vis
167 3763 301 3824 officinam.
337 3761 389 3810 Pro
411 3763 466 3809 urit
486 3761 560 3809 multi
576 3761 664 3824 legunt

111 3845 186 3900 uuir,
204 3842 235 3890 ab
249 3840 423 3904 Oudendorpio
435 3841 509 3888 etiam
521 3840 594 3888 valde
608 3841 662 3888 lau-

112 3923 214 3979 datum,
235 3921 278 3983 qui
299 3920 405 3968 addebat
424 3920 526 3969 Homer.
545 3918 617 3967 Iliad.
636 3926 663 3968 Σ.

112 4001 171 4050 468.
197 4000 239 4047 ubi
264 3999 396 4047 Vulcanus
417 3999 453 4061 βῆ
470 3998 490 4047 l
510 4000 553 4047 ἐπὶ
570 3998 665 4062 φύσας,

112 4087 140 4129 et
164 4078 251 4128 Heius.
273 4078 304 4125 ad
326 4078 415 4126 Vellei.
439 4079 536 4126 Patere.
555 4078 590 4126 II.
612 4077 664 4125 101.

113 4165 141 4207 et
156 4160 258 4221 interpr.
277 4157 307 4204 ad
325 4157 380 4205 Liv.
399 4158 456 4206 XL.
473 4159 496 4205 2.
519 4158 560 4205 ubi
578 4173 666 4220 nempe

115 4237 233 4299 exempla
248 4237 353 4285 collecta
369 4244 428 4285 sunt
439 4238 507 4286 verbi
519 4240 608 4294 meere,
620 4251 664 4299 po-

118 4316 160 4364 siti
176 4316 206 4364 de
223 4315 327 4364 dominis
344 4322 367 4365 et
385 4317 570 4378 magistratibus
583 4316 614 4364 ad
627 4330 666 4364 res

702 2343 754 2392 vill.
777 2358 840 2407 quae
857 2344 918 2391 vidit
935 2342 1093 2406 Oudendorp.
1126 2343 1174 2391 Hic
1191 2342 1250 2390 alte-

703 2437 757 2469 ram
779 2422 908 2471 lectionem
929 2438 1020 2485 apuam
1036 2428 1061 2470 et
1077 2423 1181 2470 hoedum
1197 2423 1251 2470 reii-

703 2501 788 2550 ciebat.
822 2502 857 2549 Et
880 2516 979 2563 parcere
1002 2515 1046 2564 per
1071 2500 1167 2563 ellipsin
1193 2514 1252 2549 cum

704 2581 812 2629 ablativo
828 2579 989 2629 construitur.
1018 2579 1103 2629 Cicero
1115 2579 1150 2627 II.
1176 2579 1250 2629 Verr.

704 2660 744 2708 26.
772 2661 819 2708 Fit
834 2674 914 2707 amara
930 2660 997 2707 iuter
1018 2673 1057 2706 eor
1082 2665 1107 2707 et
1127 2659 1251 2716 incitatio,

704 2743 735 2786 ut
755 2739 851 2788 Gr'aeec
870 2752 937 2786 urere
953 2738 1085 2786 biberetur.
1120 2739 1253 2786 Hortatur

705 2820 797 2879 hospes.
840 2818 957 2866 Poscant
986 2817 1122 2864 maimibue
1149 2818 1252 2877 poculis.

704 2896 820 2944 Imitatus
836 2901 873 2944 cst
890 2894 1008 2944 Ambros.
1025 2895 1051 2942 in
1068 2895 1132 2943 libro
1148 2895 1178 2943 de
1195 2895 1253 2944 Elia

704 2981 729 3024 et
745 2976 842 3023 ieiunio.
877 2977 903 3023 U
905 2976 930 3023 bl
950 2989 990 3022 ree
1007 2976 1087 3023 calere
1103 2974 1195 3035 caepit,
1211 2989 1252 3036 po-

704 3061 779 3104 scuut
803 3056 940 3102 uiatoribus
966 3055 1069 3114 poculis.
1105 3051 1179 3112 Quod
1203 3054 1252 3100 iam

705 3133 822 3182 indicavit
842 3132 929 3181 Heius,
948 3132 980 3178 ad
1005 3131 1106 3179 Petron.
1133 3145 1186 3192 cap.
1212 3132 1251 3179 41.

706 3220 731 3260 et
752 3211 911 3274 Oudendorp.
934 3210 965 3258 ad
983 3209 1078 3272 Appul.
1096 3209 1130 3257 II.
1149 3210 1252 3257 Metam.

706 3306 762 3353 pag.
783 3291 836 3341 167.
871 3290 985 3337 Poscunt
1003 3287 1136 3336 maioribus
1158 3289 1253 3350 poculis

705 3372 792 3418 uiuum
808 3371 855 3417 ribi
872 3370 942 3423 (lari,
965 3374 994 3415 ut
1016 3368 1094 3429 poscit
1111 3367 1188 3415 hoedo
1205 3370 1254 3416 eibi

706 3449 873 3505 trurnolari,ut
883 3454 908 3495 et
913 3445 1002 3496 Graeci
1008 3445 1152 3509 loquuntur.
1159 3447 1252 3508 Quam-

706 3541 782 3589 quam
801 3531 896 3574 reteres
914 3524 1076 3575 Grammatici
1093 3526 1118 3573 in
1135 3527 1254 3576 Cicerone

704 3610 810 3667 porcuut
825 3603 1018 3667 interpretentur
1032 3611 1174 3665 praebcant.
1188 3605 1254 3654 Vide

707 3684 842 3733 Ruhnken.
862 3685 893 3731 ad
909 3682 988 3732 Rutil.
1006 3684 1106 3746 Lupum
1122 3700 1179 3748 pag.
1200 3685 1252 3736 107.

707 3764 790 3825 Magis
812 3762 936 3813 Graecum
959 3763 1056 3810 videtur
1078 3778 1178 3824 parcere
1203 3765 1255 3825 ipsa

708 3842 805 3905 pocula.
841 3841 958 3904 Sophilus
976 3841 1042 3903 apud
1055 3840 1149 3889 Athen.
1162 3841 1195 3889 X.
1213 3843 1253 3893 37.

709 3921 820 3983 Συνεχὴς
846 3920 955 3983 ἄκρατος
985 3918 1080 3966 ἐδίδοτο
1111 3919 1168 3967 ἴσον
1198 3920 1254 3982 ἴσῳ,

711 3998 792 4047 πάλιν
807 3999 861 4057 Τὴν
876 3995 968 4062 μείζον’
985 3995 1074 4060 ᾔτουν.
1101 3997 1135 4044 Et
1152 3998 1253 4047 Alexis:

710 4077 819 4132 κυάθους
842 4075 979 4139 προπίνων
1001 4074 1094 4124 εἴκοσιν
1112 4074 1185 4125 'lacu
1208 4078 1254 4142 iam

711 4156 792 4204 πάλιν
808 4156 858 4214 τὴν
874 4153 965 4217 μείζον’
981 4152 1069 4219 ᾔτουν.

745 4235 819 4295 Spem
845 4248 889 4282 uas
914 4238 983 4281 aetat
1008 4234 1125 4283 inchoare
1150 4237 1257 4299 turipum

712 4313 872 4363 liildebertus
889 4313 914 4362 in
927 4313 1087 4376 Philosophia
1099 4315 1190 4363 Moraii
1198 4332 1255 4379 pag.
