<?xml version="1.0" encoding="UTF-8"?>
<!DOCTYPE html PUBLIC "-//W3C//DTD XHTML 1.0 Transitional//EN"
    "http://www.w3.org/TR/xhtml1/DTD/xhtml1-transitional.dtd">
<html xmlns="http://www.w3.org/1999/xhtml" xml:lang="en" lang="en">
 <head>
  <title>
</title>
<meta http-equiv="Content-Type" content="text/html;charset=utf-8" />
  <meta name='ocr-system' content='tesseract 3.04.00' />
  <meta name='ocr-capabilities' content='ocr_page ocr_carea ocr_par ocr_line ocrx_word'/>
</head>
<body>
  <div class='ocr_page' id='page_1' title='image "./qhoratiiflaccic00horagoog_0073.png"; bbox 0 0 2916 5220; ppageno 0'>
   <div class='ocr_carea' id='block_1_1' title="bbox 651 315 969 378">
    <p class='ocr_par' dir='ltr' id='par_1_1' title="bbox 651 315 969 378">
     <span class='ocr_line' id='line_1_1' title="bbox 651 315 969 378; baseline 0.013 -4"><span class='ocrx_word' id='word_1_1' title='bbox 651 315 969 378; x_wconf 63' lang='lat' dir='ltr'><strong>CARMINUM</strong></span> 
     </span>
    </p>
   </div>
   <div class='ocr_carea' id='block_1_2' title="bbox 421 499 1135 1513">
    <p class='ocr_par' dir='ltr' id='par_1_2' title="bbox 423 499 787 586">
     <span class='ocr_line' id='line_1_2' title="bbox 423 499 787 586; baseline 0.008 -24"><span class='ocrx_word' id='word_1_2' title='bbox 423 499 542 563; x_wconf 60' lang='lat' dir='ltr'><em>ulterior</em></span> <span class='ocrx_word' id='word_1_3' title='bbox 568 502 673 584; x_wconf 81' lang='lat' dir='ltr'><em>lupuli</em></span> <span class='ocrx_word' id='word_1_4' title='bbox 688 523 787 586; x_wconf 74' lang='lat' dir='ltr'><em>pertus</em></span> 
     </span>
    </p>

    <p class='ocr_par' dir='ltr' id='par_1_3' title="bbox 421 601 1123 793">
     <span class='ocr_line' id='line_1_3' title="bbox 465 601 1123 690; baseline 0.008 -25"><span class='ocrx_word' id='word_1_5' title='bbox 465 606 571 689; x_wconf 68' lang='lat' dir='ltr'><em>tyreu</em></span> <span class='ocrx_word' id='word_1_6' title='bbox 580 601 707 687; x_wconf 82' lang='lat' dir='ltr'><em>sruude</em></span> <span class='ocrx_word' id='word_1_7' title='bbox 725 604 810 668; x_wconf 84' lang='lat' dir='ltr'><em>ruulu</em></span> <span class='ocrx_word' id='word_1_8' title='bbox 834 603 976 690; x_wconf 73' lang='lat' dir='ltr'><em>pentibus</em></span> <span class='ocrx_word' id='word_1_9' title='bbox 1002 605 1123 670; x_wconf 86' lang='lat' dir='ltr'><em>intulit:</em></span> 
     </span>
     <span class='ocr_line' id='line_1_4' title="bbox 421 707 892 793; baseline 0.008 -25"><span class='ocrx_word' id='word_1_10' title='bbox 421 708 501 771; x_wconf 84' lang='lat' dir='ltr'><em>Post</em></span> <span class='ocrx_word' id='word_1_11' title='bbox 524 711 621 793; x_wconf 69' lang='lat' dir='ltr'><em>ipueru</em></span> <span class='ocrx_word' id='word_1_12' title='bbox 643 707 780 772; x_wconf 82' lang='lat' dir='ltr'><em>uetberiu</em></span> <span class='ocrx_word' id='word_1_13' title='bbox 804 707 892 772; x_wconf 79' lang='lat' dir='ltr'><em>douo</em></span> 
     </span>
    </p>

    <p class='ocr_par' dir='ltr' id='par_1_4' title="bbox 427 809 1117 997">
     <span class='ocr_line' id='line_1_5' title="bbox 466 809 1117 895; baseline 0.002 -22"><span class='ocrx_word' id='word_1_14' title='bbox 466 809 670 891; x_wconf 81' lang='lat' dir='ltr'><em>Subductrm,</em></span> <span class='ocrx_word' id='word_1_15' title='bbox 692 814 805 876; x_wconf 81' lang='lat' dir='ltr'><em>macies</em></span> <span class='ocrx_word' id='word_1_16' title='bbox 831 819 861 874; x_wconf 93' lang='lat' dir='ltr'><em>et</em></span> <span class='ocrx_word' id='word_1_17' title='bbox 882 831 961 876; x_wconf 89' lang='lat' dir='ltr'><em>uooo</em></span> <span class='ocrx_word' id='word_1_18' title='bbox 972 809 1117 895; x_wconf 82' lang='lat' dir='ltr'><em>febrium</em></span> 
     </span>
     <span class='ocr_line' id='line_1_6' title="bbox 427 913 840 997; baseline 0.007 -21"><span class='ocrx_word' id='word_1_19' title='bbox 427 916 534 978; x_wconf 83' lang='lat' dir='ltr'><em>Terris</em></span> <span class='ocrx_word' id='word_1_20' title='bbox 558 913 694 979; x_wconf 78' lang='lat' dir='ltr'><em>incubuit</em></span> <span class='ocrx_word' id='word_1_21' title='bbox 715 914 840 997; x_wconf 79' lang='lat' dir='ltr'><em>coltors,</em></span> 
     </span>
    </p>

    <p class='ocr_par' dir='ltr' id='par_1_5' title="bbox 422 1018 1056 1206">
     <span class='ocr_line' id='line_1_7' title="bbox 466 1018 1056 1102; baseline 0.003 -21"><span class='ocrx_word' id='word_1_22' title='bbox 466 1018 637 1102; x_wconf 86' lang='lat' dir='ltr'><em>Seruotique</em></span> <span class='ocrx_word' id='word_1_23' title='bbox 653 1021 751 1102; x_wconf 88' lang='lat' dir='ltr'><em>prius</em></span> <span class='ocrx_word' id='word_1_24' title='bbox 771 1018 867 1081; x_wconf 80' lang='lat' dir='ltr'><em>turdo</em></span> <span class='ocrx_word' id='word_1_25' title='bbox 887 1022 1056 1083; x_wconf 72' lang='lat' dir='ltr'><em>necessitas</em></span> 
     </span>
     <span class='ocr_line' id='line_1_8' title="bbox 422 1120 839 1206; baseline -0.002 -23"><span class='ocrx_word' id='word_1_26' title='bbox 422 1121 493 1184; x_wconf 85' lang='lat' dir='ltr'><em>Leti</em></span> <span class='ocrx_word' id='word_1_27' title='bbox 515 1124 669 1205; x_wconf 82' lang='lat' dir='ltr'><em>corripuit</em></span> <span class='ocrx_word' id='word_1_28' title='bbox 695 1120 839 1206; x_wconf 75' lang='lat' dir='ltr'><em>proclum.</em></span> 
     </span>
    </p>

    <p class='ocr_par' dir='ltr' id='par_1_6' title="bbox 421 1223 1064 1391">
     <span class='ocr_line' id='line_1_9' title="bbox 463 1223 1064 1306; baseline 0.003 -21"><span class='ocrx_word' id='word_1_29' title='bbox 463 1223 628 1306; x_wconf 74' lang='lat' dir='ltr'><em>Expertus</em></span> <span class='ocrx_word' id='word_1_30' title='bbox 648 1244 776 1288; x_wconf 85' lang='lat' dir='ltr'><em>oueuuru</em></span> <span class='ocrx_word' id='word_1_31' title='bbox 796 1223 964 1288; x_wconf 82' lang='lat' dir='ltr'><em>Daedalus</em></span> <span class='ocrx_word' id='word_1_32' title='bbox 986 1231 1064 1289; x_wconf 82' lang='lat' dir='ltr'><em>ubre</em></span> 
     </span>
     <span class='ocr_line' id='line_1_10' title="bbox 421 1325 886 1391; baseline 0.006 -3"><span class='ocrx_word' id='word_1_33' title='bbox 421 1326 544 1390; x_wconf 87' lang='lat' dir='ltr'><em>Peuuis</em></span> <span class='ocrx_word' id='word_1_34' title='bbox 570 1346 632 1389; x_wconf 88' lang='lat' dir='ltr'><em>uou</em></span> <span class='ocrx_word' id='word_1_35' title='bbox 656 1325 772 1391; x_wconf 84' lang='lat' dir='ltr'><em>bouiui</em></span> <span class='ocrx_word' id='word_1_36' title='bbox 793 1326 886 1391; x_wconf 74' lang='lat' dir='ltr'><em>(iotis.</em></span> 
     </span>
    </p>

    <p class='ocr_par' dir='ltr' id='par_1_7' title="bbox 464 1428 1135 1513">
     <span class='ocr_line' id='line_1_11' title="bbox 464 1428 1135 1513; baseline 0.007 -23"><span class='ocrx_word' id='word_1_37' title='bbox 464 1429 622 1513; x_wconf 88' lang='lat' dir='ltr'><em>Perrupit</em></span> <span class='ocrx_word' id='word_1_38' title='bbox 643 1428 819 1493; x_wconf 75' lang='lat' dir='ltr'><em>Acheronte</em></span> <span class='ocrx_word' id='word_1_39' title='bbox 840 1430 1016 1495; x_wconf 87' lang='lat' dir='ltr'><em>Herculeus</em></span> <span class='ocrx_word' id='word_1_40' title='bbox 1040 1429 1135 1495; x_wconf 81' lang='lat' dir='ltr'><em>labor.</em></span> 
     </span>
    </p>
   </div>
   <div class='ocr_carea' id='block_1_3' title="bbox 156 1617 1382 1683">
    <p class='ocr_par' dir='ltr' id='par_1_8' title="bbox 156 1617 1382 1683">
     <span class='ocr_line' id='line_1_12' title="bbox 156 1617 1382 1683; baseline 0.007 -20"><span class='ocrx_word' id='word_1_41' title='bbox 156 1675 160 1681; x_wconf 27' lang='grc' dir='ltr'>Ι</span> <span class='ocrx_word' id='word_1_42' title='bbox 244 1617 328 1665; x_wconf 86' lang='lat' dir='ltr'><em>Possis</em></span> <span class='ocrx_word' id='word_1_43' title='bbox 353 1624 378 1666; x_wconf 87' lang='lat' dir='ltr'><em>et</em></span> <span class='ocrx_word' id='word_1_44' title='bbox 402 1618 520 1681; x_wconf 84' lang='lat' dir='ltr'><em>suspicari</em></span> <span class='ocrx_word' id='word_1_45' title='bbox 545 1620 599 1667; x_wconf 83' lang='lat' dir='ltr'><em>ruit</em></span> <span class='ocrx_word' id='word_1_46' title='bbox 618 1634 666 1682; x_wconf 84' lang='lat' dir='ltr'><em>per</em></span> <span class='ocrx_word' id='word_1_47' title='bbox 681 1622 786 1669; x_wconf 84' lang='lat' dir='ltr'><em>uetitum</em></span> <span class='ocrx_word' id='word_1_48' title='bbox 866 1619 963 1671; x_wconf 82' lang='lat' dir='ltr'><em>Macies</em></span> <span class='ocrx_word' id='word_1_49' title='bbox 987 1627 1012 1670; x_wconf 86' lang='lat' dir='ltr'><em>et</em></span> <span class='ocrx_word' id='word_1_50' title='bbox 1041 1637 1104 1670; x_wconf 86' lang='lat' dir='ltr'><em>uoau</em></span> <span class='ocrx_word' id='word_1_51' title='bbox 1125 1620 1238 1683; x_wconf 81' lang='lat' dir='ltr'><em>febrium</em></span> <span class='ocrx_word' id='word_1_52' title='bbox 1289 1623 1382 1672; x_wconf 76' lang='lat' dir='ltr'><em>Turia</em></span> 
     </span>
    </p>
   </div>
   <div class='ocr_carea' id='block_1_4' title="bbox 234 1696 1382 4362">
    <p class='ocr_par' dir='ltr' id='par_1_9' title="bbox 234 1696 1382 4362">
     <span class='ocr_line' id='line_1_13' title="bbox 242 1696 1380 1759; baseline 0.007 -16"><span class='ocrx_word' id='word_1_53' title='bbox 242 1696 349 1759; x_wconf 67' lang='lat' dir='ltr'><em>(refusi)</em></span> <span class='ocrx_word' id='word_1_54' title='bbox 384 1697 433 1747; x_wconf 84' lang='lat' dir='ltr'><em>Sed</em></span> <span class='ocrx_word' id='word_1_55' title='bbox 454 1700 559 1747; x_wconf 83' lang='lat' dir='ltr'><em>uetitum</em></span> <span class='ocrx_word' id='word_1_56' title='bbox 579 1699 605 1746; x_wconf 91' lang='lat' dir='ltr'><em>iu</em></span> <span class='ocrx_word' id='word_1_57' title='bbox 623 1706 693 1747; x_wconf 89' lang='lat' dir='ltr'><em>tanta</em></span> <span class='ocrx_word' id='word_1_58' title='bbox 710 1700 786 1747; x_wconf 90' lang='lat' dir='ltr'><em>homi·</em></span> <span class='ocrx_word' id='word_1_59' title='bbox 830 1699 945 1747; x_wconf 79' lang='lat' dir='ltr'><strong><em>incubuit</em></strong></span> <span class='ocrx_word' id='word_1_60' title='bbox 961 1701 1054 1748; x_wconf 73' lang='lat' dir='ltr'><em>cohors.</em></span> <span class='ocrx_word' id='word_1_61' title='bbox 1083 1701 1232 1749; x_wconf 80' lang='lat' dir='ltr'><em>Incuruberu</em></span> <span class='ocrx_word' id='word_1_62' title='bbox 1246 1700 1380 1751; x_wconf 86' lang='lat' dir='ltr'><em>vehemen-</em></span> 
     </span>
     <span class='ocr_line' id='line_1_14' title="bbox 241 1776 1382 1841; baseline 0.008 -19"><span class='ocrx_word' id='word_1_63' title='bbox 241 1789 303 1822; x_wconf 90' lang='lat' dir='ltr'><em>num</em></span> <span class='ocrx_word' id='word_1_64' title='bbox 315 1776 419 1824; x_wconf 86' lang='lat' dir='ltr'><em>audacia</em></span> <span class='ocrx_word' id='word_1_65' title='bbox 429 1790 525 1840; x_wconf 88' lang='lat' dir='ltr'><em>semper</em></span> <span class='ocrx_word' id='word_1_66' title='bbox 536 1777 616 1826; x_wconf 86' lang='lat' dir='ltr'><em>levius</em></span> <span class='ocrx_word' id='word_1_67' title='bbox 627 1783 671 1826; x_wconf 89' lang='lat' dir='ltr'><em>est.</em></span> <span class='ocrx_word' id='word_1_68' title='bbox 698 1778 787 1841; x_wconf 85' lang='lat' dir='ltr'><em>Itaque</em></span> <span class='ocrx_word' id='word_1_69' title='bbox 831 1776 880 1824; x_wconf 90' lang='lat' dir='ltr'><em>tius</em></span> <span class='ocrx_word' id='word_1_70' title='bbox 898 1777 1003 1826; x_wconf 86' lang='lat' dir='ltr'><em>verbum</em></span> <span class='ocrx_word' id='word_1_71' title='bbox 1019 1785 1067 1834; x_wconf 86' lang='lat' dir='ltr'><em>est,</em></span> <span class='ocrx_word' id='word_1_72' title='bbox 1084 1793 1159 1841; x_wconf 84' lang='lat' dir='ltr'><em>quam</em></span> <span class='ocrx_word' id='word_1_73' title='bbox 1176 1784 1205 1825; x_wconf 91' lang='lat' dir='ltr'><em>ut</em></span> <span class='ocrx_word' id='word_1_74' title='bbox 1220 1791 1278 1825; x_wconf 90' lang='lat' dir='ltr'><em>cum</em></span> <span class='ocrx_word' id='word_1_75' title='bbox 1299 1784 1382 1830; x_wconf 67' lang='lat' dir='ltr'><em>osane</em></span> 
     </span>
     <span class='ocr_line' id='line_1_15' title="bbox 241 1853 1381 1920; baseline 0.006 -20"><span class='ocrx_word' id='word_1_76' title='bbox 241 1854 386 1904; x_wconf 75' lang='lat' dir='ltr'><em>crediderim</em></span> <span class='ocrx_word' id='word_1_77' title='bbox 406 1859 512 1905; x_wconf 84' lang='lat' dir='ltr'><em>uetitum</em></span> <span class='ocrx_word' id='word_1_78' title='bbox 533 1857 606 1920; x_wconf 73' lang='lat' dir='ltr'><em>nefus</em></span> <span class='ocrx_word' id='word_1_79' title='bbox 627 1856 785 1905; x_wconf 86' lang='lat' dir='ltr'><em>tribuendum</em></span> <span class='ocrx_word' id='word_1_80' title='bbox 830 1853 901 1917; x_wconf 88' lang='lat' dir='ltr'><em>iungi</em></span> <span class='ocrx_word' id='word_1_81' title='bbox 926 1857 1009 1919; x_wconf 83' lang='lat' dir='ltr'><em>possit.</em></span> <span class='ocrx_word' id='word_1_82' title='bbox 1047 1858 1147 1907; x_wconf 87' lang='lat' dir='ltr'><em>Lueret.</em></span> <span class='ocrx_word' id='word_1_83' title='bbox 1173 1857 1221 1905; x_wconf 89' lang='lat' dir='ltr'><em>VI.</em></span> <span class='ocrx_word' id='word_1_84' title='bbox 1249 1859 1319 1907; x_wconf 81' lang='lat'>1141.</span> <span class='ocrx_word' id='word_1_85' title='bbox 1347 1860 1381 1908; x_wconf 88' lang='lat' dir='ltr'><em>de</em></span> 
     </span>
     <span class='ocr_line' id='line_1_16' title="bbox 242 1933 1380 1998; baseline 0.004 -16"><span class='ocrx_word' id='word_1_86' title='bbox 242 1947 294 1982; x_wconf 87' lang='lat' dir='ltr'><em>esse</em></span> <span class='ocrx_word' id='word_1_87' title='bbox 310 1933 478 1984; x_wconf 86' lang='lat' dir='ltr'><em>Grammatico</em></span> <span class='ocrx_word' id='word_1_88' title='bbox 498 1936 554 1998; x_wconf 78' lang='lat' dir='ltr'><em>ipsi,</em></span> <span class='ocrx_word' id='word_1_89' title='bbox 575 1935 615 1983; x_wconf 89' lang='lat' dir='ltr'><em>cui</em></span> <span class='ocrx_word' id='word_1_90' title='bbox 640 1949 702 1998; x_wconf 86' lang='lat' dir='ltr'><em>opus</em></span> <span class='ocrx_word' id='word_1_91' title='bbox 724 1945 787 1985; x_wconf 85' lang='lat' dir='ltr'><em>esset</em></span> <span class='ocrx_word' id='word_1_92' title='bbox 827 1940 898 1995; x_wconf 86' lang='lat' dir='ltr'><em>peste</em></span> <span class='ocrx_word' id='word_1_93' title='bbox 919 1937 1054 1998; x_wconf 78' lang='lat' dir='ltr'><em>usurparit.</em></span> <span class='ocrx_word' id='word_1_94' title='bbox 1090 1935 1150 1984; x_wconf 87' lang='lat' dir='ltr'><em>Val.</em></span> <span class='ocrx_word' id='word_1_95' title='bbox 1172 1935 1254 1984; x_wconf 81' lang='lat' dir='ltr'><em>Flaec.</em></span> <span class='ocrx_word' id='word_1_96' title='bbox 1276 1937 1297 1984; x_wconf 91' lang='lat' dir='ltr'><em>I.</em></span> <span class='ocrx_word' id='word_1_97' title='bbox 1318 1937 1380 1986; x_wconf 81' lang='grc'>683.</span> 
     </span>
     <span class='ocr_line' id='line_1_17' title="bbox 242 2011 1380 2077; baseline 0.005 -19"><span class='ocrx_word' id='word_1_98' title='bbox 242 2011 326 2075; x_wconf 89' lang='lat' dir='ltr'><em>aliquo</em></span> <span class='ocrx_word' id='word_1_99' title='bbox 342 2013 451 2076; x_wconf 88' lang='lat' dir='ltr'><em>epitheto</em></span> <span class='ocrx_word' id='word_1_100' title='bbox 465 2013 660 2063; x_wconf 88' lang='lat' dir='ltr'><em>adfulciendum</em></span> <span class='ocrx_word' id='word_1_101' title='bbox 670 2022 786 2064; x_wconf 87' lang='lat' dir='ltr'><em>metrum.</em></span> <span class='ocrx_word' id='word_1_102' title='bbox 832 2012 898 2062; x_wconf 82' lang='lat' dir='ltr'><em>Cum</em></span> <span class='ocrx_word' id='word_1_103' title='bbox 914 2017 1023 2064; x_wconf 81' lang='lat' dir='ltr'><em>stabulis</em></span> <span class='ocrx_word' id='word_1_104' title='bbox 1039 2022 1064 2064; x_wconf 88' lang='lat' dir='ltr'><em>et</em></span> <span class='ocrx_word' id='word_1_105' title='bbox 1081 2017 1200 2064; x_wconf 75' lang='lat' dir='ltr'><em>messibus</em></span> <span class='ocrx_word' id='word_1_106' title='bbox 1217 2016 1303 2077; x_wconf 73' lang='lat' dir='ltr'><em>inpetis</em></span> <span class='ocrx_word' id='word_1_107' title='bbox 1331 2015 1380 2064; x_wconf 79' lang='grc' dir='ltr'><em>[να</em></span> 
     </span>
     <span class='ocr_line' id='line_1_18' title="bbox 242 2091 1380 2156; baseline 0.005 -18"><span class='ocrx_word' id='word_1_108' title='bbox 242 2091 307 2140; x_wconf 89' lang='lat' dir='ltr'><em>Mire</em></span> <span class='ocrx_word' id='word_1_109' title='bbox 318 2092 445 2141; x_wconf 86' lang='lat' dir='ltr'><em>Ausonius</em></span> <span class='ocrx_word' id='word_1_110' title='bbox 456 2093 655 2156; x_wconf 84' lang='lat' dir='ltr'><em>Technopaegnii</em></span> <span class='ocrx_word' id='word_1_111' title='bbox 665 2094 689 2142; x_wconf 85' lang='lat'><em>9.</em></span> <span class='ocrx_word' id='word_1_112' title='bbox 717 2096 786 2143; x_wconf 77' lang='lat' dir='ltr'><em>Gens</em></span> <span class='ocrx_word' id='word_1_113' title='bbox 831 2092 916 2141; x_wconf 85' lang='lat' dir='ltr'><em>Deum</em></span> <span class='ocrx_word' id='word_1_114' title='bbox 939 2099 964 2142; x_wconf 85' lang='lat' dir='ltr'><em>et</em></span> <span class='ocrx_word' id='word_1_115' title='bbox 991 2095 1096 2143; x_wconf 79' lang='lat' dir='ltr'><strong><em>Calabri</em></strong></span> <span class='ocrx_word' id='word_1_116' title='bbox 1119 2095 1255 2156; x_wconf 78' lang='lat' dir='ltr'><em>populator</em></span> <span class='ocrx_word' id='word_1_117' title='bbox 1289 2095 1380 2144; x_wconf 77' lang='lat' dir='ltr'><em>Sirius</em></span> 
     </span>
     <span class='ocr_line' id='line_1_19' title="bbox 241 2170 1379 2235; baseline 0.003 -18"><span class='ocrx_word' id='word_1_118' title='bbox 241 2170 455 2234; x_wconf 77' lang='lat' dir='ltr'><em>iufrenouirum,</em></span> <span class='ocrx_word' id='word_1_119' title='bbox 471 2173 561 2235; x_wconf 87' lang='lat' dir='ltr'><em>quibus</em></span> <span class='ocrx_word' id='word_1_120' title='bbox 577 2174 701 2222; x_wconf 75' lang='lat' dir='ltr'><em>irascetur</em></span> <span class='ocrx_word' id='word_1_121' title='bbox 717 2189 787 2222; x_wconf 85' lang='lat' dir='ltr'><em>onrue</em></span> <span class='ocrx_word' id='word_1_122' title='bbox 829 2172 886 2218; x_wconf 86' lang='lat' dir='ltr'><em>urei</em></span> <span class='ocrx_word' id='word_1_123' title='bbox 919 2173 1049 2220; x_wconf 82' lang='lat' dir='ltr'><em>Incubuit.</em></span> <span class='ocrx_word' id='word_1_124' title='bbox 1082 2171 1142 2220; x_wconf 87' lang='lat' dir='ltr'><em>Vid.</em></span> <span class='ocrx_word' id='word_1_125' title='bbox 1159 2171 1379 2221; x_wconf 79' lang='lat' dir='ltr'><em>BurmLactant.</em></span> 
     </span>
     <span class='ocr_line' id='line_1_20' title="bbox 241 2246 1378 2314; baseline 0.002 -18"><span class='ocrx_word' id='word_1_126' title='bbox 241 2250 297 2296; x_wconf 84' lang='lat' dir='ltr'><em>ruit</em></span> <span class='ocrx_word' id='word_1_127' title='bbox 306 2249 362 2313; x_wconf 84' lang='lat' dir='ltr'><em>fos.</em></span> <span class='ocrx_word' id='word_1_128' title='bbox 829 2246 865 2297; x_wconf 90' lang='grc' dir='ltr'><em>Π,</em></span> <span class='ocrx_word' id='word_1_129' title='bbox 886 2250 906 2297; x_wconf 89' lang='lat' dir='ltr'><em>l.</em></span> <span class='ocrx_word' id='word_1_130' title='bbox 940 2250 971 2298; x_wconf 87' lang='lat' dir='ltr'><em>Si</em></span> <span class='ocrx_word' id='word_1_131' title='bbox 987 2253 1127 2299; x_wconf 83' lang='lat' dir='ltr'><em>morborum</em></span> <span class='ocrx_word' id='word_1_132' title='bbox 1142 2250 1266 2314; x_wconf 77' lang='lat' dir='ltr'><em>pestifero</em></span> <span class='ocrx_word' id='word_1_133' title='bbox 1283 2251 1320 2298; x_wconf 81' lang='lat' dir='ltr'><em>uir</em></span> <span class='ocrx_word' id='word_1_134' title='bbox 1339 2253 1378 2298; x_wconf 86' lang='lat' dir='ltr'><em>iu-</em></span> 
     </span>
     <span class='ocr_line' id='line_1_21' title="bbox 272 2329 951 2392; baseline 0.001 -16"><span class='ocrx_word' id='word_1_135' title='bbox 272 2329 368 2377; x_wconf 81' lang='lat' dir='ltr'><em>Auduu</em></span> <span class='ocrx_word' id='word_1_136' title='bbox 386 2329 568 2392; x_wconf 71' lang='lat' dir='ltr'><em>Inpetiyeuus.</em></span> <span class='ocrx_word' id='word_1_137' title='bbox 595 2329 684 2380; x_wconf 86' lang='lat' dir='ltr'><em>Subito</em></span> <span class='ocrx_word' id='word_1_138' title='bbox 697 2329 786 2378; x_wconf 85' lang='lat' dir='ltr'><em>iterata</em></span> <span class='ocrx_word' id='word_1_139' title='bbox 829 2329 951 2377; x_wconf 74' lang='lat' dir='ltr'><em>cubuerit.</em></span> 
     </span>
     <span class='ocr_line' id='line_1_22' title="bbox 238 2407 1379 2470; baseline 0.004 -17"><span class='ocrx_word' id='word_1_140' title='bbox 238 2420 288 2454; x_wconf 84' lang='lat' dir='ltr'><em>rex</em></span> <span class='ocrx_word' id='word_1_141' title='bbox 304 2408 593 2457; x_wconf 79' lang='lat' dir='ltr'><em>auduuomuiriearet.</em></span> <span class='ocrx_word' id='word_1_142' title='bbox 620 2408 705 2469; x_wconf 84' lang='lat' dir='ltr'><em>Quum</em></span> <span class='ocrx_word' id='word_1_143' title='bbox 724 2409 785 2458; x_wconf 84' lang='lat' dir='ltr'><em>haec</em></span> <span class='ocrx_word' id='word_1_144' title='bbox 865 2407 952 2455; x_wconf 83' lang='lat' dir='ltr'><em>Turdo</em></span> <span class='ocrx_word' id='word_1_145' title='bbox 963 2409 1098 2457; x_wconf 71' lang='lat' dir='ltr'><em>moestum</em></span> <span class='ocrx_word' id='word_1_146' title='bbox 1116 2409 1175 2456; x_wconf 86' lang='lat' dir='ltr'><em>Leti</em></span> <span class='ocrx_word' id='word_1_147' title='bbox 1186 2408 1310 2469; x_wconf 74' lang='lat' dir='ltr'><em>cmiipuit</em></span> <span class='ocrx_word' id='word_1_148' title='bbox 1317 2424 1379 2470; x_wconf 76' lang='lat' dir='ltr'><em>orn·</em></span> 
     </span>
     <span class='ocr_line' id='line_1_23' title="bbox 238 2484 1379 2549; baseline 0.001 -15"><span class='ocrx_word' id='word_1_149' title='bbox 238 2486 312 2534; x_wconf 87' lang='lat' dir='ltr'><em>etiam</em></span> <span class='ocrx_word' id='word_1_150' title='bbox 329 2502 375 2549; x_wconf 91' lang='lat' dir='ltr'><em>pro</em></span> <span class='ocrx_word' id='word_1_151' title='bbox 390 2487 534 2536; x_wconf 80' lang='lat' dir='ltr'><em>Horatianis</em></span> <span class='ocrx_word' id='word_1_152' title='bbox 555 2487 683 2544; x_wconf 87' lang='lat' dir='ltr'><em>haberem,</em></span> <span class='ocrx_word' id='word_1_153' title='bbox 705 2496 784 2536; x_wconf 87' lang='lat' dir='ltr'><em>muta·</em></span> <span class='ocrx_word' id='word_1_154' title='bbox 829 2487 896 2534; x_wconf 86' lang='lat' dir='ltr'><em>dum.</em></span> <span class='ocrx_word' id='word_1_155' title='bbox 930 2486 1034 2543; x_wconf 90' lang='lat' dir='ltr'><em>Letum,</em></span> <span class='ocrx_word' id='word_1_156' title='bbox 1054 2486 1137 2542; x_wconf 91' lang='lat' dir='ltr'><em>Mors,</em></span> <span class='ocrx_word' id='word_1_157' title='bbox 1158 2484 1297 2533; x_wconf 78' lang='lat' dir='ltr'><em>Necessitas</em></span> <span class='ocrx_word' id='word_1_158' title='bbox 1312 2485 1379 2536; x_wconf 86' lang='lat' dir='ltr'><em>hene</em></span> 
     </span>
     <span class='ocr_line' id='line_1_24' title="bbox 237 2562 1378 2628; baseline 0 -17"><span class='ocrx_word' id='word_1_159' title='bbox 237 2562 296 2612; x_wconf 87' lang='lat' dir='ltr'><em>barn</em></span> <span class='ocrx_word' id='word_1_160' title='bbox 323 2567 456 2616; x_wconf 86' lang='lat' dir='ltr'><em>verborum</em></span> <span class='ocrx_word' id='word_1_161' title='bbox 481 2567 672 2616; x_wconf 84' lang='lat' dir='ltr'><em>distinctionem:</em></span> <span class='ocrx_word' id='word_1_162' title='bbox 699 2570 785 2617; x_wconf 80' lang='lat' dir='ltr'><em>audax</em></span> <span class='ocrx_word' id='word_1_163' title='bbox 829 2564 965 2627; x_wconf 73' lang='lat' dir='ltr'><em>surripiunt</em></span> <span class='ocrx_word' id='word_1_164' title='bbox 981 2565 1099 2628; x_wconf 67' lang='lat' dir='ltr'><em>gradum</em></span> <span class='ocrx_word' id='word_1_165' title='bbox 1112 2578 1161 2612; x_wconf 90' lang='lat' dir='ltr'><em>uon</em></span> <span class='ocrx_word' id='word_1_166' title='bbox 1173 2564 1218 2613; x_wconf 87' lang='lat' dir='ltr'><em>leti</em></span> <span class='ocrx_word' id='word_1_167' title='bbox 1228 2565 1378 2624; x_wconf 76' lang='lat' dir='ltr'><em>necessitas,</em></span> 
     </span>
     <span class='ocr_line' id='line_1_25' title="bbox 238 2638 1378 2709; baseline 0.002 -18"><span class='ocrx_word' id='word_1_168' title='bbox 238 2645 322 2692; x_wconf 80' lang='lat' dir='ltr'><em>ouaur&#39;u</em></span> <span class='ocrx_word' id='word_1_169' title='bbox 335 2638 439 2708; x_wconf 81' lang='lat' dir='ltr'><em>perpeti</em></span> <span class='ocrx_word' id='word_1_170' title='bbox 456 2647 524 2694; x_wconf 76' lang='lat' dir='ltr'><em>Gerra</em></span> <span class='ocrx_word' id='word_1_171' title='bbox 541 2649 652 2694; x_wconf 76' lang='lat' dir='ltr'><em>hurtauuu</em></span> <span class='ocrx_word' id='word_1_172' title='bbox 668 2648 723 2694; x_wconf 91' lang='lat' dir='ltr'><em>ruit</em></span> <span class='ocrx_word' id='word_1_173' title='bbox 739 2663 785 2709; x_wconf 87' lang='lat' dir='ltr'><em>per</em></span> <span class='ocrx_word' id='word_1_174' title='bbox 829 2644 887 2706; x_wconf 88' lang='lat' dir='ltr'><em>quia</em></span> <span class='ocrx_word' id='word_1_175' title='bbox 904 2643 964 2692; x_wconf 87' lang='lat' dir='ltr'><em>haee</em></span> <span class='ocrx_word' id='word_1_176' title='bbox 981 2643 1047 2706; x_wconf 90' lang='lat' dir='ltr'><em>apud</em></span> <span class='ocrx_word' id='word_1_177' title='bbox 1064 2642 1197 2692; x_wconf 77' lang='lat' dir='ltr'><em>Horatium</em></span> <span class='ocrx_word' id='word_1_178' title='bbox 1213 2648 1238 2691; x_wconf 82' lang='lat' dir='ltr'><em>et</em></span> <span class='ocrx_word' id='word_1_179' title='bbox 1249 2641 1378 2693; x_wconf 86' lang='lat' dir='ltr'><em>Romanos</em></span> 
     </span>
     <span class='ocr_line' id='line_1_26' title="bbox 238 2723 1060 2788; baseline 0 -18"><span class='ocrx_word' id='word_1_180' title='bbox 238 2723 344 2771; x_wconf 84' lang='lat' dir='ltr'><em>uetitum</em></span> <span class='ocrx_word' id='word_1_181' title='bbox 354 2723 428 2787; x_wconf 80' lang='lat' dir='ltr'><em>nefus</em></span> <span class='ocrx_word' id='word_1_182' title='bbox 440 2726 542 2772; x_wconf 76' lang='lat' dir='ltr'><em>Audax.</em></span> <span class='ocrx_word' id='word_1_183' title='bbox 560 2725 647 2787; x_wconf 81' lang='lat' dir='ltr'><em>Iapeti</em></span> <span class='ocrx_word' id='word_1_184' title='bbox 658 2739 693 2788; x_wconf 90' lang='lat' dir='ltr'><em>sq.</em></span> <span class='ocrx_word' id='word_1_185' title='bbox 711 2726 786 2775; x_wconf 88' lang='lat' dir='ltr'><em>Nunc</em></span> <span class='ocrx_word' id='word_1_186' title='bbox 830 2735 880 2769; x_wconf 89' lang='lat' dir='ltr'><em>non</em></span> <span class='ocrx_word' id='word_1_187' title='bbox 897 2728 933 2770; x_wconf 90' lang='lat' dir='ltr'><em>est</em></span> <span class='ocrx_word' id='word_1_188' title='bbox 949 2736 1060 2784; x_wconf 88' lang='lat' dir='ltr'><em>persona.</em></span> 
     </span>
     <span class='ocr_line' id='line_1_27' title="bbox 238 2801 1379 2866; baseline 0.002 -18"><span class='ocrx_word' id='word_1_189' title='bbox 238 2801 341 2864; x_wconf 83' lang='lat' dir='ltr'><em>indigua</em></span> <span class='ocrx_word' id='word_1_190' title='bbox 363 2809 435 2865; x_wconf 89' lang='lat' dir='ltr'><em>puto,</em></span> <span class='ocrx_word' id='word_1_191' title='bbox 456 2817 519 2866; x_wconf 86' lang='lat' dir='ltr'><em>quae</em></span> <span class='ocrx_word' id='word_1_192' title='bbox 539 2803 703 2866; x_wconf 80' lang='lat' dir='ltr'><em>corrigantur.</em></span> <span class='ocrx_word' id='word_1_193' title='bbox 737 2804 784 2853; x_wconf 89' lang='lat' dir='ltr'><em>Bo-</em></span> <span class='ocrx_word' id='word_1_194' title='bbox 863 2803 989 2862; x_wconf 81' lang='lat' dir='ltr'><em>Perrupit</em></span> <span class='ocrx_word' id='word_1_195' title='bbox 1010 2801 1153 2850; x_wconf 80' lang='lat' dir='ltr'><em>Acheronta</em></span> <span class='ocrx_word' id='word_1_196' title='bbox 1175 2801 1318 2850; x_wconf 79' lang='lat' dir='ltr'><em>Herculeus</em></span> <span class='ocrx_word' id='word_1_197' title='bbox 1340 2803 1379 2850; x_wconf 83' lang='lat' dir='ltr'><em>lu·</em></span> 
     </span>
     <span class='ocr_line' id='line_1_28' title="bbox 238 2879 1378 2944; baseline 0.003 -18"><span class='ocrx_word' id='word_1_198' title='bbox 238 2880 305 2928; x_wconf 92' lang='lat' dir='ltr'><em>thius</em></span> <span class='ocrx_word' id='word_1_199' title='bbox 321 2881 420 2944; x_wconf 83' lang='lat' dir='ltr'><em>legebat</em></span> <span class='ocrx_word' id='word_1_200' title='bbox 438 2882 522 2930; x_wconf 83' lang='lat' dir='ltr'><em>Atreu</em></span> <span class='ocrx_word' id='word_1_201' title='bbox 538 2883 626 2944; x_wconf 89' lang='lat' dir='ltr'><em>Iupeti</em></span> <span class='ocrx_word' id='word_1_202' title='bbox 641 2897 725 2944; x_wconf 75' lang='lat' dir='ltr'><em>petrus.</em></span> <span class='ocrx_word' id='word_1_203' title='bbox 829 2881 879 2929; x_wconf 84' lang='lat' dir='ltr'><em>bor.</em></span> <span class='ocrx_word' id='word_1_204' title='bbox 904 2880 1027 2931; x_wconf 88' lang='lat' dir='ltr'><em>Hercules</em></span> <span class='ocrx_word' id='word_1_205' title='bbox 1043 2894 1094 2928; x_wconf 88' lang='lat' dir='ltr'><em>nun</em></span> <span class='ocrx_word' id='word_1_206' title='bbox 1110 2886 1163 2928; x_wconf 88' lang='lat' dir='ltr'><em>erat</em></span> <span class='ocrx_word' id='word_1_207' title='bbox 1177 2879 1259 2937; x_wconf 89' lang='lat' dir='ltr'><em>homo,</em></span> <span class='ocrx_word' id='word_1_208' title='bbox 1272 2879 1378 2929; x_wconf 90' lang='lat' dir='ltr'><em>utPro-</em></span> 
     </span>
     <span class='ocr_line' id='line_1_29' title="bbox 273 2956 1379 3024; baseline -0.002 -16"><span class='ocrx_word' id='word_1_209' title='bbox 273 2962 360 3023; x_wconf 77' lang='lat' dir='ltr'><em>Iouem</em></span> <span class='ocrx_word' id='word_1_210' title='bbox 369 2961 469 3024; x_wconf 81' lang='lat' dir='ltr'><em>froude</em></span> <span class='ocrx_word' id='word_1_211' title='bbox 485 2963 552 3009; x_wconf 72' lang='lat' dir='ltr'><em>oriola</em></span> <span class='ocrx_word' id='word_1_212' title='bbox 562 2963 676 3024; x_wconf 79' lang='lat' dir='ltr'><em>peutibua</em></span> <span class='ocrx_word' id='word_1_213' title='bbox 686 2963 783 3012; x_wconf 72' lang='lat' dir='ltr'><em>intulit.</em></span> <span class='ocrx_word' id='word_1_214' title='bbox 829 2959 942 3007; x_wconf 85' lang='lat' dir='ltr'><em>metheus</em></span> <span class='ocrx_word' id='word_1_215' title='bbox 959 2966 984 3009; x_wconf 89' lang='lat' dir='ltr'><em>et</em></span> <span class='ocrx_word' id='word_1_216' title='bbox 1000 2959 1140 3014; x_wconf 77' lang='lat' dir='ltr'><em>DaedaluS,</em></span> <span class='ocrx_word' id='word_1_217' title='bbox 1157 2958 1200 3006; x_wconf 87' lang='lat' dir='ltr'><em>sed</em></span> <span class='ocrx_word' id='word_1_218' title='bbox 1213 2957 1297 3015; x_wconf 86' lang='lat' dir='ltr'><em>heros,</em></span> <span class='ocrx_word' id='word_1_219' title='bbox 1308 2956 1379 3006; x_wconf 90' lang='lat' dir='ltr'><em>filius</em></span> 
     </span>
     <span class='ocr_line' id='line_1_30' title="bbox 240 3036 1378 3103; baseline -0.002 -16"><span class='ocrx_word' id='word_1_220' title='bbox 240 3037 324 3098; x_wconf 84' lang='lat' dir='ltr'><em>Quam</em></span> <span class='ocrx_word' id='word_1_221' title='bbox 348 3039 443 3088; x_wconf 89' lang='lat' dir='ltr'><em>odiosa:</em></span> <span class='ocrx_word' id='word_1_222' title='bbox 464 3055 523 3101; x_wconf 75' lang='lat' dir='ltr'><em>peris</em></span> <span class='ocrx_word' id='word_1_223' title='bbox 548 3041 672 3099; x_wconf 81' lang='lat' dir='ltr'><em>bumana,</em></span> <span class='ocrx_word' id='word_1_224' title='bbox 698 3042 785 3103; x_wconf 84' lang='lat' dir='ltr'><em>Iupeti</em></span> <span class='ocrx_word' id='word_1_225' title='bbox 828 3037 902 3088; x_wconf 77' lang='lat' dir='ltr'><em>Iovis,</em></span> <span class='ocrx_word' id='word_1_226' title='bbox 941 3039 1031 3102; x_wconf 84' lang='lat' dir='ltr'><em>Itaque</em></span> <span class='ocrx_word' id='word_1_227' title='bbox 1056 3036 1141 3086; x_wconf 87' lang='lat' dir='ltr'><em>referri</em></span> <span class='ocrx_word' id='word_1_228' title='bbox 1166 3051 1215 3085; x_wconf 91' lang='lat' dir='ltr'><em>non</em></span> <span class='ocrx_word' id='word_1_229' title='bbox 1239 3036 1320 3099; x_wconf 87' lang='lat' dir='ltr'><em>potuit</em></span> <span class='ocrx_word' id='word_1_230' title='bbox 1345 3037 1378 3085; x_wconf 87' lang='lat' dir='ltr'><em>ad</em></span> 
     </span>
     <span class='ocr_line' id='line_1_31' title="bbox 241 3114 1379 3180; baseline -0.001 -14"><span class='ocrx_word' id='word_1_231' title='bbox 241 3133 331 3179; x_wconf 69' lang='lat' dir='ltr'><em>aeuus,</em></span> <span class='ocrx_word' id='word_1_232' title='bbox 347 3119 461 3180; x_wconf 74' lang='lat' dir='ltr'><em>pentibus</em></span> <span class='ocrx_word' id='word_1_233' title='bbox 477 3119 582 3166; x_wconf 83' lang='lat' dir='ltr'><em>intulit!</em></span> <span class='ocrx_word' id='word_1_234' title='bbox 615 3118 734 3167; x_wconf 81' lang='lat' dir='ltr'><em>Burman.</em></span> <span class='ocrx_word' id='word_1_235' title='bbox 752 3120 784 3168; x_wconf 87' lang='lat' dir='ltr'><em>ad</em></span> <span class='ocrx_word' id='word_1_236' title='bbox 828 3117 944 3180; x_wconf 87' lang='lat' dir='ltr'><em>exempla</em></span> <span class='ocrx_word' id='word_1_237' title='bbox 955 3117 1070 3165; x_wconf 85' lang='lat' dir='ltr'><em>audaciae</em></span> <span class='ocrx_word' id='word_1_238' title='bbox 1081 3116 1213 3164; x_wconf 89' lang='lat' dir='ltr'><em>humanae.</em></span> <span class='ocrx_word' id='word_1_239' title='bbox 1238 3114 1379 3177; x_wconf 65' lang='lat' dir='ltr'><em>reaque</em></span> 
     </span>
     <span class='ocr_line' id='line_1_32' title="bbox 239 3193 1377 3258; baseline 0 -15"><span class='ocrx_word' id='word_1_240' title='bbox 239 3193 353 3258; x_wconf 88' lang='lat' dir='ltr'><em>Propert.</em></span> <span class='ocrx_word' id='word_1_241' title='bbox 372 3197 421 3245; x_wconf 87' lang='lat'>111.</span> <span class='ocrx_word' id='word_1_242' title='bbox 439 3198 462 3246; x_wconf 84' lang='lat'><em>3.</em></span> <span class='ocrx_word' id='word_1_243' title='bbox 480 3197 519 3245; x_wconf 86' lang='grc'><em>31.</em></span> <span class='ocrx_word' id='word_1_244' title='bbox 536 3197 644 3245; x_wconf 88' lang='lat' dir='ltr'><em>coniicit:</em></span> <span class='ocrx_word' id='word_1_245' title='bbox 662 3200 785 3247; x_wconf 77' lang='lat' dir='ltr'><em>uamtibus</em></span> <span class='ocrx_word' id='word_1_246' title='bbox 828 3196 950 3245; x_wconf 89' lang='lat' dir='ltr'><em>Hercules</em></span> <span class='ocrx_word' id='word_1_247' title='bbox 968 3195 1035 3252; x_wconf 86' lang='lat' dir='ltr'><em>iecit,</em></span> <span class='ocrx_word' id='word_1_248' title='bbox 1052 3209 1097 3242; x_wconf 90' lang='lat' dir='ltr'><em>sua</em></span> <span class='ocrx_word' id='word_1_249' title='bbox 1113 3201 1199 3257; x_wconf 88' lang='lat' dir='ltr'><em>sponte</em></span> <span class='ocrx_word' id='word_1_250' title='bbox 1210 3193 1278 3251; x_wconf 88' lang='lat' dir='ltr'><em>feeit,</em></span> <span class='ocrx_word' id='word_1_251' title='bbox 1289 3194 1333 3242; x_wconf 88' lang='lat' dir='ltr'><em>sed</em></span> <span class='ocrx_word' id='word_1_252' title='bbox 1345 3195 1377 3243; x_wconf 87' lang='lat' dir='ltr'><em>ab</em></span> 
     </span>
     <span class='ocr_line' id='line_1_33' title="bbox 238 3273 1377 3340; baseline 0.003 -20"><span class='ocrx_word' id='word_1_253' title='bbox 238 3275 331 3323; x_wconf 81' lang='lat' dir='ltr'><em>inoluit.</em></span> <span class='ocrx_word' id='word_1_254' title='bbox 369 3273 442 3335; x_wconf 89' lang='lat' dir='ltr'><em>Quod</em></span> <span class='ocrx_word' id='word_1_255' title='bbox 463 3274 647 3324; x_wconf 77' lang='lat' dir='ltr'><em>Grammaticus</em></span> <span class='ocrx_word' id='word_1_256' title='bbox 668 3290 718 3325; x_wconf 89' lang='lat' dir='ltr'><em>non</em></span> <span class='ocrx_word' id='word_1_257' title='bbox 738 3292 784 3340; x_wconf 91' lang='lat' dir='ltr'><em>pro</em></span> <span class='ocrx_word' id='word_1_258' title='bbox 827 3273 970 3336; x_wconf 83' lang='lat' dir='ltr'><em>Eurystheo</em></span> <span class='ocrx_word' id='word_1_259' title='bbox 987 3280 1099 3329; x_wconf 87' lang='lat' dir='ltr'><em>coaetus,</em></span> <span class='ocrx_word' id='word_1_260' title='bbox 1112 3274 1193 3321; x_wconf 87' lang='lat' dir='ltr'><em>iussus</em></span> <span class='ocrx_word' id='word_1_261' title='bbox 1204 3273 1272 3337; x_wconf 69' lang='lat' dir='ltr'><em>adea</em></span> <span class='ocrx_word' id='word_1_262' title='bbox 1290 3273 1377 3334; x_wconf 83' lang='lat' dir='ltr'><em>Quare</em></span> 
     </span>
     <span class='ocr_line' id='line_1_34' title="bbox 239 3351 1376 3422; baseline -0.002 -22"><span class='ocrx_word' id='word_1_263' title='bbox 239 3367 285 3401; x_wconf 89' lang='lat' dir='ltr'><em>suo</em></span> <span class='ocrx_word' id='word_1_264' title='bbox 306 3360 457 3422; x_wconf 80' lang='lat' dir='ltr'><em>agnosceret.</em></span> <span class='ocrx_word' id='word_1_265' title='bbox 491 3354 557 3402; x_wconf 86' lang='lat' dir='ltr'><em>Nam</em></span> <span class='ocrx_word' id='word_1_266' title='bbox 581 3355 661 3418; x_wconf 74' lang='lat' dir='ltr'><em>ipuem</em></span> <span class='ocrx_word' id='word_1_267' title='bbox 686 3355 784 3418; x_wconf 86' lang='lat' dir='ltr'><em>proprio</em></span> <span class='ocrx_word' id='word_1_268' title='bbox 827 3366 874 3401; x_wconf 90' lang='lat' dir='ltr'><em>sua</em></span> <span class='ocrx_word' id='word_1_269' title='bbox 890 3351 993 3401; x_wconf 81' lang='lat' dir='ltr'><em>Herculi</em></span> <span class='ocrx_word' id='word_1_270' title='bbox 1009 3351 1113 3398; x_wconf 86' lang='lat' dir='ltr'><em>audacia</em></span> <span class='ocrx_word' id='word_1_271' title='bbox 1127 3365 1159 3399; x_wconf 89' lang='lat' dir='ltr'><em>ne</em></span> <span class='ocrx_word' id='word_1_272' title='bbox 1176 3351 1236 3398; x_wconf 85' lang='lat' dir='ltr'><em>vit-io</em></span> <span class='ocrx_word' id='word_1_273' title='bbox 1253 3358 1376 3409; x_wconf 84' lang='lat' dir='ltr'><em>vertatur,</em></span> 
     </span>
     <span class='ocr_line' id='line_1_35' title="bbox 238 3430 1377 3496; baseline -0.001 -16"><span class='ocrx_word' id='word_1_274' title='bbox 238 3446 311 3480; x_wconf 88' lang='lat' dir='ltr'><em>seusu</em></span> <span class='ocrx_word' id='word_1_275' title='bbox 326 3447 378 3481; x_wconf 90' lang='lat' dir='ltr'><em>esse</em></span> <span class='ocrx_word' id='word_1_276' title='bbox 389 3432 783 3496; x_wconf 85' lang='lat' dir='ltr'><em>intelligendum,appareteno-</em></span> <span class='ocrx_word' id='word_1_277' title='bbox 827 3438 856 3480; x_wconf 87' lang='lat' dir='ltr'><em>ut</em></span> <span class='ocrx_word' id='word_1_278' title='bbox 876 3431 990 3481; x_wconf 84' lang='lat' dir='ltr'><em>Daedalo</em></span> <span class='ocrx_word' id='word_1_279' title='bbox 1011 3438 1036 3479; x_wconf 87' lang='lat' dir='ltr'><em>et</em></span> <span class='ocrx_word' id='word_1_280' title='bbox 1061 3430 1218 3480; x_wconf 89' lang='lat' dir='ltr'><em>Prometheo.</em></span> <span class='ocrx_word' id='word_1_281' title='bbox 1251 3431 1377 3480; x_wconf 88' lang='lat' dir='ltr'><em>Hercules</em></span> 
     </span>
     <span class='ocr_line' id='line_1_36' title="bbox 238 3508 1374 3573; baseline 0.006 -16"><span class='ocrx_word' id='word_1_282' title='bbox 238 3511 275 3558; x_wconf 82' lang='lat' dir='ltr'><em>vis</em></span> <span class='ocrx_word' id='word_1_283' title='bbox 292 3511 394 3567; x_wconf 83' lang='lat' dir='ltr'><em>morbis,</em></span> <span class='ocrx_word' id='word_1_284' title='bbox 415 3511 470 3573; x_wconf 85' lang='lat' dir='ltr'><em>qui,</em></span> <span class='ocrx_word' id='word_1_285' title='bbox 490 3512 549 3573; x_wconf 85' lang='lat' dir='ltr'><em>igue</em></span> <span class='ocrx_word' id='word_1_286' title='bbox 565 3511 678 3569; x_wconf 85' lang='lat' dir='ltr'><em>invento,</em></span> <span class='ocrx_word' id='word_1_287' title='bbox 696 3512 783 3562; x_wconf 90' lang='lat' dir='ltr'><em>huma·</em></span> <span class='ocrx_word' id='word_1_288' title='bbox 825 3510 938 3557; x_wconf 86' lang='lat' dir='ltr'><em>excusari</em></span> <span class='ocrx_word' id='word_1_289' title='bbox 954 3516 1046 3573; x_wconf 69' lang='lat' dir='ltr'><em>potest,</em></span> <span class='ocrx_word' id='word_1_290' title='bbox 1064 3523 1114 3557; x_wconf 82' lang='lat' dir='ltr'><em>110ss</em></span> <span class='ocrx_word' id='word_1_291' title='bbox 1132 3508 1249 3557; x_wconf 58' lang='lat' dir='ltr'><em>aoeuwri·</em></span> <span class='ocrx_word' id='word_1_292' title='bbox 1284 3511 1320 3558; x_wconf 73' lang='lat' dir='ltr'><em>Et</em></span> <span class='ocrx_word' id='word_1_293' title='bbox 1337 3525 1374 3559; x_wconf 60' lang='lat' dir='ltr'><em>sa</em></span> 
     </span>
     <span class='ocr_line' id='line_1_37' title="bbox 239 3587 1376 3651; baseline 0.004 -17"><span class='ocrx_word' id='word_1_294' title='bbox 239 3601 301 3635; x_wconf 90' lang='lat' dir='ltr'><em>num</em></span> <span class='ocrx_word' id='word_1_295' title='bbox 319 3602 398 3649; x_wconf 85' lang='lat' dir='ltr'><em>genus</em></span> <span class='ocrx_word' id='word_1_296' title='bbox 414 3589 533 3637; x_wconf 87' lang='lat' dir='ltr'><em>invasere.</em></span> <span class='ocrx_word' id='word_1_297' title='bbox 825 3587 907 3636; x_wconf 90' lang='lat' dir='ltr'><em>lemus</em></span> <span class='ocrx_word' id='word_1_298' title='bbox 932 3588 997 3636; x_wconf 90' lang='lat' dir='ltr'><em>hanc</em></span> <span class='ocrx_word' id='word_1_299' title='bbox 1021 3588 1119 3637; x_wconf 83' lang='lat' dir='ltr'><em>veniam</em></span> <span class='ocrx_word' id='word_1_300' title='bbox 1144 3594 1234 3651; x_wconf 82' lang='lat' dir='ltr'><em>petere.</em></span> <span class='ocrx_word' id='word_1_301' title='bbox 1281 3588 1376 3639; x_wconf 85' lang='lat' dir='ltr'><em>Seneca</em></span> 
     </span>
     <span class='ocr_line' id='line_1_38' title="bbox 272 3666 1374 3729; baseline 0.004 -15"><span class='ocrx_word' id='word_1_302' title='bbox 272 3668 337 3715; x_wconf 87' lang='lat' dir='ltr'><em>Post</em></span> <span class='ocrx_word' id='word_1_303' title='bbox 358 3669 439 3729; x_wconf 77' lang='lat' dir='ltr'><em>iprum</em></span> <span class='ocrx_word' id='word_1_304' title='bbox 455 3669 568 3717; x_wconf 80' lang='lat' dir='ltr'><em>aetheria</em></span> <span class='ocrx_word' id='word_1_305' title='bbox 584 3671 654 3718; x_wconf 70' lang='lat' dir='ltr'><em>dorsu</em></span> <span class='ocrx_word' id='word_1_306' title='bbox 672 3671 783 3722; x_wconf 84' lang='lat' dir='ltr'><em>Subduc·</em></span> <span class='ocrx_word' id='word_1_307' title='bbox 826 3668 916 3716; x_wconf 84' lang='lat' dir='ltr'><em>Medea</em></span> <span class='ocrx_word' id='word_1_308' title='bbox 928 3669 985 3716; x_wconf 86' lang='grc'><strong>669.</strong></span> <span class='ocrx_word' id='word_1_309' title='bbox 1010 3669 1116 3717; x_wconf 86' lang='lat' dir='ltr'><em>Parcite</em></span> <span class='ocrx_word' id='word_1_310' title='bbox 1125 3669 1200 3716; x_wconf 73' lang='lat' dir='ltr'><em>litero.</em></span> <span class='ocrx_word' id='word_1_311' title='bbox 1213 3666 1255 3714; x_wconf 91' lang='lat' dir='ltr'><em>ubi</em></span> <span class='ocrx_word' id='word_1_312' title='bbox 1270 3683 1293 3716; x_wconf 85' lang='lat' dir='ltr'><em>v.</em></span> <span class='ocrx_word' id='word_1_313' title='bbox 1311 3667 1374 3718; x_wconf 78' lang='lat' dir='ltr'><em>Gru</em></span> 
     </span>
     <span class='ocr_line' id='line_1_39' title="bbox 238 3746 1375 3811; baseline 0.002 -17"><span class='ocrx_word' id='word_1_314' title='bbox 238 3752 301 3796; x_wconf 81' lang='lat' dir='ltr'><em>tura.</em></span> <span class='ocrx_word' id='word_1_315' title='bbox 335 3747 393 3795; x_wconf 88' lang='lat' dir='ltr'><em>Nun</em></span> <span class='ocrx_word' id='word_1_316' title='bbox 409 3746 449 3794; x_wconf 91' lang='lat' dir='ltr'><em>hic</em></span> <span class='ocrx_word' id='word_1_317' title='bbox 465 3754 519 3796; x_wconf 89' lang='lat' dir='ltr'><em>erat</em></span> <span class='ocrx_word' id='word_1_318' title='bbox 534 3746 605 3795; x_wconf 86' lang='lat' dir='ltr'><em>loeus</em></span> <span class='ocrx_word' id='word_1_319' title='bbox 622 3748 784 3811; x_wconf 85' lang='lat' dir='ltr'><em>explicandae</em></span> <span class='ocrx_word' id='word_1_320' title='bbox 826 3762 882 3797; x_wconf 90' lang='lat' dir='ltr'><em>nov.</em></span> <span class='ocrx_word' id='word_1_321' title='bbox 925 3746 1058 3797; x_wconf 87' lang='lat' dir='ltr'><em>Caeterum</em></span> <span class='ocrx_word' id='word_1_322' title='bbox 1092 3746 1238 3809; x_wconf 83' lang='lat' dir='ltr'><em>interpretes</em></span> <span class='ocrx_word' id='word_1_323' title='bbox 1268 3760 1375 3796; x_wconf 84' lang='lat' dir='ltr'><em>acumen</em></span> 
     </span>
     <span class='ocr_line' id='line_1_40' title="bbox 238 3823 1375 3889; baseline 0.003 -16"><span class='ocrx_word' id='word_1_324' title='bbox 238 3825 381 3873; x_wconf 87' lang='lat' dir='ltr'><em>Promethei</em></span> <span class='ocrx_word' id='word_1_325' title='bbox 395 3823 503 3873; x_wconf 84' lang='lat' dir='ltr'><em>fabulae.</em></span> <span class='ocrx_word' id='word_1_326' title='bbox 524 3823 607 3884; x_wconf 84' lang='lat' dir='ltr'><em>Quam</em></span> <span class='ocrx_word' id='word_1_327' title='bbox 617 3825 719 3874; x_wconf 88' lang='lat' dir='ltr'><em>humilis</em></span> <span class='ocrx_word' id='word_1_328' title='bbox 730 3841 783 3876; x_wconf 88' lang='lat' dir='ltr'><em>sen·</em></span> <span class='ocrx_word' id='word_1_329' title='bbox 827 3824 987 3875; x_wconf 86' lang='lat' dir='ltr'><em>Grammatiei</em></span> <span class='ocrx_word' id='word_1_330' title='bbox 1007 3839 1057 3873; x_wconf 90' lang='lat' dir='ltr'><em>non</em></span> <span class='ocrx_word' id='word_1_331' title='bbox 1078 3831 1208 3889; x_wconf 87' lang='lat' dir='ltr'><em>ceperunt,</em></span> <span class='ocrx_word' id='word_1_332' title='bbox 1229 3826 1375 3889; x_wconf 83' lang='lat' dir='ltr'><em>accipientes</em></span> 
     </span>
     <span class='ocr_line' id='line_1_41' title="bbox 238 3903 1376 3968; baseline 0.003 -17"><span class='ocrx_word' id='word_1_333' title='bbox 238 3904 316 3952; x_wconf 89' lang='lat' dir='ltr'><em>tentia</em></span> <span class='ocrx_word' id='word_1_334' title='bbox 339 3904 365 3952; x_wconf 91' lang='lat' dir='ltr'><em>in</em></span> <span class='ocrx_word' id='word_1_335' title='bbox 392 3903 484 3967; x_wconf 83' lang='lat' dir='ltr'><em>Lyrieo</em></span> <span class='ocrx_word' id='word_1_336' title='bbox 508 3905 618 3953; x_wconf 89' lang='lat' dir='ltr'><em>carmine</em></span> <span class='ocrx_word' id='word_1_337' title='bbox 642 3908 723 3968; x_wconf 76' lang='lat' dir='ltr'><em>“Ioue</em></span> <span class='ocrx_word' id='word_1_338' title='bbox 746 3909 783 3956; x_wconf 89' lang='lat' dir='ltr'><em>iu·</em></span> <span class='ocrx_word' id='word_1_339' title='bbox 829 3907 983 3955; x_wconf 86' lang='lat' dir='ltr'><em>Herculeum</em></span> <span class='ocrx_word' id='word_1_340' title='bbox 1010 3907 1117 3954; x_wconf 83' lang='lat' dir='ltr'><em>laborem</em></span> <span class='ocrx_word' id='word_1_341' title='bbox 1142 3905 1173 3953; x_wconf 89' lang='lat' dir='ltr'><em>de</em></span> <span class='ocrx_word' id='word_1_342' title='bbox 1197 3904 1222 3953; x_wconf 89' lang='lat' dir='ltr'><em>vi</em></span> <span class='ocrx_word' id='word_1_343' title='bbox 1243 3911 1268 3954; x_wconf 89' lang='lat' dir='ltr'><em>et</em></span> <span class='ocrx_word' id='word_1_344' title='bbox 1285 3905 1376 3954; x_wconf 90' lang='lat' dir='ltr'><em>robore</em></span> 
     </span>
     <span class='ocr_line' id='line_1_42' title="bbox 238 3982 1373 4048; baseline 0.001 -16"><span class='ocrx_word' id='word_1_345' title='bbox 238 3988 309 4032; x_wconf 75' lang='lat' dir='ltr'><em>ueruto</em></span> <span class='ocrx_word' id='word_1_346' title='bbox 335 3984 459 4045; x_wconf 84' lang='lat' dir='ltr'><em>coctisque</em></span> <span class='ocrx_word' id='word_1_347' title='bbox 482 3985 560 4045; x_wconf 84' lang='lat' dir='ltr'><em>cibis,</em></span> <span class='ocrx_word' id='word_1_348' title='bbox 585 3985 694 4033; x_wconf 77' lang='lat' dir='ltr'><em>bourims</em></span> <span class='ocrx_word' id='word_1_349' title='bbox 712 3984 784 4047; x_wconf 85' lang='lat' dir='ltr'><em>sacti</em></span> <span class='ocrx_word' id='word_1_350' title='bbox 825 3983 954 4042; x_wconf 87' lang='lat' dir='ltr'><em>Herculis,</em></span> <span class='ocrx_word' id='word_1_351' title='bbox 980 3992 1008 4032; x_wconf 91' lang='lat' dir='ltr'><em>ut</em></span> <span class='ocrx_word' id='word_1_352' title='bbox 1033 3986 1127 4035; x_wconf 84' lang='lat' dir='ltr'><em>Graece</em></span> <span class='ocrx_word' id='word_1_353' title='bbox 1152 3984 1198 4047; x_wconf 82' lang='grc' dir='ltr'><em>βίη</em></span> <span class='ocrx_word' id='word_1_354' title='bbox 1229 3982 1373 4048; x_wconf 71' lang='grc' dir='ltr'>Ἡρακλείη.</span> 
     </span>
     <span class='ocr_line' id='line_1_43' title="bbox 234 4063 1373 4127; baseline 0.001 -17"><span class='ocrx_word' id='word_1_355' title='bbox 234 4068 298 4110; x_wconf 84' lang='lat' dir='ltr'><em>suut</em></span> <span class='ocrx_word' id='word_1_356' title='bbox 331 4063 469 4122; x_wconf 75' lang='lat' dir='ltr'><em>irruituros,</em></span> <span class='ocrx_word' id='word_1_357' title='bbox 497 4064 663 4127; x_wconf 77' lang='lat' dir='ltr'><em>pluribusque</em></span> <span class='ocrx_word' id='word_1_358' title='bbox 692 4068 783 4114; x_wconf 72' lang='lat' dir='ltr'><em>rutubis</em></span> <span class='ocrx_word' id='word_1_359' title='bbox 825 4063 892 4111; x_wconf 88' lang='lat' dir='ltr'><em>Nam</em></span> <span class='ocrx_word' id='word_1_360' title='bbox 909 4064 1037 4112; x_wconf 88' lang='lat' dir='ltr'><em>duedecim</em></span> <span class='ocrx_word' id='word_1_361' title='bbox 1054 4064 1099 4112; x_wconf 93' lang='lat' dir='ltr'><em>illa</em></span> <span class='ocrx_word' id='word_1_362' title='bbox 1115 4064 1250 4112; x_wconf 87' lang='lat' dir='ltr'><em>certamina</em></span> <span class='ocrx_word' id='word_1_363' title='bbox 1266 4063 1318 4111; x_wconf 88' lang='lat' dir='ltr'><em>sive</em></span> <span class='ocrx_word' id='word_1_364' title='bbox 1333 4079 1373 4127; x_wconf 90' lang='lat' dir='ltr'><em>pe-</em></span> 
     </span>
     <span class='ocr_line' id='line_1_44' title="bbox 237 4139 1373 4206; baseline 0.005 -20"><span class='ocrx_word' id='word_1_365' title='bbox 237 4140 358 4186; x_wconf 83' lang='lat' dir='ltr'><em>obuo.rii.&#39;’</em></span> <span class='ocrx_word' id='word_1_366' title='bbox 393 4141 549 4190; x_wconf 81' lang='lat' dir='ltr'><em>Subdnotuur</em></span> <span class='ocrx_word' id='word_1_367' title='bbox 570 4139 729 4205; x_wconf 87' lang='lat' dir='ltr'><em>Oudendorp.</em></span> <span class='ocrx_word' id='word_1_368' title='bbox 751 4144 782 4190; x_wconf 74' lang='lat' dir='ltr'><em>sul</em></span> <span class='ocrx_word' id='word_1_369' title='bbox 825 4143 932 4191; x_wconf 88' lang='lat' dir='ltr'><em>riculosa</em></span> <span class='ocrx_word' id='word_1_370' title='bbox 959 4142 1036 4200; x_wconf 85' lang='lat' dir='ltr'><em>facta,</em></span> <span class='ocrx_word' id='word_1_371' title='bbox 1064 4159 1129 4206; x_wconf 86' lang='lat' dir='ltr'><em>quae</em></span> <span class='ocrx_word' id='word_1_372' title='bbox 1157 4143 1251 4194; x_wconf 85' lang='lat' dir='ltr'><em>Graece</em></span> <span class='ocrx_word' id='word_1_373' title='bbox 1279 4143 1373 4205; x_wconf 66' lang='grc' dir='ltr'>ἇθλοι,</span> 
     </span>
     <span class='ocr_line' id='line_1_45' title="bbox 238 4215 1374 4287; baseline 0.005 -23"><span class='ocrx_word' id='word_1_374' title='bbox 238 4215 333 4264; x_wconf 87' lang='lat' dir='ltr'><em>Lucan.</em></span> <span class='ocrx_word' id='word_1_375' title='bbox 360 4217 396 4264; x_wconf 84' lang='grc' dir='ltr'><em>ΙΙ.</em></span> <span class='ocrx_word' id='word_1_376' title='bbox 417 4218 473 4268; x_wconf 82' lang='grc'>475.</span> <span class='ocrx_word' id='word_1_377' title='bbox 494 4218 603 4268; x_wconf 88' lang='lat' dir='ltr'><em>defendit</em></span> <span class='ocrx_word' id='word_1_378' title='bbox 622 4228 710 4269; x_wconf 88' lang='lat' dir='ltr'><em>contra</em></span> <span class='ocrx_word' id='word_1_379' title='bbox 729 4235 782 4279; x_wconf 87' lang='lat' dir='ltr'><em>eos,</em></span> <span class='ocrx_word' id='word_1_380' title='bbox 826 4221 937 4287; x_wconf 78' lang='grc' dir='ltr'><strong><em>ἀγῶνες,</em></strong></span> <span class='ocrx_word' id='word_1_381' title='bbox 959 4223 1019 4286; x_wconf 82' lang='grc' dir='ltr'><em>ἔργα</em></span> <span class='ocrx_word' id='word_1_382' title='bbox 1040 4230 1065 4270; x_wconf 91' lang='lat' dir='ltr'><em>et</em></span> <span class='ocrx_word' id='word_1_383' title='bbox 1087 4224 1164 4270; x_wconf 82' lang='grc' dir='ltr'>πόνοι</span> <span class='ocrx_word' id='word_1_384' title='bbox 1181 4220 1374 4285; x_wconf 85' lang='lat' dir='ltr'><em>appellabantur</em></span> 
     </span>
     <span class='ocr_line' id='line_1_46' title="bbox 239 4291 1372 4362; baseline 0.007 -22"><span class='ocrx_word' id='word_1_385' title='bbox 239 4293 282 4356; x_wconf 85' lang='lat' dir='ltr'><em>qui</em></span> <span class='ocrx_word' id='word_1_386' title='bbox 299 4291 415 4341; x_wconf 87' lang='lat' dir='ltr'><em>velebant</em></span> <span class='ocrx_word' id='word_1_387' title='bbox 430 4297 622 4346; x_wconf 78' lang='lat' dir='ltr'><em>subrectuurvel</em></span> <span class='ocrx_word' id='word_1_388' title='bbox 636 4301 780 4349; x_wconf 76' lang='lat' dir='ltr'><em>sirblectum.</em></span> <span class='ocrx_word' id='word_1_389' title='bbox 826 4299 858 4361; x_wconf 90' lang='lat' dir='ltr'><em>(v.</em></span> <span class='ocrx_word' id='word_1_390' title='bbox 876 4300 983 4349; x_wconf 84' lang='lat' dir='ltr'><em>Fischer.</em></span> <span class='ocrx_word' id='word_1_391' title='bbox 1002 4300 1033 4348; x_wconf 91' lang='lat' dir='ltr'><em>ad</em></span> <span class='ocrx_word' id='word_1_392' title='bbox 1051 4301 1144 4349; x_wconf 83' lang='lat' dir='ltr'><em>Anacr.</em></span> <span class='ocrx_word' id='word_1_393' title='bbox 1163 4299 1209 4350; x_wconf 91' lang='lat' dir='ltr'><em>Od.</em></span> <span class='ocrx_word' id='word_1_394' title='bbox 1229 4301 1249 4348; x_wconf 93' lang='grc' dir='ltr'><em>Ι.</em></span> <span class='ocrx_word' id='word_1_395' title='bbox 1261 4301 1296 4362; x_wconf 83' lang='lat'><em>7.)</em></span> <span class='ocrx_word' id='word_1_396' title='bbox 1323 4300 1372 4348; x_wconf 80' lang='lat' dir='ltr'><em>Im·</em></span> 
     </span>
    </p>
   </div>
   <div class='ocr_carea' id='block_1_5' title="bbox 0 0 1462 5220">
    <p class='ocr_par' dir='ltr' id='par_1_10' title="bbox 0 0 1462 5220">
     <span class='ocr_line' id='line_1_47' title="bbox 0 0 1462 5220; baseline 0 0"><span class='ocrx_word' id='word_1_397' title='bbox 0 0 1462 5220; x_wconf 95' lang='lat' dir='ltr'><em> </em></span> 
     </span>
    </p>
   </div>
  </div>
 </body>
</html>
