2916 5220
640 317 955 381 (triltMelNUM

366 503 436 567 Iam
458 509 490 568 te
511 510 636 587 premet
657 525 723 567 nox
744 503 937 587 fabulaeque
959 503 1089 585 Manes,

233 686 288 734 990.
307 687 366 734 haec
382 687 417 734 ita
434 687 556 735 laudavit:
573 693 776 750 aperuuoauetnt
820 687 855 734 tio
879 687 905 735 in
926 688 1033 736 Excute.
1055 687 1118 736 VH.
1140 689 1172 736 ad
1189 687 1290 738 Catilio.
1309 690 1366 740 sar-

232 768 322 814 uddere
339 767 443 828 loupum.
819 764 893 814 lustri.
912 766 1006 816 Seneca
1021 767 1110 829 igitur:
1131 768 1239 830 Tempus
1255 784 1300 817 noa
1312 771 1365 817 aui·

265 845 324 891 Iam
342 850 366 893 te
381 851 478 907 premet
488 860 538 894 nou
546 844 703 908 fabulaeque
718 843 775 893 Mu-
819 847 879 894 dum
896 847 998 895 decurro
1019 853 1044 894 et
1063 849 1144 896 eltnae.
1180 846 1254 896 More
1273 848 1366 896 iudiui-

232 938 279 970 uer.
314 923 344 971 Irr
367 923 499 972 nonnullas
525 923 642 972 editiones
663 923 775 986 antiquas
818 926 870 971 dira
887 931 925 972 eat
942 927 1017 974 noxia
1042 927 1151 988 corpori,
1179 928 1233 975 Nec
1255 942 1367 989 parcens

231 1002 327 1064 irrepsit
338 1002 493 1065 fabulaeque
509 1002 608 1049 iunuee:
621 1001 775 1064 etsicscrip·
819 1004 925 1051 uuiruue.
957 1005 1075 1053 Taenara
1091 1010 1116 1052 et
1133 1019 1222 1066 cepero
1247 1007 1366 1068 Reyuum

232 1081 262 1127 sit
284 1081 316 1130 G.
337 1082 449 1130 Faernus
469 1083 494 1129 irr
515 1081 578 1128 libro
599 1081 647 1153 (lep
655 1081 776 1129 Versibus
818 1086 864 1131 aab
881 1083 989 1140 dauriae,
1007 1085 1081 1131 limen
1098 1089 1123 1130 et
1136 1084 1246 1132 obrideru
1273 1084 1367 1133 Gruter

232 1159 349 1216 Comicis,
378 1167 433 1223 post
459 1161 570 1209 Fabulae
595 1160 670 1223 ipsius
695 1161 775 1218 edito,
819 1176 869 1209 utm
896 1161 975 1224 sacili
1002 1162 1120 1210 Cerberus
1144 1164 1214 1221 ortlo,
1240 1164 1367 1214 Ruurores

232 1254 280 1301 pag
306 1241 345 1289 94.
364 1241 401 1288 ed.
420 1239 509 1289 Patav.
543 1240 584 1287 Ex
605 1254 654 1301 qua
671 1238 775 1288 lectione
818 1240 900 1296 uacui,
924 1243 1046 1304 verbaque
1065 1242 1164 1301 inuniri,
1191 1243 1230 1289 Et
1248 1258 1301 1304 pur
1316 1247 1366 1293 eol-

232 1325 315 1368 tamen
344 1334 393 1368 non
422 1319 512 1367 clarior
541 1319 661 1367 sententie
685 1318 775 1375 oritur,
818 1317 887 1365 licito
897 1317 994 1380 fabulo
1009 1320 1108 1368 aonium.
1137 1318 1208 1368 Idem
1225 1320 1305 1383 Epist.
1321 1323 1366 1373 82.

230 1412 305 1459 quam
322 1414 354 1447 ex
371 1398 483 1460 vulgata.
517 1396 608 1446 Murus
626 1396 734 1460 subulae
752 1403 776 1446 te
819 1393 893 1444 Mem
910 1399 1032 1446 contemni
1048 1399 1119 1446 debet
1135 1399 1215 1460 meeis
1231 1414 1307 1461 quum
1325 1416 1364 1451 ao-

228 1484 354 1538 prement:
372 1472 550 1533 metabulum,
568 1476 712 1540 ficta,quae
725 1492 775 1525 non
817 1475 858 1522 let.
893 1473 982 1524 Multa
1006 1477 1072 1525 enim
1096 1479 1127 1525 de
1150 1478 1197 1524 illa
1223 1480 1369 1529 crediuuu:

230 1561 324 1613 exstat,
341 1571 424 1619 nugae
440 1563 465 1605 te
481 1562 600 1619 prement.
629 1555 685 1617 Quo
702 1569 774 1603 sensu
817 1555 953 1602 multorum
977 1556 1082 1617 iupeniia
1106 1560 1230 1604 certatum
1255 1565 1306 1615 eat,
1330 1563 1369 1608 ud

231 1631 376 1681 Terentium
393 1634 484 1697 Hecyr.
501 1634 549 1682 IV.
567 1635 590 1682 3.
611 1634 648 1682 rl.
665 1635 716 1682 irrue
733 1650 776 1682 uos
817 1635 957 1694 uouendum
973 1636 1027 1683 eiua
1045 1634 1185 1698 iufamium.
1208 1638 1366 1700 Descriptus

223 1710 332 1772 fabulae
343 1727 439 1769 rituum,
452 1712 542 1761 dixisse
555 1719 626 1774 putat
639 1711 773 1761 Ruhnken.
816 1717 854 1759 eet
871 1727 956 1762 career
972 1712 1100 1776 inserirur,
1124 1719 1149 1762 et
1157 1721 1283 1777 perpetuu
1294 1724 1367 1768 nocte

230 1789 335 1837 laudans
361 1790 427 1838 hunc
455 1791 536 1853 ipsum
561 1792 658 1840 Horatii
682 1791 774 1841 locum.
816 1804 935 1852 uppremo
955 1794 1033 1854 recia,
1049 1792 1077 1838 iu
1093 1808 1144 1855 quo
1163 1794 1248 1855 iupeua
1268 1796 1366 1844 ianitor

231 1867 273 1917 Sic
290 1867 363 1918 Ouid.
382 1868 416 1918 X.
433 1870 537 1919 Metam.
556 1872 612 1920 561.
625 1870 773 1934 uoufirlrula
820 1869 881 1917 Orci
897 1882 934 1932 sq.
961 1872 1011 1918 Sed
1027 1871 1116 1930 etium,
1134 1885 1190 1918 cum
1206 1877 1366 1933 persuaseris

230 1963 316 1997 runror
341 1951 394 1998 Ille
421 1949 487 2013 fuit.
516 1949 559 1997 ubi
584 1950 671 1998 Heius.
705 1949 773 1998 “Ru-
816 1946 869 1993 iata
887 1946 995 2010 februus
1012 1963 1075 2009 ease,
1098 1963 1142 1998 uec
1163 1951 1299 2012 quidquam
1321 1957 1363 2004 ole-

230 2041 284 2075 mor
310 2027 353 2076 ille
376 2042 426 2076 non
451 2028 498 2076 fuit
520 2029 597 2078 frctus.
638 2027 679 2077 Sic
694 2028 773 2089 subu·
810 2022 914 2086 fuuctr'a
955 2042 1096 2090 superesse,
1139 2030 1204 2089 quod
1241 2031 1365 2095 timeant,

230 2106 270 2154 lue
304 2121 388 2154 irmues
421 2107 487 2169 apud
520 2107 677 2156 Horatium.''
719 2107 774 2155 Hoc
816 2106 885 2152 cubit
909 2107 976 2154 aliiae
997 2111 1083 2155 nutem.
1117 2105 1188 2155 Idem
1209 2106 1308 2158 Consul.
1331 2113 1364 2160 ad

229 2196 307 2244 quum
325 2191 387 2232 esset
402 2186 527 2248 ineptum,
544 2185 625 2234 Faber
642 2185 672 2232 ad
685 2185 772 2234 lustin.
817 2181 938 2231 Marciam
966 2184 1003 2232 19.
1043 2186 1113 2241 Illa,
1140 2201 1204 2248 quoe
1227 2190 1295 2236 uobu
1320 2191 1362 2238 iu·

229 2259 323 2310 Hister.
341 2262 376 2312 Il.
394 2264 409 2310 6
426 2264 599 2326 cogitationem
616 2263 672 2311 falsi
689 2263 724 2311 ita
740 2263 774 2312 le·
810 2260 884 2323 fmus
903 2262 1010 2326 fuciurrt
1035 2265 1174 2324 terribiles,
1193 2265 1289 2328 subula
1314 2277 1363 2319 eut.

229 2340 285 2398 niit,
304 2348 333 2389 ut
350 2349 469 2392 statueret
486 2341 626 2390 fabulosum
637 2356 688 2389 non
699 2341 773 2404 plane
817 2339 858 2388 Ita
877 2340 967 2390 Meum
977 2341 1086 2405 fubrrlue
1103 2349 1161 2391 sunt
1180 2344 1270 2393 Lamia
1288 2361 1363 2408 quae-

228 2433 279 2468 esse
297 2419 400 2479 falsum,
417 2421 460 2469 sed
476 2421 541 2485 qnod
558 2420 655 2469 fabulas
673 2420 774 2469 haberet
818 2418 887 2477 dam,
905 2435 956 2482 qua
983 2419 1146 2471 mulierculae
1163 2422 1269 2472 infantes
1285 2432 1363 2476 terre-

229 2498 358 2549 admixtas.
396 2501 440 2549 Ad
458 2502 570 2550 eundem
596 2500 646 2548 fere
670 2503 773 2549 modum
817 2497 963 2548 banuunde
974 2500 1141 2550 Demochares
1154 2504 1218 2565 apud
1230 2503 1362 2557 Plutarch.

229 2574 386 2642 Oudendorp.
404 2595 430 2628 se
447 2581 504 2628 hinc
518 2579 649 2642 expedivit.
683 2580 772 2642 Desa·
816 2577 841 2624 in
868 2576 1006 2636 Demetrio,
1029 2579 1070 2630 27.
1110 2580 1254 2646 Δημήτριον
1280 2584 1364 2635 ἐκάλει

229 2657 312 2706 buloao
334 2672 421 2706 verum
443 2666 491 2715 est,
517 2659 548 2706 de
562 2658 657 2722 fabulo
678 2657 771 2706 dubito.
818 2657 921 2717 Mitior,
940 2657 983 2718 qui
999 2656 1101 2705 haberet
1118 2659 1362 2714 amicam‘Lamiam,

230 2735 278 2784 Sed
294 2737 456 2785 concedamus
472 2737 519 2784 hoc
538 2737 627 2784 Fabro¹
653 2736 697 2784 An
713 2751 772 2800 ergo
816 2735 957 2784 Demetrius
982 2736 1042 2784 adeo
1067 2742 1121 2785 erat
1134 2737 1238 2801 subula.
1279 2741 1363 2790 Aliud

228 2812 274 2860 hoe
291 2813 408 2864 feremus:
427 2815 498 2863 “Iam
515 2820 540 2862 te
556 2828 607 2862 nox
617 2819 642 2862 et
653 2812 773 2862 Plutonia
815 2821 942 2875 praeterea
958 2815 1036 2862 estin
1053 2815 1158 2877 vulgata
1174 2816 1289 2876 lectione,
1309 2835 1363 2883 quo

228 2893 315 2942 domus
332 2900 456 2957 prement,
472 2899 497 2941 et
514 2890 612 2939 fabulae
627 2906 724 2948 manes,
741 2894 772 2942 de
815 2891 931 2940 offendor.
965 2893 1023 2942 Nox
1048 2900 1113 2942 recte
1131 2895 1238 2959 aliquem
1254 2901 1363 2959 preterit,
1403 2945 1411 2954 ,

227 2973 319 3035 quibus
335 2974 421 3036 po'e'tae
437 2979 462 3021 et
478 2971 555 3019 nostri
571 2970 681 3019 homines
693 2972 771 3036 uulgo
814 2971 915 3028 Manes,
932 2971 1034 3020 umbrae
1051 2979 1150 3030 tenues,
1167 2987 1217 3022 non
1229 2981 1294 3024 recte
1302 2993 1361 3039 pre·

228 3052 308 3100 multa
332 3052 436 3100 ridicula
460 3056 563 3099 narrant
587 3055 611 3098 et
639 3048 770 3112 fingunt?''
814 3054 894 3096 uiuat.
928 3048 959 3096 In
977 3048 1119 3098 Scholiastis
1139 3050 1238 3100 Horatii
1258 3055 1360 3104 nullum

227 3131 328 3180 Leniter
352 3133 526 3195 interpretatus
551 3143 620 3186 sum,
641 3135 666 3177 et
686 3135 770 3179 tamen
814 3127 853 3175 hic
870 3135 907 3176 est
924 3128 1051 3177 auxilium.
1085 3130 1166 3180 Fuere
1191 3133 1233 3194 qui
1251 3133 1362 3194 fabulae

226 3211 306 3258 omnis
320 3212 436 3274 februari
455 3209 569 3273 cogitatio
585 3215 637 3256 tam
654 3207 771 3258 abhorret
813 3223 898 3255 uranei
915 3221 959 3270 per
977 3209 1165 3270 appositionem,
1183 3209 1249 3259 fuere
1266 3212 1360 3277 quisu-

227 3290 306 3339 aloci
322 3291 415 3349 indole,
432 3299 509 3354 quam
527 3303 623 3351 semper
640 3287 725 3334 mortis
736 3288 768 3336 ti·
813 3287 884 3335 butue
901 3286 926 3333 irr
944 3300 1002 3334 casn
1020 3287 1127 3350 genitivo
1149 3290 1293 3352 acciperent.
1328 3293 1360 3342 In

227 3383 320 3418 morem
337 3376 362 3418 et
382 3370 505 3418 tristitiam
529 3368 601 3416 tollit.
634 3368 669 3415 Et
684 3366 768 3415 Hora·
813 3363 869 3413 MS.
891 3364 998 3412 Franek.
1020 3371 1168 3413 annotatum
1189 3374 1238 3416 cst:
1264 3371 1359 3421 “Geni-

226 3448 275 3496 tius
292 3449 331 3496 hic
340 3447 428 3497 saltem
437 3453 526 3510 putare
538 3446 695 3502 debuit,sive
706 3446 769 3495 serio
812 3443 880 3490 livua
904 3459 956 3492 eree
979 3450 1061 3506 pote-rt
1085 3447 1223 3507 uapuluria
1237 3463 1287 3510 pro
1300 3453 1359 3512 plu-

226 3528 277 3574 sivc
293 3529 357 3584 ioco,
374 3541 458 3575 manes
474 3533 592 3575 etorcum
602 3539 654 3572 esse
664 3525 769 3588 aliquid,
811 3524 864 3568 ruli
888 3523 976 3571 Manes
1001 3522 1155 3581 fabularum,
1178 3541 1239 3588 quoe
1249 3528 1360 3590 subulae

226 3605 267 3666 qui
292 3605 368 3652 dicat:
395 3607 478 3653 Sirrrul
503 3606 593 3652 ruentia
611 3605 645 3650 ad
669 3605 768 3652 deorum
812 3599 951 3663 referunt?
987 3601 1073 3650 Simile
1104 3601 1223 3651 Scholion
1252 3619 1266 3652 e
1296 3605 1358 3656 cod.

226 3685 384 3743 Platorium,
397 3685 488 3731 ibiuou
499 3697 576 3744 reque
592 3683 645 3729 cini
658 3683 767 3732 sortiere.
813 3677 953 3727 Graeviano
969 3679 1036 3727 <ledit
1046 3680 1186 3736 Bentlcius,
1203 3683 1264 3730 nihil
1281 3685 1357 3734 refer·

227 3761 254 3811 Si
271 3769 366 3811 veteres
383 3762 537 3825 appellarent
554 3774 637 3808 moues
646 3758 767 3822 fribulae,
812 3772 839 3806 re
858 3765 961 3822 putans,
978 3758 1123 3807 utrumlibet
1139 3760 1248 3822 elegeris.
1284 3763 1359 3825 Quod

225 3842 391 3905 loquebantur
416 3848 545 3904 tamquam
569 3837 718 3901 philosophi,
744 3845 769 3887 et
812 3851 858 3899 ego
875 3852 924 3886 non
942 3839 1001 3886 adeo
1017 3844 1114 3886 certum
1131 3854 1182 3887 esse
1200 3840 1319 3900 arbitror,
1333 3851 1359 3892 et

224 3935 297 3970 omne
313 3921 378 3969 illud
399 3919 534 3969 inferorum
555 3932 661 3981 regnum
681 3917 707 3964 in
732 3918 768 3966 in·
811 3932 898 3966 versus
919 3917 1061 3974 Prudentii‚
1084 3918 1232 3966 aBentleio
1252 3920 1358 3979 allatae,

225 4001 295 4063 eptiis
315 3999 452 4063 ponebant,
478 4013 539 4062 quas
560 4012 604 4047 nec
625 3996 695 4060 pueri
716 4011 768 4046 esse
812 4011 862 4044 non
878 3997 914 4044 ita
930 3996 961 4043 ad
978 3996 1109 4044 Horatium
1130 3998 1243 4058 pertinet.
1266 3998 1358 4049 Scribit

224 4095 294 4128 veras
317 4081 452 4129 crederent.
490 4078 602 4128 Afferam
624 4091 704 4125 unum
727 4077 768 4128 Se·
812 4076 832 4124 I.
861 4077 908 4124 189
932 4080 1019 4122 contra
1045 4075 1237 4137 Symmachum:
1274 4079 1357 4127 Facta

224 4173 299 4206 necao
316 4159 398 4206 locum
420 4173 451 4205 cx
473 4158 563 4206 Troad.
585 4172 620 4204 vs.
642 4157 698 4204 402.
720 4156 768 4205 alia
812 4161 849 4204 eat
867 4157 1004 4218 terripeuue
1020 4155 1357 4217 doliturunicuuruieetutia,

224 4238 339 4300 exempla
363 4237 524 4285 inveniuntur
548 4235 652 4283 collecta
672 4250 687 4283 a
706 4235 766 4283 Bar·
813 4237 852 4282 Et
869 4240 906 4282 tot
924 4233 1016 4294 terrrplu
1035 4233 1119 4278 Deum
1137 4233 1242 4292 Romae,
1258 4237 1357 4295 quotie

224 4317 274 4364 tlrio
292 4317 322 4363 ad
341 4316 403 4365 Stat.
422 4316 470 4364 XI.
489 4315 567 4365 Theb.
585 4316 640 4366 571.
663 4320 687 4363 et
708 4314 767 4365 Cor·
812 4316 872 4362 urbe
895 4312 1010 4373 sepulcro
1033 4310 1146 4358 Heroum
1167 4324 1300 4360 uiruurure
1327 4312 1357 4358 li·
