2916 5220
636 309 675 316 ·-·
1188 295 1222 332 lll

80 457 112 511 in
133 455 237 512 amieis
260 455 378 523 haberi,
403 462 432 508 et
455 453 564 508 debore
581 454 681 509 malim
698 454 817 522 nemini,
839 473 928 526 quam
944 454 1008 510 tibi.
1045 455 1129 511 Licet
1144 455 1223 511 eninr

80 560 113 608 tu
134 549 336 619 obliviscaris,
359 550 384 604 si
406 549 545 621 cuiquam
567 549 730 621 quidquam
752 559 871 622 gratum
893 559 922 605 et
944 551 1021 606 bene
1048 550 1169 619 teucria,
1192 558 1224 606 at

81 663 136 720 ego
156 644 293 713 memini,
322 651 352 698 et
378 643 458 698 omni
484 661 576 716 opera
597 643 653 698 hoc
675 661 793 717 semper
815 643 876 716 egi,
899 662 936 699 nc
960 662 1031 717 erga
1053 652 1082 701 te
1104 644 1224 700 viderer

80 741 226 814 ingratus.
260 739 328 794 Hoc
350 757 409 793 non
432 737 539 793 melius
560 756 578 792 a
600 755 646 792 me
670 738 787 793 ostendi
811 738 943 812 potuisse
967 739 1130 794 arbitratus
1144 758 1223 808 sum,

81 852 172 907 quam
198 852 307 908 magna
333 834 365 889 in
391 833 530 888 obeundo
557 850 679 887 munere
704 833 876 906 diligentia,
900 833 1038 905 curisque
1061 842 1092 888 ct
1114 834 1225 907 cogita·

80 929 215 985 tionibus
235 930 274 986 ad
295 929 437 984 tuendam
459 946 513 1001 pro
536 945 602 983 mea
623 936 708 1000 parte
741 926 925 983 Academiae
953 936 1072 983 nostrae
1099 928 1224 1001 gloriam

80 1024 258 1081 referendis.
301 1023 369 1079 Hoc
401 1023 490 1078 etiam
523 1021 640 1077 nominc
673 1021 835 1078 Horatium
857 1041 955 1078 meum
981 1022 1125 1095 accipies,
1150 1020 1223 1078 alibi

82 1119 204 1191 quidem
226 1119 412 1187 inchoatum,
435 1116 547 1172 Leidae
571 1125 670 1171 tamen
694 1117 874 1172 absolutum.

122 1213 284 1269 Horatium
307 1212 385 1267 enim
406 1211 465 1267 iam
487 1230 504 1266 a
526 1210 656 1285 pueritia
677 1229 777 1268 amare
800 1213 896 1287 coepi.
940 1213 1091 1268 Pulchrae
1115 1220 1144 1267 ct
1160 1230 1225 1285 gra-

80 1327 135 1365 ves
168 1307 354 1377 sententiae,
383 1307 492 1379 quibus
513 1315 665 1378 tamquam
687 1307 858 1364 clarissimis
880 1308 1003 1381 gemmis
1026 1307 1158 1363 earmina
1180 1326 1225 1363 or-

82 1404 181 1473 navit,
211 1401 343 1459 animum
364 1402 436 1457 mihi
462 1401 506 1457 ita
526 1403 702 1472 movebant,
727 1413 759 1458 ut
781 1421 832 1458 eas
853 1403 938 1458 brevi
960 1411 1095 1458 tenerem
1117 1420 1225 1457 memo-

80 1499 158 1554 riter
178 1514 294 1566 0mnes,
317 1504 347 1553 et
368 1496 519 1568 frequenti
541 1497 722 1570 cogitatione
738 1508 916 1571 repeterem.
953 1495 1057 1554 Crevit
1071 1496 1126 1552 istc
1143 1515 1226 1552 amor

81 1612 152 1650 cum
178 1600 292 1665 aetate,
319 1594 450 1665 mihique
478 1612 543 1649 esse
571 1594 697 1651 videbar
718 1596 839 1664 beatus,
864 1613 955 1667 quum
976 1594 1087 1651 similes
1109 1602 1226 1650 senten·

81 1689 142 1746 tias
174 1689 255 1764 apud
289 1688 424 1747 Graecos
457 1696 563 1764 poetas
595 1691 711 1764 legens,
738 1690 900 1747 Horatium
922 1709 952 1746 se
975 1691 1013 1747 ad
1037 1688 1225 1746 Graecorum

80 1786 281 1842 imitationem
313 1784 526 1858 composuisse,
561 1786 591 1840 in
624 1784 780 1840 formando
814 1786 905 1843 etiam
933 1785 1078 1842 orationis
1111 1786 1224 1853 colore,
1273 1779 1275 1784 ¹

80 1879 348 1955 deprehenderem.
390 1878 511 1936 Primae
538 1880 614 1935 adeo
640 1881 849 1937 annotationes
876 1880 997 1939 Graeca
1023 1881 1085 1938 fere
1113 1886 1227 1954 specta-

81 1976 171 2044 bant,
195 1974 302 2030 deinde
325 1974 402 2030 aliae
425 1982 516 2047 atque
539 1974 616 2030 aliae
639 1993 807 2046 accessere,
835 1976 986 2032 interdum
1008 1977 1098 2032 etiam
1121 1972 1225 2031 Critici

81 2071 217 2146 generis,
239 2088 294 2144 pro
315 2070 367 2124 illa
390 2069 503 2125 seilicet
525 2077 633 2126 aetate.
677 2070 780 2143 Atque
806 2071 880 2127 haec
908 2071 969 2127 sere
997 2071 1060 2127 sine
1083 2071 1227 2142 interpre-

81 2167 180 2235 tibus,
202 2165 254 2236 qui
280 2165 401 2237 quidem
422 2165 453 2221 in
475 2166 577 2238 aliquo
600 2185 723 2222 numero
747 2168 910 2223 ethonore
933 2169 1092 2224 habentur.

124 2260 162 2315 In
194 2259 259 2315 istis
291 2259 536 2315 annotationibus
568 2262 781 2334 componendis
808 2262 832 2318 si
854 2281 992 2336 magnam
1013 2277 1224 2338 perceperam,

82 2365 117 2410 ut
133 2354 270 2427 percepi,
291 2354 490 2427 voluptatem,
506 2355 549 2410 ita
564 2355 734 2412 incredibili
750 2356 901 2412 afficiebar
916 2357 1034 2425 dolore,
1052 2364 1225 2430 postquam,

83 2449 200 2524 paratis
221 2448 293 2504 mihi
314 2447 479 2504 identidem
500 2449 661 2523 incognitis
672 2451 770 2506 adhuc
786 2450 983 2517 editionibus,
1000 2450 1145 2523 pleraque
1162 2465 1225 2502 esse

82 2552 233 2617 occupata
256 2550 286 2597 et
306 2542 413 2598 melius
435 2542 586 2616 explicata
607 2545 823 2618 intelligebam.
870 2544 911 2599 Et
937 2544 1069 2599 nondum
1094 2543 1227 2598 videram

83 2637 267 2696 Bentleium.
309 2637 411 2693 Lectis
433 2646 533 2693 autem
553 2639 685 2696 Bentleii
708 2639 941 2709 commentariis,
965 2639 1061 2695 omnis
1081 2639 1170 2712 plane
1186 2637 1227 2691 la-

83 2735 141 2789 bor
161 2749 258 2801 meus,
282 2749 370 2803 quem
391 2731 450 2787 iam
472 2732 586 2803 aliquot
607 2753 701 2792 annos
722 2735 851 2791 Horatio
873 2735 1093 2808 impenderam,
1116 2732 1225 2787 {instra

84 2827 151 2883 suit.
195 2824 351 2882 Nonnulla
379 2825 474 2895 enim,
505 2844 582 2898 quae
611 2829 799 2902 superiorum
826 2828 1011 2900 diligentiam
1045 2827 1225 2899 effugerant,

83 2941 141 2996 ego
163 2930 265 2978 autem
287 2939 333 2976 me
355 2921 484 2994 primum
506 2921 654 2979 invenisse
678 2923 858 2992 arbitrabar,
882 2940 942 2977 non
966 2921 1134 2994 effugerant
1156 2939 1225 2976 acu-

82 3017 198 3073 tissime
232 3022 404 3070 cernentem
430 3014 625 3087 Britannum,
654 3017 739 3074 cuius
766 3035 821 3089 ego
849 3016 1043 3089 sagacitatem
1066 3022 1097 3070 et
1119 3015 1227 3069 doctri-

83 3129 155 3167 nam
175 3110 306 3183 repetita
326 3109 455 3165 lectione
477 3109 520 3165 ita
542 3110 706 3168 admiratus
728 3130 807 3181 sum,
829 3119 863 3166 ut
883 3111 915 3165 in
936 3128 1045 3183 magno
1067 3110 1181 3183 pudore
1198 3120 1228 3164 et

84 3203 297 3279 desperatione
323 3203 484 3259 Horatium
512 3212 541 3259 et
567 3205 667 3261 omnia
689 3205 857 3262 Horatiana
872 3224 939 3262 mea
954 3205 1126 3261 obiicerem.
1159 3205 1227 3260 Hoc

83 3307 164 3369 erat,
187 3299 260 3355 mihi
282 3299 433 3368 dicebam,
461 3308 529 3373 post
553 3299 720 3356 Homerum
743 3318 850 3355 canere
873 3299 1014 3367 Iliadem,
1038 3300 1094 3355 hoo
1117 3299 1226 3355 Roscio

82 3401 241 3468 spectante
263 3394 384 3467 prodire
405 3394 437 3449 in
459 3412 589 3451 scenam.
632 3394 763 3453 Unicum
790 3403 948 3469 supererat
973 3394 1124 3462 solatium,
1148 3394 1228 3466 quod

83 3488 144 3544 ista
166 3488 296 3544 lectione
319 3496 350 3544 et
372 3490 622 3545 commentatione
638 3488 799 3546 Horatium
814 3498 844 3544 et
859 3489 933 3544 alios
949 3490 1110 3563 scriptores
1126 3488 1227 3563 paullo

82 3582 193 3639 melius
216 3601 427 3656 cognoveram,
451 3591 481 3640 et
502 3584 533 3640 in
554 3584 601 3640 his
622 3585 718 3640 literis
741 3585 928 3656 aliquantum
950 3583 1145 3658 profeceram.

125 3676 249 3733 Interea
275 3677 356 3733 vitae
384 3696 468 3734 meae
495 3679 572 3734 ratio
599 3679 642 3735 ita
672 3679 790 3735 ferebat
816 3688 849 3735 ut
871 3680 1112 3736 adolescentibus
1140 3681 1229 3735 inter-

85 3881 163 3930 Collot
181 3884 297 3947 d'Eacary
315 3885 380 3934 Heer
397 3901 442 3934 aaa
460 3885 622 3937 Heineaoord.
653 3888 683 3935 Ia
700 3890 720 3935 'a
735 3889 896 3952 Grarendape
913 3906 942 3939 ea
960 3895 984 3937 le
1001 3890 1160 3939 Ararlerdam.
1190 3889 1229 3949 sp

82 3962 114 4009 de
134 3962 278 4011 Gedroedera
294 3980 340 4011 aaa
359 3965 439 4028 Utres,
464 3966 633 4016 1824-1844.
669 3967 734 4018 Sunt
755 3969 893 4018 Volumina
913 3970 961 4018 IX.
996 3968 1076 4031 Opere
1094 3982 1142 4014 non
1161 3968 1228 4016 abso-

84 4040 140 4087 luto
157 4046 242 4088 auctor
259 4049 371 4091 mortuus
388 4050 425 4092 est
442 4044 530 4106 Hagae
547 4045 675 4095 Comitum
693 4063 714 4096 a.
735 4048 810 4105 1845,
836 4054 910 4095 natus
932 4048 1092 4096 Roterodanri
1115 4063 1136 4094 a.
1158 4048 1228 4098 1773.

83 4118 194 4166 Maiores
215 4119 282 4169 illius
306 4123 450 4172 habitabant
472 4125 497 4171 in
519 4125 650 4184 Bretania‚
668 4128 742 4175 variis
759 4128 915 4185 muneribus,
934 4142 993 4190 pace
1010 4127 1124 4190 belloque
1141 4127 1228 4188 gestis,

83 4197 202 4246 illustres.
236 4200 377 4264 Antiquato
393 4203 546 4252 Nannetensi
564 4206 655 4263 edicto,
680 4207 777 4263 vexati,
803 4212 831 4252 ut
848 4206 1009 4268 Hugonotae,
1035 4206 1104 4253 bonis
1121 4206 1228 4268 publica·

85 4278 130 4335 tis,
147 4277 174 4325 in
191 4279 353 4328 Hellaudiam
371 4280 431 4344 fuga
447 4290 585 4332 evaserunt.
620 4286 672 4334 Nec
697 4284 744 4333 suit
769 4300 814 4332 cur
838 4285 895 4332 illos
912 4299 991 4333 novae
1007 4285 1111 4347 patriae,
1129 4290 1171 4331 aut
1188 4300 1228 4347 pa-

86 4356 162 4405 triam
180 4357 280 4407 illorum
297 4360 438 4423 poeniteret.
