2916 5220
558 308 731 373 LIBER
777 309 803 370 l.

293 493 447 578 Aequor?
472 491 547 556 Non
571 491 632 555 tibi
657 497 735 556 sunt
759 491 1028 576 integralium,

295 595 370 660 Non
395 595 456 677 Di,
482 616 562 680 quos
588 595 706 658 iterum
730 616 842 679 pressa
864 616 958 660 voees
982 597 1079 660 malo.

341 697 498 777 Quamvis
523 697 661 761 Pontica
683 696 798 781 pinus,

429 800 538 866 Silvae
560 800 630 864 filia
652 799 790 882 nobilis,

294 905 399 970 lactes
423 909 456 968 et
478 925 582 988 genus
607 909 640 968 et
662 925 782 967 nomen
806 904 940 986 inutile,

147 1058 207 1105 Nou
224 1056 275 1113 Dr,
298 1071 358 1119 quos
378 1058 472 1105 iterum
487 1071 576 1119 pressa
592 1070 661 1104 voees
702 1056 823 1117 disputari
840 1055 935 1119 possint
950 1071 983 1104 ex
1001 1054 1089 1105 Ovidio
1107 1055 1181 1105 XVI.
1199 1057 1248 1105 He-

110 1138 186 1184 melo.
220 1136 251 1182 In
267 1135 375 1184 Franek.
391 1130 453 1199 p'rara
464 1136 510 1183 hoe
521 1139 557 1182 est
567 1150 661 1198 prema
702 1135 763 1182 reid.
792 1137 845 1183 113.
872 1135 914 1182 ubi
944 1137 1026 1183 Venus
1043 1136 1162 1184 eornituta
1180 1139 1248 1199 eupi-

110 1221 140 1261 nt
157 1215 262 1262 coniecit
284 1215 317 1262 N.
339 1215 458 1263 Heinsius
475 1221 500 1263 et
517 1215 570 1262 alii:
586 1214 661 1276 idque
701 1215 758 1262 diue
774 1220 812 1262 ost
828 1216 920 1273 tutela;
938 1219 1010 1261 etex
1026 1213 1113 1262 Persio
1130 1215 1178 1264 VI.
1197 1215 1248 1265 Sat.

109 1293 135 1340 h.
164 1293 181 1342 1.
208 1294 298 1342 melius
324 1295 441 1351 arbitror,
466 1309 541 1357 qnam
565 1308 660 1355 pressu.
701 1293 741 1340 29.
763 1294 828 1341 ieret
847 1295 901 1354 ipse
917 1291 1075 1354 (naufragus)
1091 1295 1119 1341 iu
1136 1295 1209 1342 litore
1225 1301 1250 1343 et

109 1373 314 1420 Prehenduretur
330 1379 355 1419 et
371 1374 661 1435 depreharduuturnau·
702 1386 754 1418 unu
788 1372 906 1432 Iupentea
922 1373 952 1418 de
967 1386 1051 1433 puppe
1069 1373 1125 1419 Dei.
1155 1371 1248 1432 Quam·

109 1459 152 1498 tae
169 1456 314 1513 tempestate
334 1451 360 1497 in
381 1451 462 1498 medio
485 1451 560 1507 mari,
585 1463 661 1512 quam
702 1463 778 1510 qnam
794 1448 820 1495 in
838 1447 927 1498 Ovidio
944 1449 975 1496 sit
991 1463 1028 1496 res
1045 1450 1119 1511 plane
1135 1450 1203 1510 fieta,
1225 1461 1249 1502 et

108 1543 163 1577 non
182 1536 393 1591 exspectaverant.
430 1530 489 1577 Vid.
510 1529 616 1577 Bentlei.
638 1534 662 1576 et
701 1529 726 1575 in
744 1527 830 1576 Persio
847 1529 921 1590 aeeipi
937 1528 1013 1590 possit
1029 1533 1102 1578 “eum
1121 1532 1249 1580 Dentato-

109 1607 182 1657 Serv.
201 1609 233 1655 ad
250 1609 298 1658 IV.
316 1609 406 1673 Georg.
419 1610 475 1657 421.
497 1612 662 1670 “Deprensus
702 1609 765 1664 lari,
791 1609 930 1669 quicunque
956 1609 977 1655 r'a
998 1607 1086 1670 faerit
1114 1611 1250 1659 Deorum.”

107 1685 217 1734 verbum
234 1689 363 1736 nauticum
380 1695 429 1744 est,
446 1702 502 1735 eum
517 1693 661 1749 tempestate
702 1684 768 1741 Hoe,
789 1685 904 1746 inquam,
925 1700 973 1733 non
996 1700 1097 1748 urgueo.
1131 1688 1197 1735 Nam
1223 1690 1248 1737 in

107 1767 289 1828 occupantur.''
337 1767 439 1815 Diceres
472 1767 601 1815 Avienum
635 1767 660 1812 in
702 1771 849 1825 argumento
865 1765 896 1812 da
912 1765 996 1813 tutelis
1013 1771 1038 1813 et
1053 1766 1189 1829 insignibus
1206 1784 1248 1816 na-

107 1844 214 1892 Arateis
239 1859 290 1892 non
317 1846 487 1894 immemorem
515 1845 588 1894 fuisse
613 1846 661 1893 loei
702 1842 782 1902 vium,
799 1844 873 1892 etiam
891 1850 944 1906 post
961 1845 1150 1894 eruditissimam
1161 1848 1248 1896 Ruhn-

40 1973 48 1984 ,
107 1922 254 1972 Horatiani:
275 1930 393 1987 vastoque
414 1927 501 1974 delriru
524 1928 661 1987 deprensus
702 1921 768 1969 kenii
784 1921 1089 1983 dissertationem,multa
1100 1933 1201 1974 manent
1212 1927 1248 1975 in·

106 2003 136 2049 in
158 2004 211 2050 ulto
233 2005 411 2065 Nequidquam
429 2005 517 2066 pipree
542 2005 662 2053 eluumbit
702 2008 775 2049 certa.
802 2001 851 2050 Sed
868 2002 889 2049 si
905 2003 975 2050 navis
993 2010 1163 2067 tempestatem
1179 2006 1249 2054 salva

104 2082 195 2128 ridere
213 2083 310 2130 Lunae.
334 2083 473 2132 Eumenius
489 2083 514 2131 in
530 2082 600 2133 Orat.
616 2097 661 2145 pro
702 2083 827 2138 evasisset,
848 2081 946 2129 salvum
971 2088 1025 2130 erat
1049 2098 1153 2142 numen,
1178 2085 1249 2132 euius

106 2159 277 2208 instaurandis
295 2160 391 2210 Scholis
407 2177 460 2225 cap.
481 2163 504 2210 6.
542 2164 611 2220 Quos
627 2165 661 2211 ad
685 2165 798 2226 ¹tantam
828 2176 913 2208 euram
945 2162 1075 2223 gerebant,
1106 2168 1134 2209 nt
1162 2163 1248 2220 etiarn,

106 2240 167 2301 ipsa
185 2242 282 2302 palatii
302 2243 448 2304 ruap'asters'u
466 2243 569 2304 proreln'
590 2257 659 2304 opor·
702 2241 760 2287 navi
781 2240 871 2299 fracta,
893 2246 980 2288 nantes
1001 2255 1085 2288 seeum
1106 2241 1131 2288 in
1157 2248 1248 2289 terram

108 2324 187 2375 teret,
204 2320 284 2367 velati
299 2322 428 2382 repentino
439 2323 523 2369 nubilo
534 2323 561 2368 tu
573 2323 660 2369 mediis
703 2321 828 2368 ducerent.
846 2322 905 2369 Vid.
924 2321 940 2368 l.
958 2321 975 2368 l.
994 2321 1081 2369 Persii.
1120 2322 1206 2384 Atque
1223 2324 1248 2370 in

107 2397 289 2446 adolescentiae
300 2399 426 2460 fluetibus
443 2399 601 2461 deprehensi,
621 2402 659 2447 iu·
702 2400 851 2460 gravissimis
867 2399 982 2461 procellis
993 2401 1072 2461 magis
1083 2400 1248 2462 implorabant

105 2483 180 2526 eerta
196 2477 296 2525 dicendi
306 2478 379 2538 apae
389 2483 559 2538 aequarentur.
585 2479 659 2527 Adde
701 2478 767 2525 Deos
784 2479 891 2527 marinos
915 2485 940 2526 et
960 2477 1097 2547 Castorem.
1112 2492 1169 2525 eum
1186 2479 1249 2526 Pol·
1294 2472 1297 2476 ’

107 2555 231 2603 Arntzen.
250 2555 281 2602 ad
302 2555 403 2603 Arator.
425 2556 460 2604 ΙΙ.
481 2558 537 2605 683.
571 2558 605 2606 Et
626 2559 660 2606 sio
700 2556 768 2613 luee,
786 2571 861 2619 quam
878 2571 971 2605 numen
988 2556 1101 2605 tutelare,
1134 2557 1190 2604 Hoe
1208 2573 1249 2619 pa·

108 2632 206 2683 Graeci.
249 2634 367 2697 Apollon.
394 2636 474 2684 Rhod.
500 2636 534 2684 11.
560 2638 658 2699 Argon.
700 2640 735 2683 tet
752 2650 783 2683 ex
800 2635 908 2682 centenis
925 2635 1052 2697 poitarum
1068 2635 1134 2684 loeis
1159 2636 1248 2699 Neque

109 2712 184 2763 1087.
220 2715 264 2777 σφὲ
293 2712 434 2775 κατέλλαβε
465 2714 583 2777 χείματος
609 2717 658 2781 ὥρη
700 2712 772 2761 facile
796 2714 865 2760 navis
890 2714 943 2761 sine
967 2715 1022 2762 Deo
1047 2714 1148 2763 tutelari
1168 2714 1247 2764 altum

108 2790 283 2856 'Arpopciroq
309 2792 395 2841 Burm.
414 2793 445 2839 ad
462 2793 571 2841 Phaedri
588 2795 622 2842 V.
635 2797 657 2843 li.
699 2797 798 2853 peteret.
833 2791 860 2840 Si
882 2792 1019 2840 amisissent
1035 2799 1191 2855 tempestate,
1209 2794 1247 2842 al·

107 2884 160 2917 non
176 2879 243 2919 reete
253 2873 315 2935 egit,
326 2873 487 2934 interpretans
498 2874 659 2932 depr-edernae
700 2874 779 2917 teram
799 2870 986 2931 imagunculam
1008 2871 1079 2919 eitius
1097 2871 1143 2918 sibi
1160 2888 1248 2935 parare

108 2953 388 3012 perobrutosnneraor.
414 2950 482 2998 Nam
490 2950 560 2997 navis
569 2951 659 2999 obruta
699 2955 825 3010 poterant,
843 2964 918 3013 quam
935 2956 1013 2998 totam
1030 2966 1119 2999 navem
1138 2952 1245 3000 reticere.

108 3036 136 3078 et
154 3043 238 3077 mersa
256 3029 335 3092 periit.
369 3027 443 3088 Quod
462 3028 527 3075 idem
549 3027 657 3089 plerum·
699 3027 753 3084 Dii,
774 3028 858 3084 oredo,
880 3028 920 3075 hie
941 3036 1000 3076 sunt
1021 3033 1116 3079 ararad
1136 3038 1161 3079 et
1189 3035 1247 3079 Cus-

108 3124 158 3171 que
175 3108 242 3157 valet
258 3108 462 3170 denavipreasu.
489 3106 657 3166 Quareetiam
701 3111 772 3154 tores.
797 3106 850 3153 Hos
867 3107 948 3164 navis,
966 3107 1057 3155 iterum
1069 3109 1135 3157 malo
1147 3124 1246 3170 prensa,

108 3188 191 3235 indico
208 3187 272 3235 hane
292 3187 423 3234 lectionem
443 3185 483 3233 hie
503 3186 585 3232 minus
606 3200 658 3235 esse
700 3182 792 3232 funtra
807 3186 943 3242 invocaret,
961 3186 1019 3247 quia
1039 3187 1106 3247 prius
1128 3187 1175 3236 iter
1196 3191 1245 3237 iam

108 3267 272 3314 commodam.
305 3265 425 3314 Horatius
450 3264 607 3326 Allegon'am
624 3267 658 3314 ita
699 3263 748 3310 illis
765 3265 847 3311 invitis
869 3270 921 3312 erat
945 3271 1098 3327 susceptum,
1123 3269 1189 3329 quod
1212 3285 1246 3318 ex

108 3346 224 3393 instituit.
257 3345 335 3393 Navis
352 3359 412 3406 ergo
428 3344 519 3391 iterum
534 3350 609 3406 portu
621 3360 657 3392 re·
700 3349 844 3405 tempestate
861 3350 1015 3404 apparuerat.
1049 3344 1137 3407 Itaque
1154 3355 1246 3397 nautae

109 3426 167 3473 lieto
184 3425 211 3472 in
227 3438 296 3471 mare
312 3422 430 3485 proticisci
445 3428 528 3484 parat,
545 3424 658 3483 quamvis
699 3430 752 3470 tum
770 3428 900 3479 voverant,
919 3435 957 3479 se,
979 3421 1000 3468 si
1021 3421 1083 3470 salvi
1102 3423 1128 3471 in
1145 3433 1245 3488 portum

108 3505 185 3553 etiam
202 3503 297 3550 laboret
313 3501 477 3559 detrimentis,
498 3517 562 3564 quae
578 3517 658 3564 nuper
699 3504 823 3558 venirent,
840 3500 866 3546 in
883 3508 957 3562 portu
973 3515 1025 3550 esse
1041 3496 1179 3551 mansuros.
1204 3505 1245 3553 Id-

110 3583 174 3631 feeit.
208 3582 310 3630 Maneat
330 3581 423 3643 potius:
448 3595 508 3629 nam
529 3581 549 3627 si
570 3595 657 3630 rursus
699 3597 747 3645 que
763 3582 854 3644 optime
871 3580 986 3629 convenit
1002 3595 1060 3628 enm
1077 3582 1143 3631 bello
1166 3584 1245 3642 civili,

110 3661 186 3708 simili
202 3666 347 3723 tempestate
363 3660 388 3706 in
406 3659 560 3707 mediomari
573 3661 656 3722 depre·
699 3661 764 3722 quod
775 3675 818 3724 per
829 3667 907 3708 tot-arn
918 3660 1076 3722 Allegoriam
1087 3661 1245 3725 intelligitur.

110 3742 249 3797 timedatur,
267 3753 316 3787 non
332 3739 433 3795 evadet,
450 3745 479 3786 nt
495 3745 556 3786 tune
573 3741 656 3788 evasit.
698 3739 793 3787 Eadem
811 3740 894 3803 imago
911 3747 947 3789 est
964 3740 990 3787 in
1015 3741 1065 3788 his:
1095 3743 1130 3789 Te
1154 3758 1246 3791 rurnua

109 3821 167 3875 Dii,
184 3819 320 3867 seeundum
332 3817 534 3880 interpretes,hie
545 3822 603 3864 sunt
614 3817 658 3866 Dii
698 3820 725 3866 in
747 3822 837 3869 bellum
857 3824 985 3869 resorbeas
1012 3821 1088 3868 Uada
1099 3820 1167 3882 freti
1184 3824 1246 3869 tulit

109 3896 229 3945 tutelares
245 3897 355 3955 navium,
372 3910 434 3959 quos
452 3903 582 3959 tempestas
594 3897 656 3946 deie-
699 3900 814 3947 aestuosi.

108 3982 183 4024 cerat.
209 3975 295 4037 Atque
311 3977 357 4023 hoe
374 3980 426 4021 tam
442 3980 508 4022 eerto
519 3974 657 4032 affirmant,
734 3981 855 4037 Quereris
878 3978 986 4026 Pontiae
1004 3978 1093 4037 pirrus,
1117 3976 1201 4025 Silone
1210 3979 1245 4038 fi-

108 4055 180 4117 quasi
201 4054 247 4117 ipsi
267 4053 430 4102 interfuerint.
461 4055 517 4116 Ego
541 4054 591 4101 iam
611 4055 657 4104 hoe
698 4059 734 4105 lia
750 4058 827 4105 nobil‘
846 4094 852 4114 ,
874 4058 959 4103 Ineter
979 4059 1004 4101 et
1025 4069 1101 4115 persus
1117 4061 1143 4102 et
1159 4071 1245 4104 norrea

108 4147 217 4196 urguere
238 4134 306 4189 nolo,
328 4132 401 4181 fuisse
422 4134 447 4179 in
465 4147 515 4181 una
530 4133 588 4180 navi
605 4134 655 4182 Ro·
697 4138 794 4184 iuvetite.
828 4135 909 4182 Locus
935 4131 1015 4179 adhue
1039 4131 1165 4181 meliorem
1191 4149 1245 4183 ver·

107 4226 184 4259 mana
209 4225 289 4258 nuum
310 4211 403 4274 aliquid
424 4225 518 4260 numen
539 4213 656 4270 tutelare,
697 4215 785 4262 borum
811 4212 992 4260 distinctionem
1023 4210 1149 4260 desiderat.
1192 4214 1245 4261 Alii

107 4299 177 4338 stans
194 4291 220 4338 in
237 4306 330 4354 puppe:
350 4306 409 4339 nam
427 4291 475 4338 seio
493 4307 556 4354 quae
572 4300 657 4341 eontra
697 4293 822 4356 explicant
843 4291 973 4355 “quamvis
991 4289 1023 4337 sis
1040 4290 1146 4340 Pontica
1167 4298 1191 4340 et
1213 4293 1244 4340 sis
