2916 5220
477 378 483 387 .
562 297 734 360 nrnnn
780 300 824 361 n.

287 482 383 546 Desit
405 482 553 547 theatris:
578 503 668 564 mox,
693 482 745 547 ubl
760 483 908 568 publicae

104 673 193 708 ornnes
210 659 657 720 conveniunt,utdicant,Horatium
698 673 748 707 non
782 659 922 708 deterrebit.
969 661 1092 723 Equidem
1123 662 1249 725 praeclara

105 740 211 788 suadere
237 738 357 796 Pollioni,
382 752 414 787 ue
438 740 501 787 duas
522 753 560 786 res
582 738 658 786 simul
698 739 799 801 quaevis
816 738 846 786 de
862 737 947 786 labore
964 745 1008 787 tuo
1024 754 1141 801 auguror.
1171 741 1249 788 Facta

104 825 179 880 agat,
195 819 242 866 hoc
254 823 305 875 est,
322 832 354 866 ne
367 817 459 866 scribat
469 817 596 866 historiam
607 817 658 866 bel·
698 817 769 866 dictis
786 817 943 881 exaequabis.
974 818 1058 868 Rebus
1075 835 1091 866 a
1106 828 1130 868 te
1146 834 1249 868 narran-

104 896 190 944 lorum
206 896 316 945 civilium
333 903 358 945 et
374 895 520 959 tragoedias.
547 894 596 945 Sed
612 898 658 944 hoc
698 897 736 944 dis
761 897 810 945 iam
835 911 903 944 nune
930 897 993 945 mihi
1017 899 1133 947 interesse
1157 900 1248 947 videor.

104 991 156 1025 non
174 977 271 1025 deseret
287 976 433 1032 Horatium,
454 983 479 1022 et
495 981 560 1023 esset
576 976 658 1024 admo·
699 974 781 1024 Triste
805 979 993 1038 argumentum!
1035 976 1103 1025 Nam
1127 984 1249 1039 quantum

104 1054 168 1104 nitio
193 1054 293 1103 metica.
327 1054 384 1116 Ipse
409 1053 493 1102 Pollio
518 1069 544 1101 se
567 1053 657 1103 melius
698 1054 776 1103 civilis
787 1055 917 1117 sanguinis
928 1054 1020 1118 ubique
1031 1054 1115 1104 fusum
1127 1059 1175 1104 est!
1199 1056 1248 1105 Sed

103 1141 250 1192 excusaret,
275 1133 367 1192 fatens,
392 1148 418 1182 sc
437 1147 486 1181 uon
503 1149 556 1183 esse
572 1149 657 1197 parem
697 1134 756 1195 qnid
784 1147 829 1195 ego
860 1140 885 1182 ct
910 1134 963 1196 ipse
993 1134 1137 1182 memoriam
1165 1149 1248 1182 rerum

104 1215 207 1276 utrique
219 1213 315 1262 muneri
323 1213 410 1261 eodem
419 1220 528 1275 tempore
536 1213 655 1263 obeundo.
698 1217 847 1260 moestarum
860 1215 962 1261 revoco?
970 1212 1098 1262 Abhorret
1110 1211 1142 1260 ab
1149 1213 1249 1275 ingenio

103 1293 226 1342 Horatius
246 1293 277 1340 ds
297 1291 397 1354 ingenio
417 1298 442 1340 et
463 1290 580 1342 facultate
597 1293 656 1341 Pol·
699 1292 788 1341 Musae
809 1292 902 1340 meae.''
937 1291 1024 1353 Neque
1049 1290 1113 1338 illud
1134 1290 1248 1339 omitten-

104 1372 180 1420 lionis
194 1373 297 1420 honeste
308 1371 423 1420 dubitare
435 1386 485 1420 non
494 1377 598 1434 poterat.
616 1373 657 1420 Ita
698 1370 770 1427 dum,
787 1383 854 1417 nunc
870 1370 1006 1418 orationem
1018 1368 1108 1418 melius
1118 1369 1249 1432 procedere

104 1451 207 1499 Plinius
227 1451 262 1501 V.
287 1452 367 1514 Epist.
390 1450 414 1498 8.
442 1451 473 1498 ad
499 1450 655 1513 Capitonem:
697 1451 827 1499 “Tractus
847 1463 908 1511 opas
926 1449 1094 1510 periculosum
1115 1454 1140 1498 et
1156 1449 1250 1497 incedis

106 1532 200 1579 Dices:
215 1536 285 1593 pates
301 1531 379 1578 ainaul
395 1535 420 1578 et
435 1533 569 1579 rescribere
580 1533 656 1581 aeu'o-
694 1542 742 1588 per
762 1529 831 1589 lpnee
852 1527 930 1575 ceneri
951 1527 1135 1589 suppositam
1153 1529 1249 1587 Pollio,

103 1624 148 1658 nes
162 1615 188 1658 et
204 1623 346 1671 componere
361 1610 504 1657 historiam.
535 1611 656 1659 Utinam!
696 1608 793 1668 ineipne
809 1607 909 1655 nweatis
923 1607 1081 1667 praesultant
1097 1608 1157 1655 reis.
1179 1605 1249 1655 Haec

104 1690 158 1736 Sed
181 1693 317 1750 utrumque
341 1693 395 1735 tam
419 1703 537 1749 mapnnnr
558 1693 611 1748 est,
627 1693 657 1737 at
697 1683 776 1732 oratio
796 1682 930 1746 impeditur
950 1683 1084 1733 interiectis
1104 1684 1155 1733 illis
1174 1688 1248 1749 panl-

103 1769 266 1824 abundarit,
287 1768 397 1814 alterans
417 1767 521 1828 effeme.
555 1764 657 1826 Quanto
697 1764 750 1811 lum
766 1778 869 1812 emmae.

104 1845 241 1894 humanius
249 1846 333 1894 scribit
342 1845 509 1910 Symmachus
521 1844 600 1893 amico
611 1860 657 1894 suo
730 1844 854 1891 Paullum
874 1858 972 1892 neaerae
993 1843 1072 1893 Musa
1096 1846 1250 1907 Trapoeda'ae

104 1923 154 1973 IX.
172 1924 251 1988 Epist.
266 1925 320 1973 101.
356 1926 441 1984 Prope
456 1930 506 1982 est,
526 1929 555 1972 ut
572 1929 597 1973 te
612 1939 655 1972 ar·
698 1922 773 1970 Deu't
783 1923 898 1971 theatris.
911 1922 1249 1985 Interpmtantur:“eareant

103 2020 180 2066 quere
207 2006 324 2062 debeam,
352 2005 419 2067 quad
447 2005 545 2053 saecula
571 2009 657 2053 nostro
697 1999 795 2048 theatra
818 1999 868 2049 tuis
889 2002 1047 2064 tragoediis:”
1074 2002 1121 2051 hoc
1146 2008 1196 2060 est,
1221 2004 1247 2051 ni

106 2083 258 2131 Tullianum
276 2085 366 2131 stilum
376 2081 468 2145 famae
481 2097 602 2144 parcam,
618 2084 656 2130 in·
697 2078 783 2128 fallor:
801 2080 894 2130 “Cassa
909 2080 1045 2143 paullisper
1061 2095 1138 2129 novas
1152 2088 1247 2144 tragoe-

102 2161 194 2210 videas.
229 2163 399 2222 Respmrdebls
412 2168 656 2223 mnnemteoperanr
698 2159 751 2206 dias
767 2173 920 2224 componere.
943 2160 1055 2209 Theatra
1064 2160 1115 2209 illis
1126 2159 1247 2223 aliquam·

103 2241 245 2288 caedendae
262 2241 383 2288 intortae
398 2241 535 2302 deputasse.
553 2241 658 2302 Ipnoace
698 2238 740 2285 din
751 2239 876 2287 careant.’'
902 2240 943 2288 Ne
955 2239 994 2288 fac
1009 2240 1120 2297 theatris,
1137 2239 1247 2290 utOvid.

104 2317 233 2366 avaritiae
249 2332 329 2374 meae,
346 2317 370 2365 εἰ
386 2321 521 2379 utramque
537 2318 655 2367 desidera
697 2317 730 2365 V.
765 2317 842 2365 Trist.
867 2319 892 2369 7.
921 2318 961 2368 27.
995 2319 1034 2365 nil
1050 2316 1105 2379 feei
1130 2320 1246 2367 theatris.

102 2394 247 2443 Eumenius
272 2410 369 2459 quoque
394 2396 477 2458 Aper,
502 2396 529 2444 in
549 2395 657 2460 Dialogo
698 2393 776 2455 Quasi
792 2396 949 2444 veroPollio
966 2396 1056 2444 etiam
1073 2395 1165 2444 multas
1182 2410 1246 2443 corn-

104 2474 135 2521 de
152 2473 240 2524 Causs.
259 2473 374 2537 Corrnpt.
392 2474 464 2537 Illoq.
476 2475 499 2524 3.
518 2476 549 2523 ad
563 2476 655 2524 Mater-
697 2475 830 2537 posuisset,
852 2481 888 2533 et,
909 2482 978 2523 stans
994 2474 1045 2524 fere
1061 2475 1088 2522 in
1105 2489 1156 2523 uno
1172 2476 1247 2537 pede,

103 2568 176 2613 num,
199 2554 242 2616 qui
262 2556 409 2604 recitaverat
433 2553 587 2618 tragoediam
609 2555 656 2605 Ca·
697 2553 830 2615 quotannis
863 2554 937 2611 duas,
974 2560 1036 2611 tres,
1071 2559 1099 2600 nt
1131 2553 1247 2601 nonnulli

104 2640 199 2690 tonem,
216 2641 241 2682 et
258 2634 386 2697 Thyesten
399 2633 449 2682 iam
461 2635 606 2698 dispositum
618 2634 655 2682 in·
697 2630 722 2678 in
760 2631 883 2689 Francia,
928 2632 1055 2681 adiiceret!
1107 2631 1246 2690 Novimus,

103 2720 142 2760 tra
161 2727 189 2762 se
212 2713 263 2776 ipse
283 2712 445 2762 formaverat:
472 2715 541 2763 Adeo
562 2720 586 2764 te
603 2722 655 2764 tra·
697 2716 818 2770 quantum
843 2710 959 2774 temporis
982 2718 1006 2760 et
1026 2711 1119 2760 laboris
1140 2710 1247 2759 Romani

102 2794 202 2854 noadiae
225 2794 290 2841 atae
313 2807 363 2841 aaa
387 2794 496 2849 satiant,
513 2794 655 2855 quominus,
697 2788 741 2836 uni
758 2790 898 2853 tragoediae
914 2789 1091 2853 impenderent.
1118 2790 1246 2840 Gradata-

101 2871 198 2919 oms'aeis
214 2872 357 2920 arationum
373 2877 398 2919 et
414 2885 535 2920 curarum
552 2874 654 2932 studita,
696 2881 754 2915 men
775 2872 901 2918 auctorem
922 2869 969 2917 hoo
985 2869 1103 2919 voluisse:
1128 2870 1246 2918 Horatius

102 2962 173 2997 omne
197 2954 307 3011 tempus,
335 2950 406 2998 mado
431 2951 500 2998 eirca
527 2951 654 3011 Medeam,
696 2946 793 2997 dixerm
817 2947 958 2997 Pollionem
984 2950 1095 2999 incedere
1114 2965 1159 3012 per
1179 2951 1247 3012 tpnea

102 3041 166 3086 eece,
189 3042 257 3077 nana
277 3028 347 3076 circa
366 3027 492 3089 Thyesten
512 3028 655 3074 consumar?
696 3027 775 3074 ctrrerl
792 3027 872 3076 doloro
886 3028 1039 3088 arrppasitos,
1061 3028 1119 3090 quia
1135 3026 1245 3075 nondum

102 3121 160 3154 aum
185 3111 223 3155 tot
245 3107 382 3156 amrbarum
402 3119 514 3162 caussae,
536 3110 574 3153 tot
594 3106 654 3154 calo-
696 3109 781 3151 tutum
803 3112 856 3153 erat
877 3105 908 3152 de
928 3104 999 3163 bellis
1020 3106 1136 3166 seribere,
1158 3106 1246 3168 quibus

102 3187 207 3234 alarum
227 3191 253 3234 et
273 3185 466 3248 nemciclpiorum
482 3184 611 3233 clientelae
626 3185 655 3232 in
697 3182 772 3231 multi
786 3183 862 3231 etiam
879 3184 989 3233 viventes
1001 3184 1172 3235 interfuerant.
1198 3188 1245 3235 At-

95 3263 188 3325 sarum
208 3269 312 3321 nocant,
337 3265 426 3327 quibas
446 3264 491 3312 vie·
511 3264 654 3326 suffeceris,
695 3277 744 3326 que
764 3263 828 3311 illud
849 3264 943 3312 incedis
960 3278 1007 3326 per
1027 3265 1110 3326 imam,
1135 3265 1245 3314 nondum

102 3343 181 3391 etlam
195 3344 219 3390 ei
235 3358 285 3391 nan
301 3357 391 3390 aarum
408 3342 518 3404 tibiipae
528 3345 654 3402 nepotium
695 3348 779 3390 tutum
795 3348 832 3391 est
849 3343 977 3391 historiam
988 3343 1063 3391 talem
1075 3344 1188 3398 scribere,
1200 3345 1245 3393 mi·

102 3421 270 3482 importasset.
312 3419 386 3469 Alias
411 3417 569 3468 difficultates
593 3434 653 3468 mox
694 3421 1015 3481 nimeedere,hisversibus
1025 3423 1159 3485 expressit:
1178 3423 1245 3472 “De-

103 3498 233 3562 attingam
282 3500 358 3548 Nunc
391 3499 452 3547 mihi
485 3500 654 3564 unnsquisque
694 3501 726 3548 sit
754 3499 869 3564 paullum
894 3501 969 3550 Musa
994 3501 1109 3550 historiae
1137 3501 1245 3563 tragicae

103 3577 297 3637 animadvertat,
314 3593 389 3642 quam
407 3586 463 3641 apte
475 3580 610 3643 composita
622 3580 654 3628 sit
694 3579 805 3628 theatris.
834 3579 940 3642 Repetes
957 3580 1051 3643 grande
1068 3594 1176 3637 munus,
1193 3579 1243 3628 his·

103 3656 211 3706 universi
236 3657 352 3706 carminis
378 3657 453 3716 ratio,
481 3658 518 3706 his
545 3665 653 3722 quatuor
695 3659 783 3708 teriam
800 3659 911 3708 absolves
927 3665 953 3707 et
968 3659 993 3707 in
1011 3658 1094 3709 lucem
1107 3660 1244 3717 edesmox,
1326 3672 1329 3678 ·

102 3737 215 3786 versibus
232 3736 325 3786 deletis.
354 3735 512 3800 “Occupatus
534 3752 572 3794 es,
595 3736 653 3786 Pol·
695 3738 737 3787 ubi
745 3753 803 3786 curn
812 3740 938 3801 Augusto,
946 3738 1092 3788 Maecenate
1100 3738 1246 3801 etAgrippa

102 3813 149 3873 lio,
178 3815 204 3864 in
233 3814 362 3863 scribenda
391 3814 513 3863 bellorum
542 3814 653 3863 civilium
695 3831 733 3865 res
750 3817 862 3879 publicas
879 3816 1043 3874 ordinaveris,
1060 3822 1089 3863 ut
1105 3821 1186 3863 metus
1203 3830 1245 3863 no-

103 3893 212 3942 historia.
246 3892 317 3956 Opus
341 3907 462 3956 maguum
488 3906 516 3940 ac
541 3891 652 3942 diffieilel
694 3910 782 3943 vorum
800 3894 921 3943 bellorum
939 3894 1013 3943 suerit
1029 3894 1166 3942 sublatus.''
1179 3893 1244 3943 Satis

102 3969 176 4020 rebus
192 3971 339 4033 pracsertim
358 3972 468 4019 nondum
486 3971 520 4018 ita
537 3973 653 4034 composi·
695 3974 757 4023 bene
777 3973 905 4022 historiam
926 3973 1049 4021 bellorum
1070 3971 1179 4020 civilium
1200 3986 1242 4034 ap-

102 4049 147 4109 tis,
164 4057 194 4099 ut
210 4049 294 4099 omnia
310 4050 361 4098 sine
372 4050 511 4099 multorum
522 4050 654 4100 offensione
694 4052 796 4115 pellavit
821 4053 924 4099 Musam
944 4052 1091 4113 trapoediae.
1127 4049 1168 4097 Ita
1184 4049 1242 4098 libri

103 4130 205 4178 tractari
233 4130 334 4192 possint.
373 4128 423 4179 Sed
448 4130 585 4193 periculosa
610 4131 654 4178 illa
696 4130 829 4180 Herodotei
846 4129 944 4177 nomine
961 4130 1091 4177 Musarum
1107 4128 1243 4190 insigniun-

103 4209 238 4258 difficultss
256 4215 291 4267 te,
309 4224 353 4273 pro
371 4216 414 4258 tua
431 4211 583 4272 constantia,
597 4224 654 4272 gra·
696 4218 742 4258 tur.
778 4208 812 4256 Et
829 4206 896 4255 bella
912 4207 994 4256 civilia
1011 4214 1070 4256 sunt
1086 4221 1124 4256 res
1141 4206 1244 4270 tragica,

104 4288 192 4345 vitate,
219 4294 243 4336 ct
268 4289 320 4338 veri
346 4304 440 4347 amore,
463 4307 479 4338 a
495 4290 595 4339 consilio
612 4296 655 4338 tuo
696 4298 718 4338 et
745 4289 826 4338 Pollio
857 4287 972 4336 utebatur
1002 4289 1096 4336 tumido
1124 4287 1244 4337 scribendi
