2916 5220
590 281 613 342 11
640 280 663 341 Ρ
688 280 715 339 1)
742 280 821 341 llll
848 279 878 340 N

294 470 444 535 “invicte
468 469 633 550 mortalis,
662 469 731 533 Dea
756 474 832 532 nate
856 487 936 551 puer
959 465 1114 547 Thetide,

249 574 291 638 'Ie
314 579 426 637 manet
451 572 606 637 Assaraci
632 572 748 653 tellus,
771 593 871 656 quam
897 569 1018 654 frigida
1041 568 1136 654 parvi

294 676 443 741 Findrmt
467 675 658 742 Scamandri
680 674 819 740 flumina
844 674 990 739 lubricus
1015 678 1049 737 et
1071 672 1210 750 Simois;

158 822 218 870 erga
235 807 372 856 alumnum.
407 808 441 855 Et
458 809 491 856 sic
508 807 622 855 Iuvenal.
640 806 703 855 VII.
722 799 725 835 ¹
745 819 829 853 rerum
845 811 870 853 et
891 804 1003 852 locorum
1022 808 1126 850 naturas
1144 807 1251 861 mutent,
1266 812 1283 850 at

158 888 215 939 210.
249 888 369 937 Metuens
397 890 481 950 virque
516 891 568 936 iam
599 889 705 950 mundis
746 890 895 944 argumento
922 896 968 930 suo
994 881 1196 939 accommodent,
1225 882 1285 930 duru-

159 969 270 1017 Aclu'lles
285 967 415 1016 (latitabat
423 969 517 1030 patriis
527 970 554 1015 in
565 969 704 1016 montibus:
746 963 819 1011 modo
836 964 943 1026 speciem
954 964 1043 1012 veriet
1059 963 1177 1010 decorum
1189 968 1288 1011 servent.

159 1047 201 1094 ubi
227 1046 361 1095 ridiculum
381 1052 418 1094 est
438 1047 463 1093 in
490 1052 600 1094 anetum
620 1047 705 1108 virque
745 1043 813 1090 Nam
839 1057 889 1090 non
909 1043 1023 1105 intelligo
1048 1057 1114 1104 quae
1135 1044 1227 1105 speeies
1243 1043 1291 1091 reri

158 1126 225 1173 etin
247 1139 282 1188 sq.
304 1139 353 1172 uon
376 1126 401 1172 in
419 1125 529 1187 prandia.
552 1124 608 1172 Alii
630 1124 704 1172 inter·
746 1128 859 1183 maneat,
885 1123 905 1170 si
931 1137 1016 1171 rerum
1040 1128 1145 1170 naturas
1162 1122 1291 1172 mutareri·

158 1210 287 1264 pretautur
304 1206 395 1266 prandi
406 1207 518 1260 alanino,
535 1219 635 1266 magno,
647 1204 705 1252 forti
746 1217 809 1250 mua.
832 1203 1003 1251 Discernenda
1022 1208 1084 1264 puto
1100 1203 1128 1248 in
1144 1201 1191 1249 hoc
1208 1216 1294 1263 genere

159 1283 234 1332 heroi.
268 1283 348 1342 Tum,
366 1283 450 1339 oredo,
462 1283 580 1331 Horatius
597 1282 705 1346 scripsis-
747 1288 869 1344 tempora,
886 1282 941 1329 loca
959 1289 983 1330 et
1000 1282 1059 1328 anni
1076 1285 1244 1343 tempestates,
1252 1296 1295 1328 nn-

159 1367 195 1410 set
205 1361 275 1423 forti
295 1363 334 1410 vel
352 1378 454 1425 moeno,
471 1377 520 1410 nou
537 1364 637 1424 prandi.
671 1362 705 1410 Et
747 1361 777 1408 de
802 1355 949 1409 varietatem
981 1359 1149 1423 epithetorum
1177 1359 1297 1422 explicari

158 1440 705 1503 alumnusnoudumerat,qualisadTroiam
746 1455 817 1504 posse
834 1441 939 1488 arbitror
955 1453 1068 1498 omnem,
1085 1440 1106 1486 si
1120 1439 1247 1486 interdum
1261 1453 1296 1488 er·

158 1525 221 1567 esset
238 1518 349 1577 futurus,
372 1521 477 1583 eprepiia
493 1524 518 1567 et
539 1520 637 1581 ruapaia
654 1520 704 1566 cir·
746 1535 828 1568 rorem
845 1519 922 1582 ipsius
938 1520 1024 1581 pobtae
1041 1516 1067 1564 in
1085 1532 1111 1566 re
1124 1516 1298 1580 Geographiea

159 1601 255 1648 tutibus
272 1606 387 1660 ornatus,
409 1606 438 1647 ut
459 1599 555 1647 Parcae
572 1599 639 1661 apud
656 1598 704 1648 Ca·
747 1598 864 1662 excipias.
889 1597 968 1661 Apud
985 1596 1137 1653 Homerum,
1154 1611 1231 1660 quem
1248 1596 1297 1644 Ηο-

159 1678 254 1725 tullum
279 1679 433 1740 praedicunt.
456 1677 544 1743 Μέγας
561 1678 606 1725 hoc
632 1692 705 1726 seusu
747 1679 825 1727 ratius
842 1680 966 1742 sequitur,
983 1676 1010 1724 in
1027 1675 1100 1724 Iliad.
1118 1675 1152 1724 N.
1170 1682 1208 1724 est
1225 1675 1297 1724 Xan·

159 1757 208 1804 iam
233 1758 259 1805 in
281 1758 385 1806 Homeri
407 1758 495 1821 Odyss.
515 1762 542 1805 B.
561 1758 618 1806 313.
640 1758 702 1820 legi·
746 1757 805 1806 thus
832 1756 911 1822 μέγας
937 1755 1055 1818 ποταμὸς
1083 1753 1246 1816 βαθυδίνης,
1275 1763 1298 1804 et

158 1841 211 1884 tur.
230 1836 347 1901 lydd'
336 1837 537 1896 ετινὴπιοςῆα,
556 1839 612 1885 Νῦν
630 1835 675 1886 d'‘'
663 1856 726 1886 ore.
724 1834 726 1869 Ι
724 1837 849 1899 Dionys
868 1835 965 1897 Perieg.
982 1834 1039 1882 819.
1061 1833 1188 1895 Ξάν3ῳ’
1179 1851 1213 1881 επ
1239 1834 1296 1898 εὐρὺ

157 1913 236 1977 μέγας
256 1914 312 1979 εἰμί.
354 1916 385 1964 In
408 1916 490 1963 Exodi
513 1914 549 1962 II
574 1916 601 1963 ll
621 1906 726 1964 Moses
724 1940 726 1991 γ
745 1915 829 1980 ῥέοντι
847 1915 887 1962 καὶ
905 1911 989 1976 Ἰδαίῳ
1006 1911 1131 1975 Σιμόεντι.
1155 1910 1297 1961 Comment.

156 1992 235 2057 μέγας
249 1993 397 2057 γενόμενος,
419 1994 485 2041 unde
502 1994 579 2042 Hebr.
597 1995 645 2042 Xl.
663 1996 726 2045 24!
724 1993 823 2059 Cruq.
850 1994 877 2040 in
902 1992 980 2039 altero
1001 1991 1117 2053 exemplo
1139 1991 1202 2039 vidit
1223 1995 1299 2054 pravi

157 2071 222 2131 quod
239 2071 471 2134 Vulgatusreddit:
488 2075 594 2134 providis
605 2075 704 2137 fretra.
723 2066 726 2121 1
748 2073 912 2131 Scamandri,
938 2071 1013 2134 idque
1037 2070 1218 2132 interpretatur
1246 2075 1299 2118 lor·

158 2150 243 2197 Minus
264 2151 354 2199 Latine
375 2151 518 2199 reddidisset
540 2167 644 2214 crepam
658 2124 726 2214 fri-i
748 2156 826 2210 tuost,
838 2152 912 2214 flexi.
930 2150 996 2198 Hinc
1012 2149 1045 2198 N.
1061 2149 1182 2197 Heinsius
1198 2149 1299 2210 legebat

158 2235 221 2278 ctus.
724 2230 815 2293 'flavi
845 2229 894 2278 Sed
905 2228 1007 2288 flavum
1026 2227 1209 2276 Scamandrum
1221 2228 1299 2277 Grae-

194 2311 278 2368 Quam
289 2309 391 2372 sripida
407 2312 483 2370 parui
510 2310 625 2357 Fiadoot
643 2312 703 2359 Sca·
747 2324 788 2357 cos
815 2323 865 2356 non
891 2306 984 2355 dixisse
1006 2307 1120 2366 arbitror,
1146 2307 1207 2369 quia
1229 2306 1299 2355 aliud

157 2388 258 2455 rnandri
269 2387 389 2449 flucano.
414 2386 704 2448 Fluminaappcllantur
747 2404 837 2437 nomen
863 2387 972 2437 eiusdem
995 2386 1104 2434 fluminis
1121 2393 1160 2434 est
1178 2387 1298 2445 Ξάνθος,

154 2481 249 2526 parua,
267 2466 288 2512 si
304 2480 390 2513 eorum
407 2466 515 2527 paruitas
532 2465 564 2511 sit
580 2479 702 2515 memora·
747 2468 822 2531 idque
839 2467 976 2529 antiquius,
999 2471 1150 2528 quapropter
1171 2465 1299 2514 Homerus

158 2543 225 2600 bilis,
249 2545 269 2591 si
286 2551 368 2607 partes
386 2545 495 2593 eiusdem
512 2543 621 2591 fluminis
639 2545 704 2594 inter
746 2547 848 2609 linguae
880 2548 992 2595 Deorum
1026 2544 1121 2592 tribuit.
1166 2544 1299 2593 Bentleius

157 2638 183 2671 se
200 2630 388 2686 comparentur,
414 2631 442 2670 ut
459 2624 499 2671 hie
520 2638 544 2671 v.
562 2637 582 2671 e.
601 2623 703 2672 Rhenus
746 2627 860 2674 mutabat
875 2627 952 2688 proni
971 2625 1131 2674 Scaurondri.
1166 2624 1223 2685 Ego
1241 2638 1300 2672 eou-

155 2717 264 2762 paruus,
281 2701 334 2750 illic
346 2701 407 2749 fluat
416 2717 531 2764 recuperor:
542 2702 583 2750 vel
594 2704 614 2750 si
621 2719 704 2764 porco
746 2707 805 2754 ieci:
823 2707 906 2764 Quom
913 2705 1016 2766 sripida
1026 2706 1090 2764 puri
1104 2704 1222 2751 Fiodaat
1238 2704 1299 2751 Sca·

158 2780 260 2828 flumina
285 2788 439 2843 opponantur
464 2780 519 2828 aliis
537 2797 599 2845 quae
617 2782 703 2830 dicun·
746 2786 848 2832 atandri
858 2784 979 2844 flattina.
1004 2783 1139 2844 Friqidum
1161 2787 1186 2829 et
1203 2797 1300 2844 purum

158 2868 200 2907 tur
217 2876 320 2921 triopae,
341 2861 392 2907 sive
409 2868 508 2922 propter
525 2860 586 2908 alias
603 2875 702 2922 causas,
745 2864 837 2927 optime
862 2861 1021 2910 conveniunt.
1068 2859 1105 2910 Ut
1129 2876 1154 2908 v.
1182 2874 1204 2908 c.
1230 2860 1299 2923 apud

157 2953 221 3001 quae
238 2937 277 2985 hic
294 2938 326 2985 ad
348 2937 529 2986 Scamandrum
549 2939 637 2987 referri
653 2955 703 2989 non
746 2942 848 2992 Arrian.
868 2941 970 3004 Periplo
987 2956 1044 3003 pag.
1066 2940 1120 2989 125.
1144 2947 1183 2988 est
1204 2939 1299 2987 flumen

157 3023 266 3078 possunt.
292 3016 334 3063 Ita
351 3016 427 3065 Silius
444 3016 547 3064 Italicus
556 3017 635 3068 VIII.
646 3021 703 3069 599.
744 3021 841 3084 ψυχροῦ
863 3022 904 3068 καὶ
928 3020 1042 3083 καθαροῦ
1064 3017 1166 3076 ὕδατος.
1193 3017 1297 3067 Aelian.

157 3098 279 3159 paruique
296 3099 413 3146 Bononia
431 3099 523 3147 Rani.
550 3099 703 3149 Scamander
743 3099 777 3148 V.
796 3101 829 3149 H.
853 3099 931 3149 XIII.
957 3100 978 3146 l.
1005 3097 1086 3147 tiara
1109 3098 1211 3162 καθαρὰ
1236 3095 1299 3146 ἰδεῖν

157 3183 210 3224 erat
221 3177 302 3224 minor
314 3175 439 3225 Simoente
450 3175 547 3225 fluvius.
564 3178 631 3226 Vide
640 3178 703 3229 Che·
744 3180 786 3227 καὶ
809 3179 906 3243 ψυχρά.
940 3178 1065 3226 Homerus
1091 3176 1167 3224 Iliad.
1191 3179 1219 3224 Φ.
1239 3177 1297 3224 345.

157 3255 297 3304 vallierium
310 3255 335 3302 in
344 3255 437 3304 Itinere
446 3256 477 3302 ad
486 3256 611 3304 Troadem
627 3258 657 3305 T.
667 3258 702 3307 ΙΙ.
743 3258 830 3306 laudat
856 3258 954 3306 Xanthi
980 3256 1079 3321 ἀγλαὸν
1104 3257 1169 3321 ὕδωρ
1195 3262 1220 3306 et
1238 3271 1299 3305 mox

156 3349 213 3396 pag.
234 3334 288 3384 174.
310 3333 348 3381 ed.
370 3333 519 3382 Hollandae.
554 3334 602 3383 Sed
624 3334 703 3382 Hora·
742 3339 809 3385 καλὰ
829 3336 927 3402 ῥέεθρα.
951 3337 1040 3386 Horat.
1062 3336 1082 3384 I.
1101 3335 1182 3398 Epist.
1205 3336 1243 3384 16.
1260 3337 1298 3384 12.

157 3413 206 3459 tius
223 3426 274 3460 non
291 3413 398 3461 instituit
418 3414 632 3476 comparationem.
663 3414 704 3463 Sic
747 3418 810 3464 Fons
826 3417 903 3463 etium
920 3417 973 3463 riou
995 3416 1056 3462 dare
1072 3429 1161 3463 nonen
1177 3415 1298 3472 Medma,

157 3490 223 3537 enim
241 3490 310 3537 aliud
326 3492 463 3553 epitheton,
485 3508 561 3557 quam
579 3496 703 3551 lubricos,
745 3499 774 3541 ot
794 3508 837 3541 nec
861 3494 990 3556 Fripidior
1010 3494 1149 3551 Thracam,
1179 3508 1224 3542 nec
1246 3509 1297 3555 pu·

156 3568 283 3617 tribuisset
301 3569 427 3619 Simobnti.
461 3573 579 3621 Lucanus
602 3573 702 3635 quidem
744 3575 797 3621 rior
816 3574 916 3620 ambiat
933 3573 1057 3620 Hebrum.
1093 3575 1187 3620 Perua
1203 3572 1235 3620 de
1252 3572 1299 3620 flu-

157 3646 280 3698 1X.o74.
307 3650 410 3697 Inscius
432 3653 458 3698 in
480 3653 544 3701 sicco
565 3659 703 3714 serpentem
744 3651 852 3699 minibus
882 3664 955 3713 saepe
981 3650 1081 3712 legitur.
1125 3649 1215 3698 Horat.
1246 3651 1299 3700 111.

155 3729 257 3788 pulvere
281 3727 365 3774 mauro
385 3729 547 3787 Protulerat,
569 3732 611 3793 qui
628 3731 702 3778 Xan·
744 3729 828 3780 Carm.
849 3730 886 3777 16.
905 3731 994 3778 Parae
1010 3729 1080 3777 riom
1097 3744 1186 3791 aquae.
1203 3728 1298 3791 Virgil.

157 3807 216 3853 thus
232 3811 296 3854 erat.
330 3803 379 3854 Sed
404 3805 524 3853 Horatius
545 3807 655 3869 loquitur
672 3808 703 3855 de
744 3809 794 3858 HI.
812 3808 969 3870 Georg.522.
988 3809 1080 3856 Amnis
1090 3808 1182 3870 purior
1198 3809 1298 3855 electro.

157 3884 261 3932 Xantho
277 3890 386 3946 tempore
405 3884 527 3945 Achillis,
541 3887 660 3935 Lucanus
673 3886 704 3935 de
745 3887 807 3936 Stat.
830 3885 879 3934 IV.
904 3884 966 3934 Silv.
983 3886 1007 3933 3.
1033 3886 1105 3932 Puro
1122 3886 1224 3947 purptte
1240 3899 1299 3945 pro

157 3973 265 4026 tempore
289 3961 408 4012 Caesaris.
447 3965 534 4027 Neque
557 3967 703 4014 Burmanno
743 3981 831 4014 vocare
849 3967 939 4012 Lirim.
973 3965 1073 4011 Auson.
1091 3962 1214 4011 Mosella:
1239 3963 1299 4010 Non

157 4043 188 4089 ad
213 4041 299 4091 Valer.
321 4042 403 4090 Flacc.
423 4041 457 4090 V.
483 4044 529 4092 180
551 4044 581 4091 de
605 4049 702 4091 coutra-
745 4044 850 4106 Aponus
867 4050 941 4106 potu,
959 4044 1040 4091 vitreo
1054 4043 1299 4092 acoluceNemuu·

157 4122 199 4170 riis
219 4121 332 4183 epithetis
358 4121 508 4184 disputanti,
532 4136 595 4185 quae
616 4123 702 4183 po'etae
744 4138 788 4171 soa
805 4126 911 4172 Parior.
944 4121 1015 4169 Idem
1041 4122 1067 4168 in
1085 4121 1202 4169 Villula:
1231 4121 1300 4169 Fons

157 4200 243 4248 iisdem
260 4200 406 4250 fluminibus
424 4203 558 4259 dederunt,
575 4215 700 4250 concesse·
744 4209 858 4265 propter,
874 4207 1015 4264 puteosque
1032 4201 1121 4256 breuis,
1141 4206 1198 4248 tum
1215 4214 1300 4260 purus

157 4281 215 4335 rim,
232 4280 309 4340 poetis
328 4281 373 4327 hoc
391 4295 443 4331 csse
460 4282 581 4339 dandum,
598 4289 625 4328 ut
637 4280 702 4343 ipsas
745 4288 770 4331 et
787 4284 877 4330 arnoia.
905 4280 990 4329 Sidou.
1009 4277 1123 4340 Apollin.
1141 4279 1163 4327 I.
1181 4278 1263 4340 Epist.
1274 4279 1298 4327 5.
