2916 5220
641 310 959 380 (lilltMlNUM

320 502 376 566 Nil
399 501 637 587 desperandum
661 500 781 564 Teucro
804 499 885 565 duce
916 506 949 564 et
972 498 1104 584 auspice
1127 494 1262 560 Teucro:

366 605 482 671 Certus
507 604 596 670 enim
619 602 773 688 promisit
795 601 933 686 Apelle,

320 708 522 794 Ambiguum
547 707 664 773 tellure
687 727 772 770 nova
795 704 964 771 Salamina
986 703 1163 770 futuram·

366 811 395 878 Ο
417 811 517 877 fortes
545 809 718 896 peioraque
741 808 830 894 passi

327 914 458 979 Mecum
481 935 577 1000 saepe
599 912 679 995 viri,
705 934 793 976 nunc
816 911 894 977 vino
918 911 1034 998 pellite
1051 932 1164 988 curas3

368 1016 447 1083 Cras
471 1017 588 1101 ingens
609 1015 800 1080 iterabimus
825 1037 952 1100 aequor.

231 1145 359 1193 nonnullis
378 1144 455 1195 MSS.
476 1145 528 1192 vidi
545 1150 590 1193 ter.
625 1142 779 1205 corruptum
823 1142 978 1205 confugiunt,
1004 1141 1054 1192 Sed
1070 1141 1142 1191 locus
1158 1140 1266 1198 Horatii,
1282 1140 1375 1203 dequo

230 1238 262 1272 ex
280 1229 375 1280 tamea,
392 1223 537 1287 compendio
553 1223 696 1286 scripturae.
823 1235 892 1269 nunc
909 1221 1016 1284 agimus,
1033 1235 1082 1269 non
1100 1221 1175 1269 habet
1191 1234 1310 1283 magnam
1327 1219 1374 1266 dif-

264 1306 314 1352 Nil
340 1306 523 1368 desperandum
546 1306 642 1354 Teucro
670 1304 732 1351 duce
756 1307 781 1350 et
827 1299 978 1359 ficultatem,
995 1300 1015 1347 si
1032 1300 1105 1350 modo
1120 1298 1247 1362 legamus:
1265 1300 1313 1346 Nil
1333 1299 1374 1348 de·

230 1384 333 1446 auspice
349 1385 451 1433 Teucro.
474 1381 628 1432 Schraderns
645 1380 780 1442 distingue·
823 1381 975 1442 macedum
1003 1381 1098 1428 Teucro
1128 1382 1189 1428 duce
1218 1383 1243 1427 ct
1271 1380 1375 1440 auspice

231 1460 284 1508 bat:
311 1463 405 1511 Teucro
421 1463 481 1510 duce
502 1465 527 1507 et
548 1461 656 1522 accepire⁴
685 1460 780 1506 Teucro
827 1460 926 1507 Teucri.
974 1458 1016 1509 Sic
1044 1457 1173 1507 invenitur
1201 1457 1322 1520 scriptum
1348 1456 1375 1504 in

233 1541 325 1589 Certus
346 1541 412 1588 enim
430 1540 549 1602 promisit
572 1537 671 1600 Apollo.
706 1536 780 1597 Quod
824 1536 920 1584 duobus
937 1537 1052 1586 Lambin.
1071 1536 1149 1587 Codd.
1161 1537 1188 1585 in
1198 1537 1296 1584 duobus
1307 1536 1374 1584 Ben-

230 1616 296 1664 idem
314 1617 376 1664 Iano
392 1616 418 1664 in
435 1623 543 1664 mentem
566 1614 640 1663 venit.
675 1613 724 1663 Sed
745 1614 782 1660 ita
824 1613 874 1662 tlei.
892 1614 918 1661 in
935 1614 1026 1665 Collat.
1049 1614 1109 1665 Sars
1133 1615 1199 1678 apud
1220 1613 1375 1670 Gesnerum,

231 1696 263 1744 ad
279 1695 408 1744 meliorem
425 1692 780 1755 lociintclligentiamparum
823 1694 849 1740 in
867 1694 921 1742 aliis
939 1695 1005 1756 apud
1021 1696 1107 1743 Feam.
1134 1694 1176 1743 Sic
1191 1693 1218 1741 in
1231 1694 1286 1741 ‘uno
1302 1693 1375 1742 Leid.

231 1773 388 1838 profecimus.
422 1773 501 1829 Nam,
518 1772 584 1836 quod
602 1770 728 1820 verissime
739 1772 781 1818 do
825 1778 849 1820 et
866 1771 990 1822 D'Orvill.
1024 1773 1099 1821 Hanc
1119 1771 1249 1821 lectionem
1267 1771 1310 1820 alii
1334 1779 1373 1819 ta·

231 1853 284 1900 cuit
300 1851 440 1909 Bentleius,
457 1867 551 1914 auspex
568 1865 617 1899 non
635 1849 724 1898 dicitur
736 1849 782 1897 nisi
825 1857 908 1900 centes
924 1866 974 1900 non
991 1858 1124 1910 curarunt,
1142 1851 1197 1909 alii,
1214 1851 1290 1900 etiam
1305 1851 1373 1899 Ben-

231 1946 325 1980 numen
343 1931 455 1994 aliquod,
472 1936 496 1978 et
513 1931 624 1978 sacerdos
641 1929 782 1987 Romanus,
825 1929 1043 1989 tleius,vocarunt
1051 1931 1173 1994 ineptam:
1185 1936 1209 1978 et
1221 1937 1302 1978 tamen
1314 1945 1377 1977 vera

233 2010 333 2073 proprie
350 2009 385 2057 ita
402 2007 548 2071 appellatus.
582 2009 641 2058 Ideo
659 2009 701 2057 ille
717 2009 781 2071 lege·
825 2015 875 2067 est,
893 2008 914 2056 si
930 2008 966 2056 ita
983 2010 1103 2072 explices:
1128 2012 1175 2057 Nil
1191 2011 1377 2071 despuendam

233 2089 276 2136 bat
293 2089 393 2150 auspice
413 2089 518 2136 Phoebo.
554 2086 628 2148 Quod
649 2087 710 2135 mihi
732 2103 782 2137 uon
829 2089 924 2137 Teucro
940 2093 965 2138 et
982 2091 1081 2152 auspice
1101 2091 1191 2138 Teucri
1211 2090 1285 2148 duce,
1306 2087 1376 2134 duci·

232 2164 487 2230 plecet‚quiastatim
497 2165 709 2230 sequiturCmtua
717 2169 783 2214 enim
825 2166 1266 2230 busTeucroetApclline,auspice
1275 2165 1377 2214 Teucri,
1437 2223 1442 2234 Ι

233 2246 350 2307 promisit
369 2243 464 2306 Apollo.
489 2244 650 2307 Exemplum,
668 2259 717 2306 quo
735 2246 783 2293 uti·
826 2244 1378 2310 AtqueitalegeruntScholiastae,accom-

233 2332 275 2372 tur
300 2323 332 2371 ad
356 2322 549 2382 defendendum,
574 2337 623 2370 non
648 2329 685 2371 est
709 2323 783 2372 idem
826 2332 949 2374 mentator
966 2324 1126 2389 Cruquianus
1147 2325 1282 2386 “auspice,
1301 2339 1375 2386 rpoa-

234 2402 301 2450 Nam
318 2403 388 2451 Iliae
404 2403 580 2465 Mavortisque
599 2419 664 2465 puer
685 2408 709 2451 et
732 2405 783 2452 Ro·
825 2421 887 2454 sore.
928 2405 971 2454 Aa
996 2407 1138 2467 Apollinem
1162 2404 1280 2464 respicit,
1303 2405 1377 2451 cuius

234 2483 316 2529 taulus
333 2478 463 2539 differunt,
485 2486 513 2528 ut
539 2494 628 2529 nomen
651 2495 784 2530 commune
827 2486 939 2546 responsi
958 2486 1083 2545 promissa
1105 2482 1279 2545 sequebatur.'’
1311 2483 1375 2532 Bre-

234 2565 258 2606 et
274 2560 409 2622 proprium.
444 2560 515 2620 Quae
532 2559 620 2608 Burm.
638 2562 669 2608 ad
685 2562 783 2610 Fastor.
827 2560 891 2609 vitas
908 2561 1007 2610 Horatii
1023 2560 1162 2624 impedivit,
1185 2560 1320 2623 quominus
1336 2563 1375 2608 in-

234 2636 307 2686 Ovid.
326 2638 346 2686 I.
364 2639 404 2686 26.
430 2645 516 2686 contra
537 2639 679 2688 Bentleium
701 2640 783 2702 dispu·
828 2646 945 2704 terpretes
975 2640 1044 2688 illius
1069 2646 1177 2688 mentem
1201 2640 1376 2704 perspicerent.

235 2722 284 2775 tat,
301 2717 365 2764 nihil
383 2723 448 2765 sunt.
475 2716 529 2766 Alii
547 2717 609 2765 alias
625 2719 784 2780 protulerunt
829 2719 916 2768 Simile
936 2719 1031 2767 dictum
1053 2721 1131 2768 estin
1147 2721 1252 2770 Lucano
1267 2721 1302 2770 V,
1319 2723 1377 2774 579.

235 2793 402 2853 coniecturas,
423 2795 526 2857 plurimi
544 2797 653 2845 contenti
671 2804 730 2846 sunt
747 2799 782 2847 fe·
828 2803 937 2849 Italiam
953 2803 976 2848 ai
993 2802 1056 2850 eoclo
1073 2807 1175 2850 auctore
1195 2817 1309 2861 recusos,
1334 2801 1379 2851 Me

235 2872 278 2920 lici
287 2873 391 2922 audacia
402 2873 509 2931 Horatii,
522 2874 565 2936 qui
577 2874 784 2937 significationem
826 2885 890 2941 pete.
924 2880 980 2927 Hoc
996 2885 1033 2927 est
1054 2895 1091 2928 me
1112 2887 1226 2944 (tractore,
1247 2888 1276 2928 ut
1298 2880 1376 2930 Clau·

235 2953 345 3014 auspicis
361 2951 508 3007 mutaverit,
533 2959 558 3001 et
579 2954 610 3001 ad
627 2954 785 3004 hominema
828 2958 893 3005 dian.
919 2957 949 3005 de
966 2958 995 3006 B.
1023 2956 1089 3006 Gild.
1116 2958 1171 3006 499.
1214 2958 1293 3006 Certa
1310 2959 1379 3021 fides

235 3031 290 3079 Deo
307 3030 463 3078 transtulerit
499 3032 555 3094 Ego
573 3032 698 3082 interdum
715 3034 785 3082 doleo
827 3037 901 3096 coeli,
917 3038 961 3084 sed
976 3037 1057 3084 maier
1074 3037 1204 3083 Honorius
1214 3041 1310 3085 auctor.
1327 3037 1379 3084 Ho

236 3108 422 3169 Quintilianum
439 3109 532 3159 felicem
545 3111 643 3161 Horatii
655 3114 784 3163 audaciam
828 3115 924 3173 ncriuS,
942 3119 1027 3162 auctor
1048 3118 1076 3161 ut
1098 3113 1154 3162 vela
1177 3113 1256 3170 ventis
1278 3113 1378 3181 demus,

236 3188 418 3238 memoravisse.
447 3190 525 3238 Multi
543 3191 609 3239 enim
627 3193 785 3255 interpretes,
828 3199 866 3240 est
881 3191 961 3240 maior
976 3191 1051 3251 fides,
1068 3192 1131 3251 fore,
1151 3199 1180 3239 ut
1195 3192 1235 3240 vel
1251 3206 1296 3254 per
1314 3199 1376 3241 tem-

236 3267 321 3316 omnia
337 3267 431 3315 flustra
447 3268 541 3327 conati,
551 3270 651 3319 tandem
663 3273 742 3320 securi
753 3274 785 3320 ad
829 3277 949 3334 pestatem
966 3270 1103 3320 incolumes
1120 3271 1152 3318 ad
1169 3271 1266 3319 hostem
1275 3284 1378 3334 perren-

236 3360 290 3393 eam
303 3345 444 3406 audaciam,
457 3347 535 3396 veluti
546 3362 643 3398 sacram
655 3365 784 3411 ancoram,
830 3351 880 3399 turi
896 3350 981 3398 simus.

723 3497 887 3520 ψ

601 3646 849 3711 OARMEN
895 3648 988 3711 VIII.

328 3803 457 3903 Lydia,
481 3821 550 3904 dic,
572 3845 630 3908 per
651 3821 770 3888 omnes

374 3923 416 3988 Te
437 3924 523 3990 Deos
544 3926 781 4010 oro,<‘Sybariu
803 3950 859 4004 eur
875 3951 1029 4018 properas
1055 3929 1195 3994 amando

383 4089 536 4140 CARMEN
556 4093 636 4142 vm·
829 4080 892 4114 cere.
914 4068 977 4116 Vere
985 4066 1232 4130 corruptumvidetnr
1240 4079 1272 4114 ex
1281 4080 1331 4114 oro.
1345 4066 1379 4113 Te

833 4144 1005 4207 praetulerunt
1017 4146 1100 4194 Bentl.
1115 4152 1140 4193 et
1152 4144 1267 4195 Oudend.
1276 4145 1377 4193 Terent.

274 4182 315 4264 Τ
310 4233 323 4264 e
329 4219 398 4266 Deos
405 4233 454 4267 oro.
468 4220 533 4270 Mar.
542 4222 664 4271 Victorin.
675 4238 698 4285 p.
707 4223 781 4272 2614.
828 4223 909 4271 Andr.
919 4223 952 4272 V.
964 4225 984 4272 l.
998 4224 1034 4272 lt.
1061 4227 1198 4286 Perepotc
1209 4225 1275 4272 Deos
1283 4238 1333 4271 oro.

236 4301 260 4342 et
274 4293 371 4343 Atilius
379 4296 509 4347 Fortunat.
519 4315 543 4363 p.
552 4301 626 4351 2703.
644 4304 701 4351 Hoc
716 4304 782 4351 Deos
862 4304 916 4352 Cur
934 4319 1065 4368 properae.
1099 4303 1198 4351 Mutari
1221 4301 1378 4350 coniunctivae
