2916 5220
587 332 763 395 LIBER
807 334 872 396 ΠΙ.
1236 333 1298 395 269

388 517 521 582 Declive
545 517 775 603 contempleris
800 541 913 583 arvum
937 526 969 583 et

433 620 588 706 Telegoni
612 621 692 706 iuga
714 621 902 706 parricidae.

343 723 556 788 Fastidiosum
579 724 685 788 desere
708 728 829 809 cupium
859 735 888 789 et

343 825 459 890 Molem
475 831 691 912 propinquam
714 825 844 892 nubibus
867 827 998 892 arduis:

390 929 502 993 Omitte
524 933 640 998 mirari
662 928 770 994 beatae
1011 942 1014 947 '

430 1033 563 1096 Fumum
586 1042 616 1096 et
638 1054 712 1118 opes
734 1037 957 1119 strepitumque
978 1037 1105 1099 Romae.

159 1171 239 1233 ligero
260 1170 374 1219 certatim
395 1169 556 1219 illustrarunt
573 1171 621 1218 viri
638 1169 710 1218 docti.
745 1170 850 1232 fumum
874 1178 899 1219 et
914 1173 1064 1232 strepitum?
1098 1171 1185 1219 Mirari
1209 1177 1301 1234 potest,

158 1251 211 1299 Diu
228 1257 283 1313 pest
299 1251 360 1298 haee
376 1251 412 1298 ita
431 1250 535 1314 scripta,
557 1251 610 1299 vidi
630 1265 712 1298 emen·
752 1249 795 1311 qui
815 1249 923 1311 primum
944 1249 1023 1308 videt,
1046 1265 1068 1298 ι.
1092 1264 1112 1297 c.
1131 1250 1237 1297 rusticus
1254 1251 1300 1299 ali-

159 1330 284 1379 datienem
318 1330 349 1378 ab
383 1331 438 1378 aliis
471 1346 524 1380 esse
557 1337 710 1394 occupatam.
752 1330 819 1392 quis,
836 1343 885 1378 nen
902 1331 1046 1386 Maecenas,
1068 1330 1111 1393 qui
1128 1336 1229 1392 prepter
1245 1345 1301 1378 cou-

160 1408 305 1456 Markland.
328 1409 355 1456 in
375 1410 464 1472 Eurip.
484 1410 596 1473 Supplic.
614 1425 637 1471 p.
654 1410 711 1458 258.
752 1408 908 1457 suetudinem
925 1408 975 1455 iam
992 1422 1042 1456 nou
1055 1407 1185 1456 sentiebat.
1202 1408 1237 1456 Et
1248 1415 1302 1456 erat

159 1488 258 1535 scribit:
276 1488 406 1550 “capitalis
422 1490 515 1550 ingenii
525 1489 577 1548 vir,
593 1488 712 1537 Nicoluus

158 1567 303 1629 Hardinge,
324 1566 387 1629 legit
407 1572 432 1615 et
453 1567 586 1629 distinguit
605 1573 635 1614 ut
651 1584 712 1616 sem·

156 1649 304 1707 per-uuum.
316 1645 373 1706 Quo
384 1645 447 1693 nihil
458 1646 541 1695 verius
549 1652 621 1709 pute:
633 1647 712 1694 adTi-

160 1724 209 1772 bur
222 1726 287 1773 enim
295 1724 385 1772 invitat
392 1724 712 1773 MaecenatemHeratius.”

158 1802 293 1864 Hardingii
307 1803 474 1850 coniecturam
488 1803 602 1864 repudiat
613 1804 712 1852 Britan-

159 1881 711 1945 nusinDiarioClassieoNe47.ipselegens:

160 1961 250 2016 Messe,
259 1963 277 2018 i,
286 1977 333 2022 per
344 1964 422 2009 uelum
431 1963 517 2018 Tibur,
527 1963 668 2010 utrlesulae
676 1977 712 2024 sq.

752 1488 779 1535 in
799 1495 868 1536 turre
888 1502 933 1534 sua
950 1487 1009 1534 satis
1026 1501 1042 1534 a
1057 1485 1177 1534 molestiis
1195 1486 1247 1534 istis
1265 1502 1301 1536 re·

753 1573 841 1615 motus.
853 1597 857 1604 ‹
870 1566 923 1616 Cur
935 1574 1018 1614 autem
1029 1567 1074 1614 illc
1084 1567 1218 1614 miraretur
1228 1572 1301 1630 opes?

753 1645 801 1706 Qui
818 1644 902 1693 omnia
913 1645 1027 1702 haberet,
1044 1659 1109 1707 quae
1119 1649 1233 1708 cuperet?
1252 1646 1301 1695 Sed

753 1731 777 1772 et
798 1738 847 1771 vox
868 1739 923 1785 opes
943 1724 982 1771 hic
997 1725 1103 1772 incertae
1120 1723 1253 1772 admodum
1270 1725 1301 1772 si-

753 1802 916 1864 gnificationis
942 1809 992 1858 est,
1019 1801 1079 1849 adeo
1104 1808 1132 1849 ut
1157 1803 1302 1866 interpretes

752 1881 803 1928 fere
820 1881 942 1938 nesciant,
959 1895 1035 1944 quarn
1052 1881 1158 1929 sumturi
1171 1881 1228 1931 sint.
1252 1883 1301 1930 Ne·

753 1974 801 2022 que
822 1959 884 2008 bene
904 1961 1019 2009 convenit
1038 1974 1095 2007 cum
1106 1961 1182 2022 suasu
1198 1967 1223 2008 et
1239 1967 1302 2010 stre-

159 2040 315 2102 Hardingius
333 2039 435 2088 fortasse
448 2039 522 2088 istam
536 2039 711 2098 coniecturam,
749 2040 816 2100 pitu.
851 2039 936 2100 Atque
956 2039 1039 2086 adhue
1056 2045 1154 2086 secutus
1170 2053 1226 2088 sum
1243 2041 1300 2088 vul·

159 2117 181 2165 si
194 2119 309 2178 vidisset,
327 2119 477 2181 repudiaret.
504 2117 643 2168 Meinekius
657 2118 707 2166 lau·

160 2197 203 2244 dat
230 2199 412 2261 perelegantem
439 2199 604 2246 coniecturam
628 2198 710 2247 Luch-

159 2275 261 2335 manni,
282 2276 313 2324 ab
330 2277 441 2340 Hauptio
457 2290 555 2339 queque
571 2283 711 2338 receptam:

158 2355 230 2415 eripe
247 2360 272 2403 te
288 2370 377 2404 arurae.
404 2357 458 2405 Hie
474 2370 570 2416 seneper
588 2357 673 2404 adura.

193 2435 304 2482 Decliue.
321 2433 379 2482 MS.
387 2434 462 2482 Voss.
473 2439 588 2495 corrupte
596 2435 710 2482 declivae.

194 2515 362 2562 Fastidiesam
387 2516 471 2562 desere
493 2515 597 2574 copiam.
632 2512 709 2562 Scho-

158 2590 246 2639 liastae
271 2592 296 2638 in
324 2591 491 2654 superioribus
516 2591 641 2653 legentes:
666 2608 711 2641 nee

157 2684 256 2731 semper
276 2672 354 2718 udum
374 2672 454 2718 Tibur
476 2673 651 2732 corttemplere,
669 2671 710 2718 ad-

157 2749 277 2798 diderunt
296 2749 361 2796 hanc
382 2749 624 2810 interpretationem,
647 2765 711 2812 quae

158 2835 197 2877 est
213 2827 421 2878 commentatoris
433 2825 582 2889 Oraquiani:
605 2829 711 2878 Turrim

752 2117 912 2180 gatamfumi
920 2118 1159 2180 interpretationem,
1171 2133 1220 2181 quo
1229 2134 1302 2168 sensu

752 2196 827 2244 etiarn
851 2197 1020 2260 Hieronymus
1045 2196 1124 2259 Epist.
1142 2198 1165 2245 5.
1193 2196 1301 2260 scripsit:

756 2276 884 2333 Quarteuliu
903 2276 1067 2338 serumserum
1092 2277 1192 2323 urbium
1216 2291 1302 2325 career

752 2354 869 2402 includit.
904 2354 971 2415 Quid
996 2353 1055 2413 fiet,
1082 2354 1102 2400 si
1120 2354 1226 2415 suerrum
1251 2369 1301 2402 non

752 2430 850 2494 proprie
874 2432 1040 2494 accipiamus?
1078 2431 1145 2478 Tum
1170 2431 1302 2480 Maecenas

752 2511 884 2558 miraretur
904 2509 1016 2558 homines
1032 2524 1107 2558 runos
1123 2515 1148 2558 et
1163 2516 1301 2560 assentato-

752 2604 799 2638 res.
833 2589 946 2637 Martial.
968 2587 1017 2638 IV.
1038 2587 1125 2650 Epigr.
1138 2590 1161 2636 5.
1200 2590 1246 2636 Vir
1263 2593 1301 2639 ba·

752 2683 800 2716 nus
819 2673 845 2717 et
862 2683 979 2730 pauper,
1005 2669 1139 2731 linquaque
1159 2674 1184 2716 et
1202 2676 1302 2731 pectore

752 2762 836 2808 uerus,
856 2747 926 2806 Quid
942 2748 989 2795 tibi
1005 2749 1055 2808 uis,
1076 2750 1161 2796 urbem
1178 2749 1232 2811 qui,
1253 2750 1301 2797 Fa·

752 2827 836 2883 blane,
851 2827 933 2888 petis?
962 2827 1072 2875 Vendere
1087 2841 1131 2874 nee
1146 2841 1223 2874 uenas
1233 2828 1301 2877 eirca

157 2909 186 2955 in
207 2908 288 2955 turris
308 2909 364 2954 suis
385 2907 557 2954 construxisse
579 2909 711 2956 dicebatur
750 2906 851 2966 palatiu
865 2904 971 2968 sumas,
991 2911 1068 2967 pates.
1110 2905 1249 2968 Angustia.
1271 2907 1301 2955 de

160 2986 377 3041 Maeuianum
385 2986 444 3034 haee
450 2986 612 3046 prospiceret.
621 2986 656 3034 Et
665 2987 710 3035 hoc

158 3065 328 3114 necessarium
339 3069 404 3120 erat,
421 3069 450 3110 ut
460 3063 577 3111 sciremus
588 3065 710 3126 quemodo

159 3143 293 3192 Maecenas
313 3142 408 3191 Romae
424 3142 505 3190 Tibur
522 3143 604 3191 videre
620 3152 709 3207 posset.

158 3223 219 3271 Neu
228 3229 281 3271 erat
289 3222 460 3276 necessarium,
468 3221 489 3268 si
497 3221 617 3270 Horatius
625 3223 710 3270 statim

160 3303 394 3351 addidisset:desere
401 3303 486 3350 ruralem
492 3303 709 3363 propinquumnu·

159 3383 232 3431 bibus
243 3383 337 3430 arduis.
355 3379 407 3427 Pro
419 3380 491 3442 eopia
502 3380 582 3442 magis
590 3381 709 3429 Latinum

158 3466 224 3510 essct
235 3462 326 3522 copiae.
342 3458 507 3522 Symmachum
512 3458 575 3507 VII.
584 3459 664 3520 Epist.
669 3461 709 3509 36.

160 3540 311 3588 Succestisti
321 3537 456 3605 insumam
464 3539 573 3587 Luculli.
591 3540 646 3596 Quo
658 3555 709 3587 mu·

157 3619 198 3679 qis
218 3619 297 3666 miror
317 3619 352 3665 ad
372 3618 425 3665 alia
446 3632 624 3679 nonnunquam
643 3634 710 3680 posse

752 2980 805 3032 (liv.
822 2984 873 3032 Dei
886 2983 938 3032 ΠΙ.
954 2985 991 3032 12.
1024 2985 1111 3032 Nimis
1127 2986 1192 3033 euim
1209 2986 1301 3034 multos

754 3063 818 3110 Deos
837 3064 919 3111 Reum
938 3065 1031 3126 qrandi
1041 3063 1118 3124 fuam
1133 3078 1179 3111 suo
1197 3067 1231 3111 ad
1247 3067 1299 3113 tui-

752 3142 841 3190 tionem
862 3148 1058 3204 eunqreqauerut.
1093 3143 1179 3205 Neque
1196 3144 1300 3192 verbum

750 3223 839 3269 oauitte
865 3222 933 3269 omni
957 3220 1017 3269 vitio
1041 3227 1115 3269 earet.
1154 3220 1300 3270 Omittimus

751 3298 856 3360 aliquid,
875 3299 941 3362 quod
958 3314 1008 3347 non
1024 3300 1172 3362 repetimus,
1194 3300 1241 3349 nisi
1258 3301 1299 3348 ad-

750 3378 824 3426 datur
832 3380 970 3427 ousittimus
976 3394 1124 3441 parumper,
1134 3381 1299 3442 aliquamdiu.

750 3456 805 3504 Iam
822 3456 942 3505 Horatius
959 3472 1008 3506 non
1025 3463 1121 3520 poterat
1131 3472 1220 3521 rogare
1231 3459 1299 3508 Mae-

751 3541 873 3595 cenatem,
895 3540 924 3583 ut
945 3538 1069 3585 omitteret
1088 3537 1184 3587 Romae
1204 3540 1299 3598 vivere,

751 3615 793 3663 sed
811 3622 840 3663 ut
856 3615 907 3663 dics
923 3615 1018 3678 aliquot
1034 3616 1122 3665 urbem
1139 3618 1299 3681 relinqueret,

159 3697 285 3744 transire:
311 3697 363 3744 nisi
377 3695 568 3758 fartesartidio
579 3696 655 3759 fuqis
669 3712 708 3746 eo·
750 3699 774 3741 et
791 3693 845 3742 ruri
854 3693 960 3742 frontem
971 3694 1114 3757 explicaret.
1132 3696 1204 3757 Quod
1216 3705 1299 3746 autem

156 3777 227 3837 pius,
244 3780 269 3823 et
285 3776 423 3823 mutatione
438 3776 547 3837 castique
557 3777 709 3823 sutietatem.
750 3772 889 3822 Burmann.
908 3774 940 3820 ad
957 3772 1074 3837 Satyrum
1089 3773 1213 3838 Sulpiciae
1230 3791 1266 3825 vs.
1275 3778 1297 3825 9.

196 3855 292 3903 Omitte
319 3855 411 3902 mirari
441 3855 528 3902 beatae
550 3855 659 3902 Fumum
684 3860 710 3903 et

158 3948 216 3996 opes
235 3936 419 3995 strepitumque
441 3935 544 3981 Rornae.
570 3932 710 3991 Maecenas,

159 4011 207 4060 hec
218 4018 328 4075 tempere
339 4012 395 4060 urbi
404 4011 550 4074 praefectus,
559 4017 613 4059 erat
620 4011 709 4058 anxius

157 4098 258 4154 propter
274 4091 341 4140 bella
356 4091 518 4140 imminentia.
551 4091 610 4139 Tali
628 4091 710 4138 animo

158 4171 215 4234 quis
239 4171 344 4219 miratur
365 4170 476 4228 firmum,
498 4184 555 4232 opes
575 4176 601 4218 et
622 4169 708 4233 strepi·

158 4255 214 4296 tum
231 4247 315 4298 urbis?
348 4250 383 4298 Et
403 4249 505 4298 omnino
522 4249 577 4311 quis
594 4249 710 4305 miratur,

158 4328 226 4390 quod
242 4329 269 4376 in
285 4328 383 4391 magnis
400 4327 502 4375 urbibus
515 4327 650 4390 pessimum
665 4333 710 4384 est,

750 3866 796 3914 pre
812 3853 899 3901 omitte
914 3851 1013 3913 legebat
1030 3867 1044 3900 u
1060 3853 1144 3909 relitte,
1168 3854 1227 3916 quia
1248 3853 1299 3902 Ho-

750 3930 829 3979 ratius
846 3936 871 3979 et
887 3930 929 3978 alii
945 3930 1050 3992 primurn
1067 3930 1191 3994 syllabam
1203 3946 1299 3995 semper

751 4009 894 4073 corripiunt,
912 4008 959 4056 hoc
975 4009 1049 4071 plane
1064 4010 1152 4058 inutile
1164 4016 1209 4060 est.
1231 4013 1298 4060 Nam

750 4089 870 4138 Horatius
899 4088 926 4135 in
953 4087 1000 4135 hoc
1024 4102 1100 4136 versu
1123 4102 1195 4151 saepe
1220 4090 1299 4138 utitur

751 4166 832 4215 iambo
848 4180 894 4229 pre
911 4165 1044 4228 monimo:
1061 4181 1086 4214 v.
1095 4179 1116 4215 c.
1133 4166 1155 4215 Ι.
1165 4166 1248 4217 Carnu.
1258 4170 1297 4218 35.

752 4244 795 4295 Aa
807 4260 880 4294 urmu
892 4250 1023 4304 cessantes,
1035 4247 1070 4293 ud
1081 4261 1162 4295 umisa.
1180 4247 1201 4295 Ι.
1215 4246 1298 4298 carm.

751 4325 791 4376 37.
809 4325 917 4386 Redeqit
929 4326 956 4372 in
969 4339 1039 4373 uerus
1052 4326 1158 4376 timeres.
1168 4326 1204 4376 11.
1214 4327 1299 4379 Carra.
