2916 5220
409 345 581 409 ltiiItUM
620 345 677 408 ΕΤ
713 343 1011 407 VERBORUM.

157 537 274 585 Cithara
291 534 398 584 imbellia
416 532 455 591 60,
467 550 488 580 a.

157 613 196 661 Cl
212 616 273 662 aid
292 611 316 659 in
334 612 404 660 MSS.
422 613 558 675 permutata
575 610 630 669 304,
644 609 667 658 b.

158 692 270 749 Clarue,
288 704 434 754 gemmarum
450 689 573 753 epitheton
591 688 647 747 322,
657 687 680 735 b.

157 770 264 819 Clceaie
280 783 324 832 pro
341 784 393 817 uua
408 785 472 819 aare
487 769 544 817 114.

159 848 264 896 Clavus
281 849 382 896 auualr'e
398 847 457 909 210,
467 862 489 895 a.

159 925 279 982 Cuideu,
300 925 436 974 terminatio
454 926 555 984 Graeca,
574 943 587 974 a
603 924 708 973 librariis

195 1018 266 1068 saepe
282 1007 374 1052 mutate
391 1004 446 1061 267,
457 1003 480 1052 6.

160 1083 269 1132 Caelum
284 1089 368 1146 petere
381 1085 496 1132 stultitia
513 1083 553 1139 2l,
563 1082 586 1131 6.

158 1162 260 1210 Coenae
283 1161 367 1209 borum
388 1176 436 1210 non
452 1160 602 1210 maturabant
619 1164 709 1208 veteres

197 1240 299 1288 Romani
317 1244 339 1297 5,
352 1239 377 1288 b.

1226 342 1291 403 403

724 532 727 587 ζ
747 531 861 581 Deitcere
878 530 906 578 de
923 529 1051 579 victoribus
1068 530 1124 589 287,
1136 546 1157 578 a.

725 634 727 645 =
748 613 897 661 Deliberata
914 627 980 661 mora
999 611 1054 668 116,
1063 609 1087 658 6.
1106 609 1161 657 265.

748 690 822 739 Delos
839 706 914 740 racra
932 689 971 748 16,
984 706 1006 738 a.

746 771 854 819 Demere
870 767 907 816 vel
921 784 1018 818 sumere
1034 771 1064 818 ele
1080 771 1120 820 die
1138 771 1159 826 5,
1171 768 1194 816 b.

725 836 727 895 Ξ
748 848 884 897 Demauere
900 848 924 894 et
941 849 1064 897 dimovere
1080 849 1104 908 3,
1113 846 1137 896 b.

746 927 858 975 Demere
874 940 918 989 pro
935 927 1041 975 deerrare
1056 925 1096 985 01,
1107 943 1129 974 a.

746 1005 860 1053 Demum
878 1006 987 1053 bumerir
1003 1003 1088 1069 vulgus
1106 1006 1162 1064 151,
1171 1004 1194 1053 b.

748 1085 873 1146 Dertpere
889 1081 997 1146 postibus
1014 1083 1094 1148 aigne,
1115 1100 1163 1133 non
1179 1085 1291 1147 diripere

780 1161 836 1219 330,
848 1177 870 1210 a.

749 1244 897 1292 Deatrtctue
914 1241 985 1300 eneis,
1001 1256 1050 1289 non
1067 1242 1199 1291 districtus
1215 1241 1272 1288 181.

163 1319 258 1368 Colam'
282 1321 305 1367 et
324 1334 450 1382 pauperes
471 1335 510 1383 ep.
534 1319 621 1369 Horat.
639 1320 710 1368 iidem
748 1323 858 1370 Decium
874 1323 981 1368 ecortnm
998 1319 1057 1382 149,
1065 1319 1089 1368 b.

199 1398 255 1455 105,
266 1413 287 1446 a.

164 1479 293 1528 Calabrae
309 1481 333 1525 et
350 1480 445 1527 colubri
462 1478 502 1535 67,
514 1478 537 1526 6.

166 1557 272 1606 Comere
288 1557 327 1614 50,
339 1571 360 1604 a.

163 1633 295 1683 Comieeari
306 1637 333 1684 tu
342 1638 532 1693 domumnonr'u
543 1639 613 1685 doma
625 1635 709 1693 2766.

166 1714 317 1764 Commodus
333 1713 403 1761 homo
421 1715 477 1772 306,
489 1714 512 1763 b.

166 1793 297 1842 Commodi
314 1794 392 1856 cyathi
410 1794 465 1851 241,
477 1809 499 1842 a.

165 1872 318 1934 Comparatio
336 1871 365 1920 ab
382 1872 462 1920 avibus
480 1872 550 1919 ducta
568 1873 624 1930 334,
633 1888 654 1919 a.

166 1949 372 2013 Compositum
390 1965 432 2013 pro
450 1949 551 2014 simplici
569 1951 609 2002 07.

168 2031 282 2080 Condere
297 2033 361 2080 diem
379 2031 435 2086 205,
448 2046 469 2077 a.

168 2109 331 2172 Consuadere
347 2126 417 2158 mare
433 2111 496 2158 coelo
514 2109 570 2166 345,
581 2125 602 2156 a.

169 2188 309 2251 Couepium
327 2188 383 2245 356,
397 2185 420 2235 b.

168 2264 291 2314 Commota
309 2271 333 2315 et
348 2268 459 2317 conuicia
476 2267 516 2325 31,
529 2283 550 2315 a.

169 2344 252 2406 Copta
269 2345 317 2392 Dea
335 2344 400 2402 oua

170 2423 318 2472 Cardalium
335 2423 393 2485 371,
405 2440 428 2471 a.
488 2416 497 2429 ⁸

170 2501 290 2564 Catyttia
306 2503 363 2560 383,
372 2517 395 2550 a.

170 2581 280 2630 Credere
295 2596 321 2630 ee
336 2582 475 2643 procellae,
493 2584 556 2631 coela
573 2581 628 2638 266,
639 2598 660 2629 a.

169 2660 304 2708 Creditum
318 2673 418 2722 parcere
434 2659 474 2706 82.

168 2739 301 2802 Χρηστούς
319 2741 401 2786 ποιεῖν
417 2736 445 2784 de
462 2737 564 2786 mortuis
582 2738 637 2797 275,
648 2737 671 2786 b,

170 2816 263 2865 Criuee
278 2818 379 2879 puluere
395 2817 512 2865 eolliuere
528 2816 568 2873 61,
578 2832 598 2864 a.

169 2893 284 2959 Cumque
300 2895 356 2944 100.

170 2976 295 3024 canuam
311 2974 368 3032 203,
378 2989 398 3021 a.

170 3052 255 3101 Lbrrut
273 3053 341 3116 (nau)
359 3067 402 3116 pro
419 3069 468 3102 uou
484 3055 540 3102 urrlt
558 3053 613 3114 207,
625 3051 647 3099 b.
731 3044 733 3067 ¹

171 3132 296 3181 Curiotue
313 3131 369 3189 384,
382 3129 404 3177 6.

171 3212 338 3261 Curriculum
354 3207 462 3272 ambigue
478 3209 566 3258 dictum
585 3210 608 3266 2,
619 3226 640 3257 a.

171 3289 298 3352 Cytherea
319 3286 497 3345 1111118226.

171 3605 335 3652 Dalmatteue
352 3619 381 3651 un
401 3605 559 3654 Delmatieua
576 3603 632 3662 120,
642 3602 665 3653 b.

170 3683 292 3730 Damalis
309 3682 364 3739 110,
377 3680 400 3729 b.

170 3763 246 3809 Dare
261 3776 286 3809 re
302 3763 344 3810 cui
359 3761 415 3818 250,
425 3777 448 3807 a.

170 3843 214 3889 De
229 3837 306 3886 verbis
323 3854 375 3886 cum
393 3838 437 3886 hae
458 3839 633 3903 praepositione
650 3855 713 3886 com-

204 3915 288 3979 positis
304 3917 425 3966 notionem
446 3918 601 3982 turpitudinis
630 3916 715 3966 tribuit

203 3996 261 4052 303,
273 3993 295 4044 b.

170 4076 296 4123 Decidere
312 4077 334 4122 ct
352 4078 461 4126 recidere
478 4077 534 4124 303.

170 4155 305 4216 Defiupere
321 4155 409 4202 serrum
427 4160 532 4204 retusum
552 4155 606 4206 109.
618 4154 641 4202 6.

172 4233 318 4293 Defunctue
335 4236 396 4282 bella
412 4233 516 4282 barbitos
534 4235 621 4294 258,a.

170 4309 299 4373 Desueum
317 4316 339 4359 et
356 4313 479 4375 diffusum
497 4313 553 4373 205,
561 4312 584 4360 6.

728 1434 730 1461 ;
748 1403 875 1452 Diadema
892 1399 948 1459 120,
957 1398 980 1447 6.

728 1466 730 1513 3
749 1482 843 1530 Dicere
858 1495 901 1543 pro
922 1480 1052 1543 deripuere
1068 1477 1124 1535 130,
1137 1476 1159 1528 b.

751 1560 826 1608 Diem
843 1558 890 1622 (tut
908 1558 925 1606 i.
943 1573 967 1622 q.
985 1555 1090 1621 quotidie
1107 1553 1195 1616 277,6.

750 1639 814 1686 Diea
830 1643 855 1686 et
871 1639 933 1686 aaut
939 1672 947 1699 ,
963 1639 1038 1686 barae
1054 1641 1078 1684 et
1095 1648 1190 1684 memee
1206 1633 1263 1691 156,
1272 1630 1294 1680 6.

729 1694 731 1759 i
750 1718 813 1765 Dtea
830 1720 854 1764 et
870 1733 921 1765 mou
944 1730 988 1778 pro
1006 1711 1075 1762 rebus
1092 1710 1225 1776 gravissimi
1243 1725 1293 1758 rno-

729 1812 731 1835 ι
780 1795 855 1844 menti
872 1795 908 1843 die
926 1794 963 1843 vel
980 1795 1051 1842 nocte
1067 1790 1139 1856 gestie
1158 1789 1245 1852 287,6.

729 1890 731 1959 ἑ
749 1876 847 1935 Diana,
864 1872 923 1921 coeli
940 1873 1009 1920 decus
1027 1871 1084 1919 385.

729 1964 731 1979 ¹
751 1955 838 2016 Dtpua
856 1954 924 2015 loqui
937 1953 1043 2008 Phoebo,
1060 1950 1150 2012 udpta,
1167 1946 1221 1995 sim.
1240 1947 1295 1994 154.

729 2014 731 2071 l
751 2031 790 2080 Di
814 2033 935 2079 maritet
958 2031 1029 2086 coeli,
1051 2042 1133 2078 oumee
1156 2025 1195 2075 Di
1213 2028 1295 2075 Deae·

729 2096 731 2107 ¹
782 2125 836 2171 que,
845 2111 976 2171 quidquid,
985 2115 1110 2172 quamtum
1120 2110 1233 2156 Deorum
1244 2112 1282 2155 eat
1288 2124 1296 2163 ,-

786 2190 808 2236 0
825 2203 902 2245 mare,
919 2193 990 2236 terra
1007 2193 1032 2236 et
1047 2189 1156 2245 coelum,·
1177 2189 1213 2233 et:
1233 2185 1296 2234 Cou-

776 2268 889 2331 sumiere
906 2272 1001 2315 terram
1022 2272 1047 2315 et
1064 2281 1134 2314 amre
1154 2266 1230 2320 caelo;
1248 2268 1297 2312 tres

730 2344 733 2410 1
784 2344 889 2394 diversae
900 2344 1023 2403 formulae,
1041 2343 1114 2408 probe
1130 2343 1296 2391 discernendae

731 2414 733 2459 ἰ
784 2424 923 2470 eeu-345.

753 2503 844 2550 Dilabi
861 2505 884 2551 et
901 2504 983 2552 delabi
999 2504 1133 2566 permutata
1150 2501 1206 2549 323.

752 2581 838 2629 Dirue
855 2583 878 2629 et
895 2582 976 2630 durue
994 2580 1047 2628 150.

757 2658 858 2708 Ducem
871 2660 894 2705 et
907 2660 993 2707 clacerc
1008 2657 1036 2705 de
1047 2656 1190 2704 carminibus
1209 2656 1265 2715 170,
1276 2672 1297 2704 a.

753 2738 930 2787 Dteaociabilte
948 2738 988 2796 10,
998 2753 1020 2785 a.

754 2817 889 2864 Dieteudit
906 2831 963 2863 uvas
981 2818 1130 2864 Auctumnus
1148 2815 1205 2873 131,
1216 2814 1238 2863 6.

757 2897 892 2945 Dirttuere
908 2898 932 2944 et
949 2897 1062 2951 detulere
1079 2896 1135 2953 203,
1145 2893 1167 2944 b.

754 2975 835 3023 Dirce
848 2979 909 3036 poet
926 2976 1030 3024 mortem
1046 2977 1124 3025 attila
1133 2978 1193 3038 plue
1204 2976 1298 3035 accipit

784 3068 859 3115 quam
869 3068 980 3115 pauper,
997 3051 1087 3100 dictum
1104 3051 1214 3100 arnultis
1231 3051 1296 3099 adbi-

784 3129 859 3178 bitum
878 3130 934 3188 172,
947 3130 969 3180 b.

753 3215 849 3260 Docere
864 3211 944 3266 oiuct,
964 3208 1018 3257 aim.
1037 3209 1092 3268 200,
1104 3224 1125 3256 a.

753 3290 834 3339 Dolor
851 3286 935 3335 eximie
951 3286 980 3334 ud
997 3303 1038 3336 aar
1056 3286 1161 3351 pertinet
1177 3288 1234 3344 371,
1249 3303 1270 3335 e.

753 3368 874 3426 Domare',
896 3368 960 3415 mori
979 3365 1078 3428 puelli,
1103 3366 1249 3428 frequentius
1270 3369 1297 3414 iu

784 3443 871 3507 puellti
889 3445 929 3501 87,
942 3443 965 3491 b.

754 3528 865 3575 Domum
880 3527 1000 3587 praebere
1018 3523 1076 3579 240,
1089 3522 1113 3571 b.

754 3607 851 3654 Damae
867 3601 896 3650 de
911 3600 991 3664 quieta
1007 3600 1060 3649 sede
1078 3602 1133 3659 135,
1145 3617 1165 3651 a.

755 3687 853 3734 Domue
869 3685 893 3729 et
910 3684 997 3731 medua
1009 3697 1077 3745 caepe
1088 3684 1184 3731 eonium
1202 3684 1257 3739 135,
1268 3701 1288 3731 a.

754 3766 859 3813 Drama
869 3759 957 3808 Tiberii
974 3760 1079 3808 Neronia
1097 3760 1190 3809 adiutor
1199 3762 1224 3809 in
1238 3762 1295 3809 Vin·

785 3839 866 3887 delicia
883 3838 1034 3888 subiiciendis
1053 3840 1109 3898 325,
1125 3841 1146 3887 6.

754 3924 862 3978 Ducere,
878 3921 988 3978 educere,
1003 3922 1141 3982 producere
1154 3919 1295 3977 convivium,

787 4001 880 4046 noctem
897 3997 952 4045 vino
969 3997 1026 4054 246,
1044 4014 1066 4046 a.

754 4080 849 4129 Duella
866 4091 910 4139 pro
927 4074 994 4123 bellis
1011 4076 1068 4133 330,
1078 4074 1100 4124 b.

756 4158 838 4206 Dulre
862 4161 887 4203 et
912 4157 1027 4204 decorum
1049 4170 1097 4217 pro
1120 4158 1211 4217 patria
1234 4160 1296 4205 marl

787 4235 842 4290 184,
859 4232 881 4280 b.

755 4318 824 4363 Dum
841 4314 976 4374 loquimur,
995 4311 1047 4359 sim.
1065 4314 1105 4369 44,
1119 4328 1141 4359 a.

1096 4408 1166 4470 201
