2916 5220
619 307 936 373 CARMINUM

390 494 500 558 Eheu!
526 498 667 579 quantus
693 493 800 578 equis,
826 500 969 577 quantus
993 493 1086 557 adest
1109 491 1187 556 viris

390 596 511 662 Sudorl
536 601 660 681 quanta
682 617 793 660 moves
816 596 931 660 funera
955 596 1126 660 Dardanae

389 699 506 765 Genti!
532 700 603 763 lam
626 699 755 783 galeam
779 697 890 762 Pallas
924 702 957 762 et
980 698 1097 782 aegida

432 803 617 887 Currusque
641 809 674 867 et
696 801 820 866 rabiem
844 806 946 886 parat.

388 907 635 991 Nequidquam,
660 905 796 970 Veneris
820 904 981 988 praesidio
1004 904 1111 985 ferox,

388 1010 503 1073 Pectes
527 1007 720 1088 caesariem,
744 1012 902 1090 grataque
925 1005 1056 1070 feminis

389 1110 521 1175 Imbelli
544 1110 670 1175 cithara
692 1109 837 1174 carmina
860 1108 1005 1173 divides:

432 1212 663 1298 Nequidquam
686 1211 832 1276 thalamo
854 1232 969 1295 graves

389 1316 513 1380 Hastas
537 1321 570 1380 et
593 1314 711 1379 calami
735 1313 862 1398 spicula
887 1313 1005 1379 Gnosii

386 1418 515 1482 Vitabis
540 1417 778 1502 strepitumque
805 1421 838 1481 et
861 1416 998 1481 celerem
1022 1416 1114 1501 sequi

386 1520 538 1585 Aiacem:
563 1525 690 1601 tamen,
714 1520 778 1583 heu
811 1541 900 1584 serus
925 1519 1088 1585 adulteros

433 1624 546 1689 Orines
569 1624 703 1709 pulvera
726 1622 870 1689 collines.

242 1778 331 1824 Eheu!
342 1780 453 1837 quantus
468 1776 548 1838 equis,
562 1780 673 1838 quantus
686 1777 757 1822 adeat
797 1773 904 1821 occisum
920 1788 973 1823 esse
988 1773 1122 1837 oportebat.
1140 1774 1181 1821 Ita
1195 1787 1294 1837 quoque
1306 1774 1342 1821 in-

209 1857 272 1905 viris
298 1855 388 1903 Sudor.
425 1856 484 1902 Heu
501 1856 560 1912 heu,
578 1867 649 1915 saepe
666 1868 681 1899 a
694 1853 757 1900 Bur-
797 1852 925 1916 telligebat
946 1852 1135 1916 Oudendorpins
1152 1858 1177 1900 et
1192 1852 1242 1898 iam
1260 1851 1342 1899 Acro:

209 1935 307 1983 mannis
340 1935 552 1992 commendatum,
586 1933 611 1981 in
644 1932 757 1981 meliores
798 1932 1342 1993 aueaumdoloremdataqninuscausa

209 2014 286 2064 MSS.
309 2027 358 2061 non
379 2019 492 2076 apparet,
517 2019 542 2061 et
562 2011 661 2059 videtur
677 2011 758 2074 magis
797 2013 940 2075 perierunt,
962 2016 1008 2058 out
1025 2016 1103 2068 certe,
1124 2011 1198 2073 quia,
1218 2013 1343 2071 quantum

209 2106 261 2140 essa
286 2091 444 2139 librariorum
469 2096 654 2146 commentum,
681 2105 757 2154 quam
798 2091 966 2140 odinatione
981 2106 1065 2150 suune,
1082 2088 1282 2152 carroperam.
1308 2087 1344 2134 Et

209 2179 321 2220 veterum
337 2185 435 2219 manus.
468 2170 524 2218 Hoc
545 2169 703 2231 Oudendorp.
722 2169 757 2216 di·
798 2170 855 2217 binc
880 2169 977 2218 defendi
996 2174 1087 2232 potest,
1112 2167 1179 2232 quod
1199 2167 1291 2229 legitur
1317 2166 1343 2213 in

208 2251 371 2315 ligentissime
388 2250 495 2300 ostendit
511 2250 542 2297 ad
559 2249 584 2297 lr.
595 2249 612 2296 l.
624 2262 699 2311 quam
715 2262 757 2295 an·
798 2248 884 2296 Valer.
906 2248 990 2297 Flacci
1010 2248 1045 2296 II.
1063 2246 1119 2295 294.
1142 2251 1237 2293 mutato
1258 2251 1343 2292 tamen

209 2331 372 2387 notationem,
390 2337 418 2378 ιιι
434 2344 505 2392 saepe
522 2329 593 2385 alias,
607 2327 694 2375 adiecit
703 2327 757 2389 Ap·
797 2327 967 2391 interrogandi
986 2328 1057 2390 signo
1088 2327 1114 2374 in
1138 2326 1239 2388 signum
1260 2321 1343 2373 excla-

209 2408 292 2472 puleio
313 2424 370 2466 suo,
396 2411 420 2457 in
446 2423 495 2473 quo
517 2408 567 2455 iam
588 2406 654 2455 edita
676 2411 758 2454 exstat
798 2407 893 2455 mandi:
913 2409 1049 2466 Solvimus,
1071 2408 1119 2454 heu
1139 2421 1233 2460 saum,
1253 2404 1343 2451 Furiis

209 2488 311 2536 Metam.
329 2504 352 2551 p.
371 2487 426 2536 533.
797 2489 890 2536 scelus!
908 2488 1003 2535 utinam
1020 2484 1069 2534 iam
1087 2485 1155 2547 prius
1172 2484 1348 2532 scivissemusi

244 2567 393 2630 Curruaque
421 2573 446 2616 et
475 2568 570 2615 rabiem
596 2570 682 2626 parnt.
726 2563 757 2609 In
798 2567 873 2614 Nunc
897 2566 923 2613 in
948 2566 1008 2613 haec
1035 2565 1103 2613 mala
1127 2564 1217 2612 servati
1246 2577 1341 2610 sumus.

210 2645 287 2695 MSS.
309 2645 411 2708 antiquo
431 2647 537 2693 rubium.
575 2643 635 2691 Vid.
658 2641 756 2692 Ouden-
797 2644 914 2701 Flaccus,
935 2651 964 2691 ut
988 2645 1038 2692 iam
1064 2644 1194 2707 aliquoties
1219 2642 1343 2699 diximus,

210 2723 278 2786 dorp.
297 2723 327 2770 ad
344 2723 440 2785 Appul.
458 2723 560 2770 Metam.
577 2738 601 2784 p.
619 2722 675 2769 596.
798 2731 834 2772 est
855 2730 987 2787 perpetuus
1004 2723 1102 2791 Horatii
1121 2723 1237 2770 imitator.
1270 2721 1342 2782 Aug.

246 2803 350 2850 Veneris
375 2803 501 2864 praesidio
523 2800 608 2863 feren.
653 2799 758 2848 Graecia
798 2803 938 2851 Meinekius
952 2803 1095 2850 annotarit:
1116 2800 1343 2862 ί(ΗιιιιμιιιιιΙςο

210 2880 304 2937 veniet,
317 2879 446 2927 coniurata
456 2878 556 2941 nuptias
568 2884 624 2925 tuus
636 2893 756 2940 rumpere.
798 2882 964 2944 accipiuntur,
982 2895 1122 2944 repugnare
1139 2880 1256 2928 ridentur
1272 2894 1343 2942 prae-

210 2960 251 3008 Tu
274 2966 361 3007 contra
385 2959 455 3007 ferox
480 2958 539 3016 eris,
564 2957 686 3006 Helenam
707 2971 757 3004 non
798 2960 941 3008 cedentibus
957 2962 1107 3023 nequiquam
1116 2960 1208 3008 vitabis
1226 2960 1343 3018 Aiacem,

209 3038 302 3087 reddes.
798 3040 886 3100 quibus
908 3040 928 3087 si
946 3039 1074 3088 subiicitur
1092 3046 1176 3088 tamen
1196 3053 1269 3087 serus
1287 3053 1342 3086 eon-

242 3117 344 3165 Imbellt‘
375 3117 476 3166 cathmo
508 3116 623 3164 curatius
655 3117 756 3165 divides.
798 3120 860 3167 lines
883 3121 975 3177 crinea,
1000 3120 1060 3167 haec
1084 3118 1189 3181 emergit
1210 3118 1343 3166 sententia:

210 3196 287 3247 MSS.
304 3195 412 3254 Franek.
446 3197 482 3242 In
499 3196 570 3243 bella.
595 3193 700 3243 Cithara
712 3197 756 3244 int·
797 3213 948 3261 quamquam
964 3198 1059 3246 frustra
1074 3197 1161 3246 ritabis
1178 3197 1289 3254 Aiacem,
1307 3203 1344 3244 ta-

209 3278 279 3325 bellis
299 3290 329 3323 ea
349 3281 397 3332 est,
422 3289 472 3338 qua
492 3288 554 3330 non,
580 3280 609 3321 ιιι
631 3274 756 3332 Achilles,
798 3290 855 3324 men
881 3278 980 3325 occides.
1010 3276 1104 3340 Itaque
1129 3276 1163 3323 sic
1186 3278 1344 3340 interpretari

209 3355 315 3420 ἀγαθῶν
327 3354 386 3402 κλέα
400 3352 500 3419 ἀνδρῶν
509 3354 620 3411 canebat,
630 3356 672 3403 sed
686 3362 759 3418 grata
798 3356 896 3406 malim:
913 3372 985 3406 serus
1001 3358 1112 3419 quidem,
1134 3362 1218 3404 tnrrten
1234 3359 1344 3405 contines

209 3433 319 3492 feminis,
335 3433 453 3481 Helenae.
479 3433 518 3481 De
533 3433 572 3480 his
583 3434 695 3482 versibus
707 3436 756 3483 vid.
797 3437 885 3485 eritrea.
903 3436 1023 3486 Similiter
1040 3434 1187 3497 particulam
1205 3440 1288 3484 tamen
1301 3450 1343 3498 po-

209 3513 343 3563 Contaren.
369 3513 431 3562 Var.
452 3514 520 3561 Lect.
541 3528 594 3576 cap.
613 3514 716 3563 XXVI.
733 3521 758 3563 et
798 3515 848 3562 suit
865 3515 997 3564 Lucretius
1016 3513 1068 3562 ΠΙ.
1081 3514 1137 3562 553.
1157 3515 1206 3563 Sed
1219 3519 1303 3562 tannen
1316 3517 1344 3562 in

209 3591 363 3641 Wernsdorf.
386 3592 417 3639 ad
438 3592 533 3641 Himer.
555 3593 642 3656 Eclog.
660 3608 684 3654 p.
705 3595 757 3643 lll.
797 3609 876 3656 paruo
897 3595 1028 3642 lincuntur
1046 3598 1154 3654 tempore
1172 3593 1237 3651 tubi,
1254 3592 1280 3640 id
1297 3601 1343 3650 est,

244 3673 341 3719 Gnosii.
366 3670 422 3719 Alii
442 3672 550 3720 Gnossii.
575 3671 680 3720 Gmssii.
707 3673 756 3723 Sex
798 3686 950 3735 quamquam
967 3684 1044 3734 parvo
1060 3677 1178 3733 tempore,
1194 3676 1279 3719 tamen
1295 3671 1343 3720 lin-

209 3750 286 3801 MSS.
307 3749 601 3812 Guona.P1·0pert.11.9.
613 3752 649 3799 10.
663 3751 756 3801 Lucan.
797 3753 913 3800 cuntur.''
942 3751 990 3799 Hic
1006 3765 1068 3813 rogo
1089 3750 1259 3797 acutissimum
1280 3751 1342 3799 Mei·

208 3830 257 3878 III.
279 3831 332 3879 185.
357 3829 486 3879 Drakenb.
504 3830 602 3878 adLiv.
612 3829 756 3880 XXXVII.
796 3831 911 3888 nekiurn,
937 3846 970 3877 an
990 3829 1156 3877 necessarium
1181 3827 1213 3876 sit
1233 3833 1344 3891 ¹repetere

209 3911 248 3958 59.
281 3909 351 3958 Haec
368 3909 495 3957 annotavit
512 3907 707 3972 Oudendorpius.
796 3911 976 3972 nequidquam,
992 3922 1038 3956 nec
1054 3906 1172 3956 sufficiat:
1189 3922 1342 3971 quamquam

245 3991 352 4049 Tanton,
364 3991 411 4038 lien
429 4004 501 4038 serus
518 3991 648 4038 adulteros
666 3991 757 4039 Crines
796 3989 884 4037 vitabis
901 3987 1020 4044 Aiacem,
1037 3993 1120 4035 tnrrren
1140 3989 1239 4036 collinae
1248 3989 1343 4037 maes?

209 4070 312 4131 pulvere
328 4070 435 4118 cellans.
469 4068 600 4132 iungenda
621 4074 691 4117 sunt:
714 4074 754 4116 tn·
796 4068 835 4116 De
851 4067 973 4130 particula
990 4073 1074 4116 tannen
1090 4081 1170 4129 nuper
1185 4067 1213 4114 in
1229 4068 1342 4116 Mnemo-

210 4162 279 4206 rnen,
305 4149 453 4203 bernaerus,
476 4150 662 4211 adulteroasq.
698 4148 754 4196 Ali·
796 4162 858 4210 syne
866 4147 982 4195 Leidensi
994 4147 1118 4194 nonnulla
1129 4146 1341 4210 scripsiadVirg.

210 4226 310 4287 quando
326 4232 409 4272 tamon
427 4227 541 4283 moriere,
559 4227 610 4283 sed,
631 4227 697 4290 quod
714 4228 755 4275 do·
796 4226 816 4274 Ι.
834 4226 888 4274 Ecl.
907 4227 948 4274 28.
979 4227 1114 4275 Libertas:
1132 4241 1197 4288 qune
1212 4240 1282 4283 ann,
1304 4231 1341 4274 tn-

210 4303 324 4359 lcndum,
346 4317 421 4351 sorus.
456 4304 522 4351 Nam
543 4305 624 4352 multo
644 4307 711 4368 prius
731 4316 755 4356 rc
795 4321 851 4355 nun
864 4308 1094 4369 respexitinertem.
1113 4305 1164 4354 Pro
1176 4306 1341 4356 crinesetiam
