2916 5220
585 282 761 346 LIBER
807 284 872 346 111.
1235 290 1297 352 961

160 469 253 517 divisus
274 468 300 515 in
321 466 409 517 Asiam
434 475 459 513 et
481 466 609 514 adversam
633 467 710 516 Asiae
751 469 798 516 dus
839 475 875 517 est
900 469 1005 532 pluralis
1041 472 1142 520 annana
1177 488 1223 536 pro
1254 490 1296 522 ric·

160 552 302 614 regionem,
322 564 385 613 quae
402 550 512 598 nondum
529 564 620 598 nomen
636 551 709 600 habe·
751 564 818 607 taen,
835 563 916 612 neque
932 552 1007 599 ducet
1022 557 1069 599 tua
1085 553 1186 601 nentina
1197 567 1241 615 pro
1251 569 1300 602 aaa

121 650 124 654 “
160 631 216 688 bat,
233 631 276 678 sed
292 629 385 692 accepit
397 629 428 676 ab
439 628 551 690 Europa.
568 628 650 691 Igitur
660 645 709 677 non
751 643 767 674 a
785 632 809 675 te
825 629 905 676 dccet.
938 628 1046 678 Romani
1062 631 1212 694 loquuntur:
1230 635 1300 682 ducit

158 717 243 759 aestua
258 711 331 765 orbo,
340 708 382 756 sed
392 722 456 769 para
469 710 530 757 secti
546 711 612 757 orbis
623 708 709 758 abEu·
750 723 838 756 nomen
854 711 997 773 abaliquo,
1015 711 1030 760 i.
1049 727 1069 761 e.
1092 729 1107 761 a
1127 714 1227 764 nominc
1256 715 1299 763 aii-

159 804 222 852 ropa
237 786 429 850 fuitappellata.
455 787 543 851 Neque
552 788 616 836 illud
628 796 710 839 aestua
750 786 821 834 caius
840 794 951 837 vocatur.
973 790 1031 839 Nou
1044 793 1145 855 reperiri
1156 800 1217 856 puto
1230 796 1300 843 ducit

158 870 194 918 ita
210 869 278 917 nude
293 867 401 931 positum
423 882 475 915 rem
497 873 612 916 accurate
632 868 708 930 signi-
750 881 837 915 nornen
850 870 971 927 nimaina,
989 885 1034 932 pro
1049 874 1121 933 perit.
1154 872 1202 921 Iist
1214 881 1239 922 et
1253 873 1300 921 for-

159 949 225 997 fioat.
263 947 395 996 Nescimus
416 950 493 1003 enim,
514 947 586 1008 quid,
612 961 709 1011 aquo,
750 943 831 992 mula:
849 947 926 1003 horreo,
939 950 1109 1009 supputantes
1122 951 1301 1001 simalicundo

159 1034 255 1076 sectum
271 1026 309 1074 sit.
326 1025 437 1073 Videtur
454 1025 569 1073 sumsisse
579 1040 612 1073 ex
624 1024 708 1075 Carm.
750 1024 841 1071 ductus
858 1023 882 1071 h.
899 1039 920 1072 c.
937 1026 1059 1088 originem
1073 1029 1176 1078 habens.
1200 1032 1300 1080 Utram-

158 1109 181 1157 Ι.
198 1109 223 1156 3.
260 1108 331 1154 Deua
356 1106 464 1152 abradit
492 1106 590 1153 Oceano
616 1111 708 1155 terrac.
749 1116 797 1165 que
818 1102 951 1152 formulam
971 1105 1083 1155 confudit
1098 1108 1258 1158 Burmannus
1275 1112 1299 1158 in

158 1186 262 1247 Quanto
277 1183 368 1232 melius
378 1183 497 1231 Lucanus
509 1182 560 1230 111.
572 1184 629 1234 273.
660 1187 708 1232 Τα-
750 1181 855 1230 Anthol.
868 1184 925 1232 Lat.
937 1184 1009 1234 Tom.
1018 1185 1040 1234 1.
1052 1202 1076 1248 p.
1088 1187 1145 1236 614.
1164 1187 1301 1252 scripserat

158 1266 218 1312 nais
243 1264 319 1311 divini
343 1263 445 1311 nomino
470 1263 559 1309 mundi
583 1264 709 1325 Imposuit
749 1259 784 1307 ibi
798 1261 880 1323 pocta:
903 1264 974 1320 Quid
987 1266 1090 1326 prodeat
1107 1267 1207 1316 Martia
1223 1274 1248 1317 te
1263 1272 1302 1318 cel

158 1345 241 1406 ripis,
258 1343 380 1404 Asiaeque
395 1347 420 1389 et
437 1341 559 1388 terminus
575 1343 640 1390 idem
652 1344 707 1391 Ec·
749 1342 780 1388 de
801 1343 900 1389 nornine
918 1343 1021 1392 dictum.
1063 1344 1202 1394 Burmann.
1233 1348 1300 1395 male

158 1437 248 1485 rapae,
272 1423 368 1470 audine
387 1422 509 1469 dirimens
529 1421 636 1484 confinio
657 1428 708 1470 ter·
749 1421 851 1468 ductum
860 1420 929 1482 legit,
939 1422 1014 1484 idque
1026 1421 1071 1470 hoc
1082 1426 1300 1488 exempioHoratii

158 1518 212 1550 rae.
246 1500 277 1548 In
298 1500 349 1550 illis
373 1498 484 1547 versibus
509 1499 530 1546 si
555 1501 622 1547 orbia
647 1503 709 1550 aecta·
749 1504 840 1547 tuetur.
861 1499 934 1560 Quod
945 1500 1088 1563 exemplum
1096 1503 1171 1551 etiam
1185 1504 1216 1552 ab
1224 1505 1301 1554 Hein-

158 1581 310 1643 legeremus,
335 1577 432 1626 nullam
452 1577 554 1626 haberet
575 1578 708 1627 obscurita·
749 1579 784 1626 sio
797 1579 828 1626 ad
838 1578 909 1628 Ovid.
923 1580 973 1628 111.
986 1581 1053 1629 Fast.
1068 1583 1124 1634 387.
1139 1583 1211 1632 citari
1223 1587 1301 1634 miror

158 1668 218 1708 tem.
252 1659 327 1707 Nunc
359 1655 544 1706 Grammaticus
573 1658 707 1706 Horatium
749 1658 780 1704 ad
801 1659 995 1706 confirmandam
1014 1660 1156 1710 lectionem:
1182 1665 1242 1712 Iam
1257 1667 1298 1712 de-

157 1739 218 1789 fecit
236 1738 369 1786 dicentem:
396 1736 477 1791 “orbis
502 1736 606 1785 induas
623 1744 707 1800 partes
749 1738 821 1784 derat
840 1739 932 1796 Solita,
950 1738 975 1799 (a
988 1741 1171 1790 soltunoma'aa
1185 1744 1298 1804 darunt.)

158 1817 266 1876 divisus,
292 1821 358 1864 totus
387 1816 511 1873 mundus,
540 1816 707 1879 appellabitur
749 1817 845 1864 Auson.
862 1832 920 1880 pag,
939 1818 993 1865 116.
1027 1817 1173 1870 Arborium.
1191 1822 1300 1870 Aedrn'co

158 1895 292 1960 Europa?
326 1894 424 1944 Deinde
444 1893 468 1943 h.
494 1893 511 1944 l.
533 1909 582 1943 non
603 1894 705 1945 laudan·
749 1897 853 1945 ductum
869 1899 900 1945 de
915 1903 1047 1947 stemmate
1063 1912 1158 1948 nomen.

650 2013 807 2039 ΜΟ·-

507 2127 754 2193 OARMEN
800 2127 961 2191 XXVIII.

339 2255 444 2336 Festo
469 2270 549 2356 quid
572 2270 683 2354 potius
709 2270 761 2334 die

389 2375 537 2460 Neptuni
560 2373 700 2438 faciam?
747 2374 864 2438 Prome
887 2375 1109 2458 reconditum,

342 2477 447 2563 Lyde,
473 2484 606 2542 strenua
631 2477 833 2560 Caecubum,

387 2582 600 2666 Manitaeque
624 2582 743 2647 adhibe
767 2582 833 2647 vim
860 2583 1049 2668 sapientiae.

341 2685 503 2750 inclinare
526 2685 696 2750 meridiem

387 2787 512 2852 Sentis:
538 2810 591 2869 ac,
617 2787 720 2851 veluti
745 2791 811 2852 stet
833 2789 975 2854 volucris
1000 2790 1089 2873 dica,

342 2889 454 2955 Parcis
478 2890 624 2977 deripere
647 2891 761 2956 horreo

391 2992 584 3058 Cessantem
608 2993 721 3059 Bibuli
745 2997 890 3062 consulis
914 2998 1116 3082 amphoram.

343 3096 411 3160 Nos
436 3096 642 3161 cantabimus
667 3097 808 3163 invicem

384 3199 578 3284 Neptunum
608 3205 641 3265 et
664 3200 784 3266 virides
811 3202 990 3267 Nereidum
1014 3225 1142 3269 comas:

341 3303 389 3368 Tu
411 3325 510 3369 curva
533 3303 655 3369 recines
680 3304 751 3386 lyra

385 3406 547 3471 Latonam
577 3411 612 3471 et
635 3407 747 3472 celeris
772 3408 899 3492 spicula
923 3409 1120 3492 Cynthiae,-

341 3509 477 3575 Summo
501 3509 660 3592 carmine,
686 3533 768 3596 quae
792 3511 922 3577 Cnidon

284 3674 436 3725 CARMEN
454 3676 585 3726 XXVIII¹
750 3652 781 3699 de
797 3651 860 3715 Rep.
876 3651 1022 3701 Lacedaem.
1039 3665 1093 3714 cap.
1104 3653 1127 3700 5.
1155 3651 1204 3700 Sed
1215 3652 1298 3700 locum

751 3732 922 3795 Xenophontis
938 3746 989 3780 non
1005 3730 1064 3778 satis
1080 3730 1197 3794 expendit

193 3771 259 3854 M
251 3806 386 3869 unitaeque
402 3808 491 3856 adhibe
501 3809 551 3856 vina
563 3811 709 3870 capitatae.
786 3812 838 3859 Nos
848 3813 1005 3860 cunctabimur
1015 3811 1126 3858 incincta.
1144 3808 1200 3857 MS.
1208 3808 1297 3858 Gracc.

159 3883 250 3933 Horat.
267 3883 318 3932 111.
336 3883 420 3934 Germ.
441 3886 484 3933 21.
522 3888 562 3934 Ta
585 3889 640 3936 lene
660 3895 709 3937 tor·
751 3890 778 3936 in
801 3892 873 3938 vices.
907 3889 981 3950 Quod
1001 3887 1090 3951 probat
1110 3887 1250 3936 Burmann.
1267 3887 1298 3934 ad

158 3969 273 4013 mium
297 3965 395 4025 incenia
420 3965 534 4014 admoves
555 3968 711 4029 Plerumque
751 3965 853 4018 Patron.
871 3983 923 4030 cap.
943 3968 979 4015 12.

156 4045 232 4091 diac.
264 4043 360 4091 Bouav.
370 4043 480 4092 Vulcan.
493 4044 525 4091 ad
537 4044 649 4094 Glossar.
662 4045 710 4093 La·
793 4047 899 4097 Cnidon.
949 4045 1071 4095 Graecam
1101 4043 1296 4092 terminationem

158 4121 350 4172 tino-Graecum
367 4137 424 4186 pag.
432 4125 476 4173 22.
493 4130 566 4187 putat
576 4124 709 4173 Horatium
751 4124 829 4174 Mss.
845 4125 995 4188 praeferunt.
1029 4123 1137 4172 Librarii
1156 4137 1210 4170 earn
1228 4136 1299 4184 saepe

159 4200 286 4263 aptissime
305 4201 432 4264 explicare
452 4217 538 4252 vocem
559 4205 709 4269 ἔμφρουρος,
752 4210 890 4252 mutarunt:
917 4204 966 4252 vid.
995 4202 1063 4252 Cart.
1092 4202 1123 4249 ad
1148 4202 1242 4250 Lucan.
1263 4201 1299 4247 11.

158 4293 224 4342 quae
248 4280 284 4328 aic
307 4280 406 4343 legatur
431 4283 496 4344 apud
520 4283 710 4346 Xenophontem
751 4284 809 4332 624.
