<?xml version="1.0" encoding="UTF-8"?>
<!DOCTYPE html PUBLIC "-//W3C//DTD XHTML 1.0 Transitional//EN"
    "http://www.w3.org/TR/xhtml1/DTD/xhtml1-transitional.dtd">
<html xmlns="http://www.w3.org/1999/xhtml" xml:lang="en" lang="en">
 <head>
  <title>
</title>
<meta http-equiv="Content-Type" content="text/html;charset=utf-8" />
  <meta name='ocr-system' content='tesseract 3.04.00' />
  <meta name='ocr-capabilities' content='ocr_page ocr_carea ocr_par ocr_line ocrx_word'/>
</head>
<body>
  <div class='ocr_page' id='page_1' title='image "./qhoratiiflaccic00horagoog_0106.png"; bbox 0 0 2916 5220; ppageno 0'>
   <div class='ocr_carea' id='block_1_1' title="bbox 547 313 792 376">
    <p class='ocr_par' dir='ltr' id='par_1_1' title="bbox 547 313 792 376">
     <span class='ocr_line' id='line_1_1' title="bbox 547 313 792 376; baseline -0.008 -1"><span class='ocrx_word' id='word_1_1' title='bbox 547 313 719 376; x_wconf 81' lang='lat' dir='ltr'>LIBER</span> <span class='ocrx_word' id='word_1_2' title='bbox 768 314 792 373; x_wconf 92' lang='lat' dir='ltr'>l.</span> 
     </span>
    </p>
   </div>
   <div class='ocr_carea' id='block_1_2' title="bbox 279 503 989 1416">
    <p class='ocr_par' dir='ltr' id='par_1_2' title="bbox 279 503 989 1416">
     <span class='ocr_line' id='line_1_2' title="bbox 283 503 875 582; baseline -0.014 -9"><span class='ocrx_word' id='word_1_3' title='bbox 283 507 430 582; x_wconf 75' lang='lat' dir='ltr'>Caesaris</span> <span class='ocrx_word' id='word_1_4' title='bbox 454 506 533 569; x_wconf 85' lang='lat' dir='ltr'>fatis</span> <span class='ocrx_word' id='word_1_5' title='bbox 555 505 648 568; x_wconf 84' lang='lat' dir='ltr'>dats:</span> <span class='ocrx_word' id='word_1_6' title='bbox 673 518 710 567; x_wconf 93' lang='lat' dir='ltr'>tu</span> <span class='ocrx_word' id='word_1_7' title='bbox 733 503 875 567; x_wconf 83' lang='lat' dir='ltr'>seeundo</span> 
     </span>
     <span class='ocr_line' id='line_1_3' title="bbox 373 609 660 690; baseline -0.017 -16"><span class='ocrx_word' id='word_1_8' title='bbox 373 609 513 674; x_wconf 80' lang='lat' dir='ltr'>Caesare</span> <span class='ocrx_word' id='word_1_9' title='bbox 535 628 660 690; x_wconf 81' lang='lat' dir='ltr'>regnes.</span> 
     </span>
     <span class='ocr_line' id='line_1_4' title="bbox 282 706 959 793; baseline -0.009 -17"><span class='ocrx_word' id='word_1_10' title='bbox 282 713 360 793; x_wconf 88' lang='lat' dir='ltr'>llle,</span> <span class='ocrx_word' id='word_1_11' title='bbox 383 734 442 776; x_wconf 86' lang='lat' dir='ltr'>seu</span> <span class='ocrx_word' id='word_1_12' title='bbox 465 709 605 774; x_wconf 74' lang='lat' dir='ltr'>Parthos</span> <span class='ocrx_word' id='word_1_13' title='bbox 629 708 725 772; x_wconf 87' lang='lat' dir='ltr'>Latio</span> <span class='ocrx_word' id='word_1_14' title='bbox 748 706 959 771; x_wconf 84' lang='lat' dir='ltr'>ininiinentes</span> 
     </span>
     <span class='ocr_line' id='line_1_5' title="bbox 281 811 882 900; baseline -0.01 -21"><span class='ocrx_word' id='word_1_15' title='bbox 281 815 397 900; x_wconf 82' lang='lat' dir='ltr'>Egerit</span> <span class='ocrx_word' id='word_1_16' title='bbox 419 815 508 878; x_wconf 83' lang='lat' dir='ltr'>iusto</span> <span class='ocrx_word' id='word_1_17' title='bbox 530 813 673 877; x_wconf 86' lang='lat' dir='ltr'>domitos</span> <span class='ocrx_word' id='word_1_18' title='bbox 696 811 882 895; x_wconf 84' lang='lat' dir='ltr'>triumpho,</span> 
     </span>
     <span class='ocr_line' id='line_1_6' title="bbox 282 915 811 985; baseline -0.011 -1"><span class='ocrx_word' id='word_1_19' title='bbox 282 919 358 985; x_wconf 74' lang='lat' dir='ltr'>Sive</span> <span class='ocrx_word' id='word_1_20' title='bbox 381 919 544 982; x_wconf 87' lang='lat' dir='ltr'>subiectos</span> <span class='ocrx_word' id='word_1_21' title='bbox 568 915 713 981; x_wconf 83' lang='lat' dir='ltr'>Orientis</span> <span class='ocrx_word' id='word_1_22' title='bbox 737 936 811 979; x_wconf 87' lang='lat' dir='ltr'>orae</span> 
     </span>
     <span class='ocr_line' id='line_1_7' title="bbox 371 1017 665 1098; baseline -0.014 -12"><span class='ocrx_word' id='word_1_23' title='bbox 371 1021 466 1086; x_wconf 84' lang='lat' dir='ltr'>Seres</span> <span class='ocrx_word' id='word_1_24' title='bbox 489 1030 523 1084; x_wconf 92' lang='lat' dir='ltr'>et</span> <span class='ocrx_word' id='word_1_25' title='bbox 546 1017 665 1098; x_wconf 81' lang='lat' dir='ltr'>Indos,</span> 
     </span>
     <span class='ocr_line' id='line_1_8' title="bbox 279 1122 989 1205; baseline -0.004 -16"><span class='ocrx_word' id='word_1_26' title='bbox 279 1125 323 1189; x_wconf 84' lang='lat' dir='ltr'>&#39;l&#39;e</span> <span class='ocrx_word' id='word_1_27' title='bbox 344 1123 453 1187; x_wconf 88' lang='lat' dir='ltr'>minor</span> <span class='ocrx_word' id='word_1_28' title='bbox 474 1122 581 1186; x_wconf 80' lang='lat' dir='ltr'>letum</span> <span class='ocrx_word' id='word_1_29' title='bbox 603 1132 694 1205; x_wconf 89' lang='lat' dir='ltr'>reget</span> <span class='ocrx_word' id='word_1_30' title='bbox 716 1142 839 1205; x_wconf 86' lang='lat' dir='ltr'>aequus</span> <span class='ocrx_word' id='word_1_31' title='bbox 863 1122 989 1187; x_wconf 86' lang='lat' dir='ltr'>orbem:</span> 
     </span>
     <span class='ocr_line' id='line_1_9' title="bbox 280 1223 933 1312; baseline -0.005 -19"><span class='ocrx_word' id='word_1_32' title='bbox 280 1229 328 1293; x_wconf 84' lang='lat' dir='ltr'>&#39;l&#39;u</span> <span class='ocrx_word' id='word_1_33' title='bbox 349 1227 443 1312; x_wconf 82' lang='lat' dir='ltr'>gravi</span> <span class='ocrx_word' id='word_1_34' title='bbox 464 1240 561 1290; x_wconf 83' lang='lat' dir='ltr'>enirn</span> <span class='ocrx_word' id='word_1_35' title='bbox 583 1225 710 1310; x_wconf 80' lang='lat' dir='ltr'>quaties</span> <span class='ocrx_word' id='word_1_36' title='bbox 735 1223 933 1310; x_wconf 71' lang='lat' dir='ltr'>Olympum,</span> 
     </span>
     <span class='ocr_line' id='line_1_10' title="bbox 282 1327 889 1416; baseline -0.007 -20"><span class='ocrx_word' id='word_1_37' title='bbox 282 1332 330 1396; x_wconf 88' lang='lat' dir='ltr'>Tu</span> <span class='ocrx_word' id='word_1_38' title='bbox 352 1352 469 1416; x_wconf 86' lang='lat' dir='ltr'>parum</span> <span class='ocrx_word' id='word_1_39' title='bbox 491 1329 593 1394; x_wconf 86' lang='lat' dir='ltr'>castis</span> <span class='ocrx_word' id='word_1_40' title='bbox 618 1327 751 1391; x_wconf 84' lang='lat' dir='ltr'>iniiniea</span> <span class='ocrx_word' id='word_1_41' title='bbox 775 1328 889 1392; x_wconf 88' lang='lat' dir='ltr'>mittes</span> 
     </span>
    </p>
   </div>
   <div class='ocr_carea' id='block_1_3' title="bbox 95 1526 1239 2073">
    <p class='ocr_par' dir='ltr' id='par_1_3' title="bbox 96 1526 1237 1676">
     <span class='ocr_line' id='line_1_11' title="bbox 97 1526 1237 1601; baseline -0.003 -16"><span class='ocrx_word' id='word_1_42' title='bbox 97 1537 165 1594; x_wconf 82' lang='lat' dir='ltr'>dixi,</span> <span class='ocrx_word' id='word_1_43' title='bbox 189 1549 271 1598; x_wconf 87' lang='lat' dir='ltr'>neque</span> <span class='ocrx_word' id='word_1_44' title='bbox 291 1533 364 1584; x_wconf 67' lang='lat' dir='ltr'>Ouid</span> <span class='ocrx_word' id='word_1_45' title='bbox 387 1533 448 1581; x_wconf 84' lang='lat' dir='ltr'>XV.</span> <span class='ocrx_word' id='word_1_46' title='bbox 469 1533 571 1581; x_wconf 75' lang='lat' dir='ltr'>Metam.</span> <span class='ocrx_word' id='word_1_47' title='bbox 593 1531 649 1580; x_wconf 73' lang='lat' dir='ltr'>eil.</span> <span class='ocrx_word' id='word_1_48' title='bbox 669 1526 674 1601; x_wconf 83' lang='grc' dir='ltr'>Ι</span> <span class='ocrx_word' id='word_1_49' title='bbox 691 1530 805 1579; x_wconf 75' lang='lat' dir='ltr'>adhibuit</span> <span class='ocrx_word' id='word_1_50' title='bbox 822 1531 925 1580; x_wconf 76' lang='lat' dir='ltr'>Tacitus</span> <span class='ocrx_word' id='word_1_51' title='bbox 941 1532 972 1580; x_wconf 82' lang='lat' dir='ltr'>de</span> <span class='ocrx_word' id='word_1_52' title='bbox 984 1532 1074 1581; x_wconf 74' lang='lat' dir='ltr'>hlorib.</span> <span class='ocrx_word' id='word_1_53' title='bbox 1087 1532 1171 1582; x_wconf 87' lang='lat' dir='ltr'>Germ.</span> <span class='ocrx_word' id='word_1_54' title='bbox 1184 1547 1237 1596; x_wconf 81' lang='lat' dir='ltr'>cap.</span> 
     </span>
     <span class='ocr_line' id='line_1_12' title="bbox 96 1611 1237 1676; baseline -0.003 -14"><span class='ocrx_word' id='word_1_55' title='bbox 96 1616 162 1662; x_wconf 82' lang='lat' dir='ltr'>satis</span> <span class='ocrx_word' id='word_1_56' title='bbox 177 1615 318 1662; x_wconf 88' lang='lat' dir='ltr'>distinxisse</span> <span class='ocrx_word' id='word_1_57' title='bbox 334 1615 438 1662; x_wconf 79' lang='lat' dir='ltr'>videtur.</span> <span class='ocrx_word' id='word_1_58' title='bbox 669 1616 673 1649; x_wconf 67' lang='grc' dir='ltr'>ί</span> <span class='ocrx_word' id='word_1_59' title='bbox 691 1611 730 1658; x_wconf 85' lang='grc'>39.</span> <span class='ocrx_word' id='word_1_60' title='bbox 765 1614 845 1660; x_wconf 84' lang='lat' dir='ltr'>Nemo</span> <span class='ocrx_word' id='word_1_61' title='bbox 862 1613 912 1660; x_wconf 81' lang='lat' dir='ltr'>nisi</span> <span class='ocrx_word' id='word_1_62' title='bbox 928 1613 1026 1661; x_wconf 81' lang='lat' dir='ltr'>riricelo</span> <span class='ocrx_word' id='word_1_63' title='bbox 1038 1614 1132 1676; x_wconf 71' lang='lat' dir='ltr'>liparus</span> <span class='ocrx_word' id='word_1_64' title='bbox 1152 1614 1179 1660; x_wconf 84' lang='lat' dir='ltr'>iri</span> <span class='ocrx_word' id='word_1_65' title='bbox 1200 1615 1237 1661; x_wconf 83' lang='lat' dir='ltr'>lii·</span> 
     </span>
    </p>

    <p class='ocr_par' dir='ltr' id='par_1_4' title="bbox 95 1652 1239 2073">
     <span class='ocr_line' id='line_1_13' title="bbox 134 1652 1237 1777; baseline 0.001 -37"><span class='ocrx_word' id='word_1_66' title='bbox 134 1695 178 1741; x_wconf 81' lang='lat' dir='ltr'>Ta</span> <span class='ocrx_word' id='word_1_67' title='bbox 187 1696 295 1742; x_wconf 72' lang='lat' dir='ltr'>uerenda</span> <span class='ocrx_word' id='word_1_68' title='bbox 309 1694 414 1742; x_wconf 74' lang='lat' dir='ltr'>Cursore</span> <span class='ocrx_word' id='word_1_69' title='bbox 424 1706 516 1754; x_wconf 68' lang='lat' dir='ltr'>neret.</span> <span class='ocrx_word' id='word_1_70' title='bbox 533 1689 650 1738; x_wconf 78' lang='lat' dir='ltr'>Mallem:</span> <span class='ocrx_word' id='word_1_71' title='bbox 669 1652 673 1777; x_wconf 58' lang='grc' dir='ltr'>ἔ</span> <span class='ocrx_word' id='word_1_72' title='bbox 691 1707 748 1740; x_wconf 85' lang='lat' dir='ltr'>cum</span> <span class='ocrx_word' id='word_1_73' title='bbox 763 1693 917 1754; x_wconf 67' lang='lat' dir='ltr'>ingreditur,</span> <span class='ocrx_word' id='word_1_74' title='bbox 936 1697 964 1738; x_wconf 81' lang='lat' dir='ltr'>ut</span> <span class='ocrx_word' id='word_1_75' title='bbox 981 1693 1062 1741; x_wconf 80' lang='lat' dir='ltr'>mirer</span> <span class='ocrx_word' id='word_1_76' title='bbox 1083 1698 1108 1741; x_wconf 85' lang='lat' dir='ltr'>et</span> <span class='ocrx_word' id='word_1_77' title='bbox 1128 1699 1237 1755; x_wconf 78' lang='lat' dir='ltr'>potestu-</span> 
     </span>
     <span class='ocr_line' id='line_1_14' title="bbox 96 1770 1237 1836; baseline -0.003 -14"><span class='ocrx_word' id='word_1_78' title='bbox 96 1789 199 1836; x_wconf 71' lang='lat' dir='ltr'>reqnae.</span> <span class='ocrx_word' id='word_1_79' title='bbox 232 1773 291 1821; x_wconf 79' lang='lat' dir='ltr'>Non</span> <span class='ocrx_word' id='word_1_80' title='bbox 307 1782 424 1836; x_wconf 80' lang='lat' dir='ltr'>precetur</span> <span class='ocrx_word' id='word_1_81' title='bbox 441 1772 539 1827; x_wconf 75' lang='lat' dir='ltr'>lovem,</span> <span class='ocrx_word' id='word_1_82' title='bbox 556 1778 584 1816; x_wconf 91' lang='lat' dir='ltr'>ut</span> <span class='ocrx_word' id='word_1_83' title='bbox 595 1770 649 1817; x_wconf 91' lang='lat' dir='ltr'>Au·</span> <span class='ocrx_word' id='word_1_84' title='bbox 669 1782 672 1835; x_wconf 72' lang='lat' dir='ltr'><strong>j</strong></span> <span class='ocrx_word' id='word_1_85' title='bbox 691 1775 740 1818; x_wconf 87' lang='lat' dir='ltr'>tem</span> <span class='ocrx_word' id='word_1_86' title='bbox 755 1772 868 1819; x_wconf 76' lang='lat' dir='ltr'>annihila</span> <span class='ocrx_word' id='word_1_87' title='bbox 883 1787 945 1835; x_wconf 83' lang='lat' dir='ltr'>pree</span> <span class='ocrx_word' id='word_1_88' title='bbox 960 1772 1087 1834; x_wconf 61' lang='lat' dir='ltr'>reserem</span> <span class='ocrx_word' id='word_1_89' title='bbox 1104 1771 1178 1832; x_wconf 83' lang='lat' dir='ltr'>Quod</span> <span class='ocrx_word' id='word_1_90' title='bbox 1189 1787 1237 1820; x_wconf 88' lang='lat' dir='ltr'>nori</span> 
     </span>
     <span class='ocr_line' id='line_1_15' title="bbox 95 1846 1237 1915; baseline 0.001 -17"><span class='ocrx_word' id='word_1_91' title='bbox 95 1860 191 1915; x_wconf 87' lang='lat' dir='ltr'>gustus</span> <span class='ocrx_word' id='word_1_92' title='bbox 208 1852 241 1899; x_wconf 83' lang='lat' dir='ltr'>ab</span> <span class='ocrx_word' id='word_1_93' title='bbox 256 1867 285 1900; x_wconf 90' lang='lat' dir='ltr'>eo</span> <span class='ocrx_word' id='word_1_94' title='bbox 302 1855 333 1900; x_wconf 91' lang='lat' dir='ltr'>sit</span> <span class='ocrx_word' id='word_1_95' title='bbox 350 1852 485 1900; x_wconf 87' lang='lat' dir='ltr'>secundus:</span> <span class='ocrx_word' id='word_1_96' title='bbox 503 1851 546 1898; x_wconf 85' lang='lat' dir='ltr'>sed</span> <span class='ocrx_word' id='word_1_97' title='bbox 563 1851 650 1898; x_wconf 78' lang='lat' dir='ltr'>leudes</span> <span class='ocrx_word' id='word_1_98' title='bbox 669 1846 672 1861; x_wconf 93' lang='lat'>&#39;</span> <span class='ocrx_word' id='word_1_99' title='bbox 690 1850 815 1899; x_wconf 83' lang='lat' dir='ltr'>intellexit</span> <span class='ocrx_word' id='word_1_100' title='bbox 832 1850 935 1900; x_wconf 79' lang='lat' dir='ltr'>Cresius</span> <span class='ocrx_word' id='word_1_101' title='bbox 952 1850 978 1898; x_wconf 87' lang='lat' dir='ltr'>in</span> <span class='ocrx_word' id='word_1_102' title='bbox 991 1851 1097 1899; x_wconf 81' lang='lat' dir='ltr'>Probub.</span> <span class='ocrx_word' id='word_1_103' title='bbox 1110 1851 1237 1915; x_wconf 77' lang='lat' dir='ltr'>Critpeg.</span> 
     </span>
     <span class='ocr_line' id='line_1_16' title="bbox 96 1896 1239 1994; baseline 0.001 -16"><span class='ocrx_word' id='word_1_104' title='bbox 96 1929 214 1992; x_wconf 83' lang='lat' dir='ltr'>Augusti</span> <span class='ocrx_word' id='word_1_105' title='bbox 229 1931 341 1986; x_wconf 85' lang='lat' dir='ltr'>extollit,</span> <span class='ocrx_word' id='word_1_106' title='bbox 357 1931 417 1993; x_wconf 82' lang='lat' dir='ltr'>quie</span> <span class='ocrx_word' id='word_1_107' title='bbox 433 1938 487 1977; x_wconf 83' lang='lat' dir='ltr'>eret</span> <span class='ocrx_word' id='word_1_108' title='bbox 504 1928 597 1977; x_wconf 81' lang='lat' dir='ltr'>alere</span> <span class='ocrx_word' id='word_1_109' title='bbox 613 1945 649 1978; x_wconf 88' lang='lat' dir='ltr'>se·</span> <span class='ocrx_word' id='word_1_110' title='bbox 669 1896 673 1953; x_wconf 73' lang='grc' dir='ltr'>Ι</span> <span class='ocrx_word' id='word_1_111' title='bbox 690 1931 730 1978; x_wconf 84' lang='grc'>33.</span> <span class='ocrx_word' id='word_1_112' title='bbox 748 1930 885 1994; x_wconf 86' lang='lat' dir='ltr'>corrigens:</span> <span class='ocrx_word' id='word_1_113' title='bbox 904 1937 932 1978; x_wconf 86' lang='lat' dir='ltr'>ut</span> <span class='ocrx_word' id='word_1_114' title='bbox 950 1932 1064 1979; x_wconf 76' lang='lat' dir='ltr'>tiatorem</span> <span class='ocrx_word' id='word_1_115' title='bbox 1074 1947 1105 1979; x_wconf 79' lang='lat' dir='ltr'>er</span> <span class='ocrx_word' id='word_1_116' title='bbox 1115 1937 1239 1992; x_wconf 75' lang='lat' dir='ltr'>potestate</span> 
     </span>
     <span class='ocr_line' id='line_1_17' title="bbox 95 2008 1238 2073; baseline 0 -17"><span class='ocrx_word' id='word_1_117' title='bbox 95 2009 210 2066; x_wconf 89' lang='lat' dir='ltr'>cundus,</span> <span class='ocrx_word' id='word_1_118' title='bbox 226 2009 287 2072; x_wconf 86' lang='lat' dir='ltr'>qnia</span> <span class='ocrx_word' id='word_1_119' title='bbox 302 2011 328 2058; x_wconf 90' lang='lat' dir='ltr'>in</span> <span class='ocrx_word' id='word_1_120' title='bbox 344 2010 417 2057; x_wconf 84' lang='lat' dir='ltr'>teriis</span> <span class='ocrx_word' id='word_1_121' title='bbox 433 2008 650 2057; x_wconf 88' lang='lat' dir='ltr'>nihilmaiuserat</span> <span class='ocrx_word' id='word_1_122' title='bbox 690 2012 802 2058; x_wconf 68' lang='lat' dir='ltr'>uariauit</span> <span class='ocrx_word' id='word_1_123' title='bbox 823 2026 889 2073; x_wconf 83' lang='lat' dir='ltr'>prae</span> <span class='ocrx_word' id='word_1_124' title='bbox 912 2009 1050 2072; x_wconf 73' lang='lat' dir='ltr'>reserere.</span> <span class='ocrx_word' id='word_1_125' title='bbox 1084 2010 1136 2057; x_wconf 74' lang='lat' dir='ltr'>Pin</span> <span class='ocrx_word' id='word_1_126' title='bbox 1156 2012 1238 2057; x_wconf 82' lang='lat' dir='ltr'>lutum</span> 
     </span>
    </p>
   </div>
   <div class='ocr_carea' id='block_1_4' title="bbox 95 2086 649 2306">
    <p class='ocr_par' dir='ltr' id='par_1_5' title="bbox 95 2086 649 2306">
     <span class='ocr_line' id='line_1_18' title="bbox 96 2086 649 2150; baseline 0 -14"><span class='ocrx_word' id='word_1_127' title='bbox 96 2087 228 2150; x_wconf 85' lang='lat' dir='ltr'>Augusto.</span> <span class='ocrx_word' id='word_1_128' title='bbox 261 2089 327 2136; x_wconf 74' lang='lat' dir='ltr'>Fata</span> <span class='ocrx_word' id='word_1_129' title='bbox 351 2088 407 2135; x_wconf 76' lang='lat' dir='ltr'>Iovi</span> <span class='ocrx_word' id='word_1_130' title='bbox 427 2102 514 2135; x_wconf 83' lang='lat' dir='ltr'>curam</span> <span class='ocrx_word' id='word_1_131' title='bbox 536 2086 649 2136; x_wconf 76' lang='lat' dir='ltr'>Caesaris</span> 
     </span>
     <span class='ocr_line' id='line_1_19' title="bbox 95 2165 649 2229; baseline 0 -16"><span class='ocrx_word' id='word_1_132' title='bbox 95 2166 227 2215; x_wconf 87' lang='lat' dir='ltr'>dederant.</span> <span class='ocrx_word' id='word_1_133' title='bbox 260 2166 320 2214; x_wconf 87' lang='lat' dir='ltr'>Ideo</span> <span class='ocrx_word' id='word_1_134' title='bbox 336 2166 388 2229; x_wconf 85' lang='lat' dir='ltr'>ipse</span> <span class='ocrx_word' id='word_1_135' title='bbox 403 2167 430 2213; x_wconf 90' lang='lat' dir='ltr'>in</span> <span class='ocrx_word' id='word_1_136' title='bbox 446 2165 515 2215; x_wconf 88' lang='lat' dir='ltr'>coele</span> <span class='ocrx_word' id='word_1_137' title='bbox 526 2174 649 2228; x_wconf 77' lang='lat' dir='ltr'>regnaret,</span> 
     </span>
     <span class='ocr_line' id='line_1_20' title="bbox 95 2244 649 2306; baseline 0.002 -15"><span class='ocrx_word' id='word_1_138' title='bbox 95 2258 205 2306; x_wconf 87' lang='lat' dir='ltr'>regnum</span> <span class='ocrx_word' id='word_1_139' title='bbox 223 2252 348 2293; x_wconf 87' lang='lat' dir='ltr'>terrarum</span> <span class='ocrx_word' id='word_1_140' title='bbox 365 2246 435 2293; x_wconf 88' lang='lat' dir='ltr'>daret</span> <span class='ocrx_word' id='word_1_141' title='bbox 451 2244 559 2294; x_wconf 82' lang='lat' dir='ltr'>Caesari.</span> <span class='ocrx_word' id='word_1_142' title='bbox 581 2244 649 2294; x_wconf 85' lang='lat' dir='ltr'>Con·</span> 
     </span>
    </p>
   </div>
   <div class='ocr_carea' id='block_1_5' title="bbox 690 2086 1238 2308">
    <p class='ocr_par' dir='ltr' id='par_1_6' title="bbox 690 2086 1238 2308">
     <span class='ocr_line' id='line_1_21' title="bbox 691 2086 1237 2152; baseline 0.002 -15"><span class='ocrx_word' id='word_1_143' title='bbox 691 2086 851 2152; x_wconf 89' lang='lat' dir='ltr'>Oudendorp.</span> <span class='ocrx_word' id='word_1_144' title='bbox 872 2104 930 2136; x_wconf 84' lang='lat' dir='ltr'>enin</span> <span class='ocrx_word' id='word_1_145' title='bbox 947 2088 1002 2136; x_wconf 84' lang='lat' dir='ltr'>eliis</span> <span class='ocrx_word' id='word_1_146' title='bbox 1018 2088 1170 2151; x_wconf 77' lang='lat' dir='ltr'>praeferebat</span> <span class='ocrx_word' id='word_1_147' title='bbox 1188 2090 1237 2138; x_wconf 65' lang='lat' dir='ltr'>lue</span> 
     </span>
     <span class='ocr_line' id='line_1_22' title="bbox 692 2167 1238 2230; baseline 0.004 -17"><span class='ocrx_word' id='word_1_148' title='bbox 692 2174 758 2224; x_wconf 84' lang='lat' dir='ltr'>tuni,</span> <span class='ocrx_word' id='word_1_149' title='bbox 776 2167 847 2230; x_wconf 89' lang='lat' dir='ltr'>qnia,</span> <span class='ocrx_word' id='word_1_150' title='bbox 863 2167 884 2215; x_wconf 87' lang='lat' dir='ltr'>si</span> <span class='ocrx_word' id='word_1_151' title='bbox 900 2183 951 2216; x_wconf 91' lang='lat' dir='ltr'>non</span> <span class='ocrx_word' id='word_1_152' title='bbox 967 2167 1032 2215; x_wconf 84' lang='lat' dir='ltr'>adsit</span> <span class='ocrx_word' id='word_1_153' title='bbox 1048 2170 1140 2225; x_wconf 83' lang='lat' dir='ltr'>lutum,</span> <span class='ocrx_word' id='word_1_154' title='bbox 1152 2184 1238 2217; x_wconf 87' lang='lat' dir='ltr'>sensns</span> 
     </span>
     <span class='ocr_line' id='line_1_23' title="bbox 690 2246 1237 2308; baseline 0 -14"><span class='ocrx_word' id='word_1_155' title='bbox 690 2247 757 2295; x_wconf 80' lang='lat' dir='ltr'>orbis</span> <span class='ocrx_word' id='word_1_156' title='bbox 781 2259 830 2293; x_wconf 90' lang='lat' dir='ltr'>non</span> <span class='ocrx_word' id='word_1_157' title='bbox 856 2246 989 2303; x_wconf 89' lang='lat' dir='ltr'>minuitur,</span> <span class='ocrx_word' id='word_1_158' title='bbox 1014 2247 1108 2294; x_wconf 72' lang='lat' dir='ltr'>luctum</span> <span class='ocrx_word' id='word_1_159' title='bbox 1132 2246 1237 2308; x_wconf 83' lang='lat' dir='ltr'>gloriani</span> 
     </span>
    </p>
   </div>
   <div class='ocr_carea' id='block_1_6' title="bbox 95 2288 1238 3256">
    <p class='ocr_par' dir='ltr' id='par_1_7' title="bbox 95 2288 934 2387">
     <span class='ocr_line' id='line_1_24' title="bbox 95 2288 934 2387; baseline 0.001 -17"><span class='ocrx_word' id='word_1_160' title='bbox 95 2328 182 2370; x_wconf 85' lang='lat' dir='ltr'>tentiis</span> <span class='ocrx_word' id='word_1_161' title='bbox 198 2337 251 2371; x_wconf 81' lang='lat' dir='ltr'>erse</span> <span class='ocrx_word' id='word_1_162' title='bbox 270 2329 368 2386; x_wconf 88' lang='lat' dir='ltr'>poterat</span> <span class='ocrx_word' id='word_1_163' title='bbox 387 2323 468 2381; x_wconf 81' lang='lat' dir='ltr'>eaelo,</span> <span class='ocrx_word' id='word_1_164' title='bbox 489 2324 509 2371; x_wconf 90' lang='lat' dir='ltr'>si</span> <span class='ocrx_word' id='word_1_165' title='bbox 529 2323 649 2370; x_wconf 78' lang='lat' dir='ltr'>ricarium</span> <span class='ocrx_word' id='word_1_166' title='bbox 668 2288 671 2361; x_wconf 74' lang='lat' dir='ltr'>i</span> <span class='ocrx_word' id='word_1_167' title='bbox 691 2325 804 2387; x_wconf 83' lang='lat' dir='ltr'>Augusti</span> <span class='ocrx_word' id='word_1_168' title='bbox 821 2325 934 2373; x_wconf 88' lang='lat' dir='ltr'>intendit.</span> 
     </span>
    </p>

    <p class='ocr_par' dir='ltr' id='par_1_8' title="bbox 95 2401 1238 3256">
     <span class='ocr_line' id='line_1_25' title="bbox 95 2401 1237 2467; baseline 0.003 -19"><span class='ocrx_word' id='word_1_169' title='bbox 95 2401 201 2450; x_wconf 85' lang='lat' dir='ltr'>haberet</span> <span class='ocrx_word' id='word_1_170' title='bbox 217 2403 243 2450; x_wconf 91' lang='lat' dir='ltr'>in</span> <span class='ocrx_word' id='word_1_171' title='bbox 260 2410 334 2451; x_wconf 80' lang='lat' dir='ltr'>terra.</span> <span class='ocrx_word' id='word_1_172' title='bbox 358 2403 495 2453; x_wconf 70' lang='lat' dir='ltr'>Constabat</span> <span class='ocrx_word' id='word_1_173' title='bbox 511 2402 586 2450; x_wconf 78' lang='lat' dir='ltr'>talem</span> <span class='ocrx_word' id='word_1_174' title='bbox 598 2416 649 2450; x_wconf 67' lang='lat' dir='ltr'>esse</span> <span class='ocrx_word' id='word_1_175' title='bbox 727 2407 767 2452; x_wconf 82' lang='lat' dir='ltr'>Te</span> <span class='ocrx_word' id='word_1_176' title='bbox 797 2420 891 2467; x_wconf 82' lang='lat' dir='ltr'>purum</span> <span class='ocrx_word' id='word_1_177' title='bbox 918 2404 996 2452; x_wconf 78' lang='lat' dir='ltr'>castis</span> <span class='ocrx_word' id='word_1_178' title='bbox 1022 2404 1124 2450; x_wconf 79' lang='lat' dir='ltr'>irtiiitt&#39;eu</span> <span class='ocrx_word' id='word_1_179' title='bbox 1153 2406 1237 2452; x_wconf 80' lang='lat' dir='ltr'>mittes</span> 
     </span>
     <span class='ocr_line' id='line_1_26' title="bbox 97 2479 1237 2563; baseline 0.002 -35"><span class='ocrx_word' id='word_1_180' title='bbox 97 2479 259 2542; x_wconf 79' lang='lat' dir='ltr'>Augustum.</span> <span class='ocrx_word' id='word_1_181' title='bbox 284 2481 327 2531; x_wconf 88' lang='lat' dir='ltr'>Sic</span> <span class='ocrx_word' id='word_1_182' title='bbox 347 2482 496 2530; x_wconf 87' lang='lat' dir='ltr'>describitur</span> <span class='ocrx_word' id='word_1_183' title='bbox 517 2481 548 2528; x_wconf 87' lang='lat' dir='ltr'>ab</span> <span class='ocrx_word' id='word_1_184' title='bbox 572 2481 649 2528; x_wconf 91' lang='lat' dir='ltr'>onini-</span> <span class='ocrx_word' id='word_1_185' title='bbox 668 2498 671 2563; x_wconf 70' lang='grc' dir='ltr'>Ι</span> <span class='ocrx_word' id='word_1_186' title='bbox 693 2485 812 2532; x_wconf 78' lang='lat' dir='ltr'>Fuluiiria</span> <span class='ocrx_word' id='word_1_187' title='bbox 829 2484 900 2532; x_wconf 77' lang='lat' dir='ltr'>lueis.</span> <span class='ocrx_word' id='word_1_188' title='bbox 934 2482 1016 2532; x_wconf 85' lang='lat' dir='ltr'>Schel.</span> <span class='ocrx_word' id='word_1_189' title='bbox 1034 2491 1115 2530; x_wconf 84' lang='lat' dir='ltr'>vetus:</span> <span class='ocrx_word' id='word_1_190' title='bbox 1133 2483 1237 2530; x_wconf 85' lang='lat' dir='ltr'>“Pellu-</span> 
     </span>
     <span class='ocr_line' id='line_1_27' title="bbox 95 2558 1237 2624; baseline 0.004 -19"><span class='ocrx_word' id='word_1_191' title='bbox 95 2558 146 2606; x_wconf 88' lang='lat' dir='ltr'>bus</span> <span class='ocrx_word' id='word_1_192' title='bbox 163 2561 248 2622; x_wconf 70' lang='lat' dir='ltr'>potitis.</span> <span class='ocrx_word' id='word_1_193' title='bbox 282 2560 378 2622; x_wconf 89' lang='lat' dir='ltr'>Iupiter</span> <span class='ocrx_word' id='word_1_194' title='bbox 394 2562 420 2608; x_wconf 93' lang='lat' dir='ltr'>in</span> <span class='ocrx_word' id='word_1_195' title='bbox 437 2560 505 2609; x_wconf 92' lang='lat' dir='ltr'>coelo</span> <span class='ocrx_word' id='word_1_196' title='bbox 520 2561 649 2622; x_wconf 81' lang='lat' dir='ltr'>regnabat,</span> <span class='ocrx_word' id='word_1_197' title='bbox 668 2578 671 2597; x_wconf 74' lang='lat'>2</span> <span class='ocrx_word' id='word_1_198' title='bbox 691 2563 730 2612; x_wconf 84' lang='lat' dir='ltr'>tis.</span> <span class='ocrx_word' id='word_1_199' title='bbox 765 2563 908 2612; x_wconf 88' lang='lat' dir='ltr'>Secundum</span> <span class='ocrx_word' id='word_1_200' title='bbox 926 2561 1077 2609; x_wconf 88' lang='lat' dir='ltr'>Poiitifieuni</span> <span class='ocrx_word' id='word_1_201' title='bbox 1095 2570 1118 2609; x_wconf 86' lang='lat' dir='ltr'>et</span> <span class='ocrx_word' id='word_1_202' title='bbox 1131 2562 1237 2624; x_wconf 87' lang='lat' dir='ltr'>Aruspi·</span> 
     </span>
     <span class='ocr_line' id='line_1_28' title="bbox 95 2602 1237 2703; baseline 0.003 -17"><span class='ocrx_word' id='word_1_203' title='bbox 95 2637 235 2700; x_wconf 85' lang='lat' dir='ltr'>Augustus</span> <span class='ocrx_word' id='word_1_204' title='bbox 255 2641 281 2687; x_wconf 89' lang='lat' dir='ltr'>iii</span> <span class='ocrx_word' id='word_1_205' title='bbox 302 2639 381 2688; x_wconf 88' lang='lat' dir='ltr'>terris.</span> <span class='ocrx_word' id='word_1_206' title='bbox 416 2638 489 2689; x_wconf 82' lang='lat' dir='ltr'>Orid.</span> <span class='ocrx_word' id='word_1_207' title='bbox 511 2640 572 2688; x_wconf 86' lang='lat' dir='ltr'>XV.</span> <span class='ocrx_word' id='word_1_208' title='bbox 595 2640 649 2688; x_wconf 90' lang='lat' dir='ltr'>Me·</span> <span class='ocrx_word' id='word_1_209' title='bbox 668 2602 671 2673; x_wconf 67' lang='grc' dir='ltr'>Ι</span> <span class='ocrx_word' id='word_1_210' title='bbox 690 2658 747 2690; x_wconf 88' lang='lat' dir='ltr'>cuni</span> <span class='ocrx_word' id='word_1_211' title='bbox 764 2643 923 2698; x_wconf 85' lang='lat' dir='ltr'>documenta,</span> <span class='ocrx_word' id='word_1_212' title='bbox 940 2640 1237 2703; x_wconf 84' lang='lat' dir='ltr'>quiadieuntnunquuni</span> 
     </span>
     <span class='ocr_line' id='line_1_29' title="bbox 96 2710 1237 2783; baseline 0.002 -18"><span class='ocrx_word' id='word_1_213' title='bbox 96 2726 157 2766; x_wconf 80' lang='lat' dir='ltr'>tam.</span> <span class='ocrx_word' id='word_1_214' title='bbox 183 2719 241 2767; x_wconf 82' lang='lat'>859.</span> <span class='ocrx_word' id='word_1_215' title='bbox 287 2721 385 2783; x_wconf 81' lang='lat' dir='ltr'>Iupiter</span> <span class='ocrx_word' id='word_1_216' title='bbox 413 2735 484 2769; x_wconf 79' lang='lat' dir='ltr'>arcer</span> <span class='ocrx_word' id='word_1_217' title='bbox 515 2720 649 2782; x_wconf 82' lang='lat' dir='ltr'>Temperat</span> <span class='ocrx_word' id='word_1_218' title='bbox 668 2710 671 2755; x_wconf 65' lang='lat' dir='ltr'>i</span> <span class='ocrx_word' id='word_1_219' title='bbox 691 2721 744 2769; x_wconf 87' lang='lat' dir='ltr'>fieri</span> <span class='ocrx_word' id='word_1_220' title='bbox 762 2719 878 2779; x_wconf 88' lang='lat' dir='ltr'>fulmina,</span> <span class='ocrx_word' id='word_1_221' title='bbox 895 2720 943 2767; x_wconf 91' lang='lat' dir='ltr'>nisi</span> <span class='ocrx_word' id='word_1_222' title='bbox 960 2719 986 2766; x_wconf 90' lang='lat' dir='ltr'>in</span> <span class='ocrx_word' id='word_1_223' title='bbox 1007 2716 1084 2774; x_wconf 85' lang='lat' dir='ltr'>lueis,</span> <span class='ocrx_word' id='word_1_224' title='bbox 1100 2717 1237 2780; x_wconf 85' lang='lat' dir='ltr'>pollutione</span> 
     </span>
     <span class='ocr_line' id='line_1_30' title="bbox 95 2797 1235 2862; baseline 0.003 -19"><span class='ocrx_word' id='word_1_225' title='bbox 95 2799 237 2858; x_wconf 77' lang='lat' dir='ltr'>aetherias,</span> <span class='ocrx_word' id='word_1_226' title='bbox 254 2806 279 2847; x_wconf 88' lang='lat' dir='ltr'>et</span> <span class='ocrx_word' id='word_1_227' title='bbox 303 2802 391 2848; x_wconf 81' lang='lat' dir='ltr'>mundi</span> <span class='ocrx_word' id='word_1_228' title='bbox 412 2815 488 2862; x_wconf 72' lang='lat' dir='ltr'>regua</span> <span class='ocrx_word' id='word_1_229' title='bbox 511 2798 648 2861; x_wconf 71' lang='lat' dir='ltr'>triformis:</span> <span class='ocrx_word' id='word_1_230' title='bbox 691 2799 774 2862; x_wconf 83' lang='lat' dir='ltr'>aliqua</span> <span class='ocrx_word' id='word_1_231' title='bbox 790 2800 899 2850; x_wconf 81' lang='lat' dir='ltr'>alienis.&#39;&#39;</span> <span class='ocrx_word' id='word_1_232' title='bbox 919 2798 971 2848; x_wconf 91' lang='lat' dir='ltr'>Ubi</span> <span class='ocrx_word' id='word_1_233' title='bbox 987 2798 1090 2845; x_wconf 80' lang='lat' dir='ltr'>fortusse</span> <span class='ocrx_word' id='word_1_234' title='bbox 1102 2797 1235 2860; x_wconf 83' lang='lat' dir='ltr'>legendarii</span> 
     </span>
     <span class='ocr_line' id='line_1_31' title="bbox 100 2877 1238 2940; baseline 0.003 -19"><span class='ocrx_word' id='word_1_235' title='bbox 100 2877 185 2922; x_wconf 83' lang='lat' dir='ltr'>Terra</span> <span class='ocrx_word' id='word_1_236' title='bbox 208 2880 255 2925; x_wconf 81' lang='lat' dir='ltr'>sub</span> <span class='ocrx_word' id='word_1_237' title='bbox 280 2878 402 2940; x_wconf 64' lang='lat' dir='ltr'>Augusto.</span> <span class='ocrx_word' id='word_1_238' title='bbox 449 2880 533 2926; x_wconf 84' lang='lat' dir='ltr'>Peter</span> <span class='ocrx_word' id='word_1_239' title='bbox 562 2883 601 2926; x_wconf 79' lang='lat' dir='ltr'>eit</span> <span class='ocrx_word' id='word_1_240' title='bbox 624 2885 649 2927; x_wconf 86' lang='lat' dir='ltr'>et</span> <span class='ocrx_word' id='word_1_241' title='bbox 689 2878 1238 2940; x_wconf 72' lang='lat' dir='ltr'>rietatis.ValeriusFlaceusquoquerustes</span> 
     </span>
     <span class='ocr_line' id='line_1_32' title="bbox 95 2956 1238 3021; baseline 0.003 -21"><span class='ocrx_word' id='word_1_242' title='bbox 95 2959 181 3001; x_wconf 83' lang='lat' dir='ltr'>rector</span> <span class='ocrx_word' id='word_1_243' title='bbox 196 2961 307 3018; x_wconf 81' lang='lat' dir='ltr'>aterque.</span> <span class='ocrx_word' id='word_1_244' title='bbox 335 2957 416 3005; x_wconf 84' lang='lat' dir='ltr'>Notus</span> <span class='ocrx_word' id='word_1_245' title='bbox 433 2963 470 3005; x_wconf 91' lang='lat' dir='ltr'>est</span> <span class='ocrx_word' id='word_1_246' title='bbox 487 2971 585 3014; x_wconf 87' lang='lat' dir='ltr'>versus,</span> <span class='ocrx_word' id='word_1_247' title='bbox 605 2957 648 3021; x_wconf 90' lang='lat' dir='ltr'>qui</span> <span class='ocrx_word' id='word_1_248' title='bbox 690 2960 758 3006; x_wconf 77' lang='lat' dir='ltr'>lucos</span> <span class='ocrx_word' id='word_1_249' title='bbox 777 2959 875 3006; x_wconf 83' lang='lat' dir='ltr'>vocavit</span> <span class='ocrx_word' id='word_1_250' title='bbox 891 2957 923 3005; x_wconf 89' lang='lat' dir='ltr'>V.</span> <span class='ocrx_word' id='word_1_251' title='bbox 946 2959 1002 3006; x_wconf 77' lang='lat'>334.</span> <span class='ocrx_word' id='word_1_252' title='bbox 1028 2972 1063 3019; x_wconf 88' lang='lat' dir='ltr'>sq.</span> <span class='ocrx_word' id='word_1_253' title='bbox 1086 2956 1129 3004; x_wconf 89' lang='lat' dir='ltr'>ubi</span> <span class='ocrx_word' id='word_1_254' title='bbox 1149 2957 1238 3007; x_wconf 87' lang='lat' dir='ltr'>Medea</span> 
     </span>
     <span class='ocr_line' id='line_1_33' title="bbox 96 3031 1236 3098; baseline 0.006 -20"><span class='ocrx_word' id='word_1_255' title='bbox 96 3031 207 3094; x_wconf 83' lang='lat' dir='ltr'>Virgilio</span> <span class='ocrx_word' id='word_1_256' title='bbox 228 3034 355 3083; x_wconf 87' lang='lat' dir='ltr'>tribuitur:</span> <span class='ocrx_word' id='word_1_257' title='bbox 376 3038 495 3084; x_wconf 71' lang='lat' dir='ltr'>Divitem</span> <span class='ocrx_word' id='word_1_258' title='bbox 516 3037 648 3098; x_wconf 77' lang='lat' dir='ltr'>turperium</span> <span class='ocrx_word' id='word_1_259' title='bbox 690 3042 818 3097; x_wconf 80' lang='lat' dir='ltr'>soporatos</span> <span class='ocrx_word' id='word_1_260' title='bbox 831 3037 916 3083; x_wconf 76' lang='lat' dir='ltr'>tacitis</span> <span class='ocrx_word' id='word_1_261' title='bbox 927 3037 954 3082; x_wconf 83' lang='lat' dir='ltr'>iii</span> <span class='ocrx_word' id='word_1_262' title='bbox 967 3037 1065 3084; x_wconf 72' lang='lat' dir='ltr'>sed-itus</span> <span class='ocrx_word' id='word_1_263' title='bbox 1077 3042 1151 3084; x_wconf 78' lang='lat' dir='ltr'>artie</span> <span class='ocrx_word' id='word_1_264' title='bbox 1166 3039 1236 3085; x_wconf 85' lang='lat' dir='ltr'>Dum</span> 
     </span>
     <span class='ocr_line' id='line_1_34' title="bbox 95 3114 1238 3178; baseline 0.004 -19"><span class='ocrx_word' id='word_1_265' title='bbox 95 3126 154 3159; x_wconf 85' lang='lat' dir='ltr'>cuni</span> <span class='ocrx_word' id='word_1_266' title='bbox 181 3114 241 3161; x_wconf 81' lang='lat' dir='ltr'>Ioue</span> <span class='ocrx_word' id='word_1_267' title='bbox 268 3114 363 3163; x_wconf 81' lang='lat' dir='ltr'>Caesar</span> <span class='ocrx_word' id='word_1_268' title='bbox 380 3117 461 3164; x_wconf 80' lang='lat' dir='ltr'>hebet.</span> <span class='ocrx_word' id='word_1_269' title='bbox 496 3114 550 3161; x_wconf 90' lang='lat' dir='ltr'>Iam</span> <span class='ocrx_word' id='word_1_270' title='bbox 578 3120 648 3164; x_wconf 89' lang='lat' dir='ltr'>vetus</span> <span class='ocrx_word' id='word_1_271' title='bbox 688 3117 782 3177; x_wconf 81' lang='lat' dir='ltr'>premit</span> <span class='ocrx_word' id='word_1_272' title='bbox 798 3117 853 3163; x_wconf 83' lang='lat' dir='ltr'>ulte</span> <span class='ocrx_word' id='word_1_273' title='bbox 863 3115 944 3177; x_wconf 80' lang='lat' dir='ltr'>quies,</span> <span class='ocrx_word' id='word_1_274' title='bbox 963 3116 1095 3176; x_wconf 74' lang='lat' dir='ltr'>attilaeque</span> <span class='ocrx_word' id='word_1_275' title='bbox 1105 3117 1131 3163; x_wconf 84' lang='lat' dir='ltr'>iu</span> <span class='ocrx_word' id='word_1_276' title='bbox 1143 3117 1238 3178; x_wconf 75' lang='lat' dir='ltr'>rirpirie</span> 
     </span>
     <span class='ocr_line' id='line_1_35' title="bbox 96 3190 1237 3256; baseline 0.004 -19"><span class='ocrx_word' id='word_1_277' title='bbox 96 3190 145 3238; x_wconf 87' lang='lat' dir='ltr'>hec</span> <span class='ocrx_word' id='word_1_278' title='bbox 166 3191 320 3240; x_wconf 87' lang='lat' dir='ltr'>dictumest.</span> <span class='ocrx_word' id='word_1_279' title='bbox 346 3191 476 3241; x_wconf 81' lang='lat' dir='ltr'>Plutarch.</span> <span class='ocrx_word' id='word_1_280' title='bbox 495 3195 525 3241; x_wconf 88' lang='lat' dir='ltr'>de</span> <span class='ocrx_word' id='word_1_281' title='bbox 536 3194 648 3242; x_wconf 86' lang='lat' dir='ltr'>Fortuna</span> <span class='ocrx_word' id='word_1_282' title='bbox 690 3210 777 3250; x_wconf 82' lang='lat' dir='ltr'>carue,</span> <span class='ocrx_word' id='word_1_283' title='bbox 817 3195 878 3241; x_wconf 72' lang='lat' dir='ltr'>Visa</span> <span class='ocrx_word' id='word_1_284' title='bbox 902 3208 995 3256; x_wconf 77' lang='lat' dir='ltr'>paiens</span> <span class='ocrx_word' id='word_1_285' title='bbox 1019 3195 1097 3242; x_wconf 77' lang='lat' dir='ltr'>cuitu</span> <span class='ocrx_word' id='word_1_286' title='bbox 1127 3195 1237 3243; x_wconf 77' lang='lat' dir='ltr'>Hecates</span> 
     </span>
    </p>
   </div>
   <div class='ocr_carea' id='block_1_7' title="bbox 95 3268 650 4360">
    <p class='ocr_par' dir='ltr' id='par_1_9' title="bbox 96 3268 646 3490">
     <span class='ocr_line' id='line_1_36' title="bbox 96 3268 646 3334; baseline 0.004 -17"><span class='ocrx_word' id='word_1_287' title='bbox 96 3268 176 3317; x_wconf 78' lang='lat' dir='ltr'>Alex</span> <span class='ocrx_word' id='word_1_288' title='bbox 192 3285 249 3332; x_wconf 81' lang='lat' dir='ltr'>pag.</span> <span class='ocrx_word' id='word_1_289' title='bbox 266 3271 323 3319; x_wconf 81' lang='lat'>356.</span> <span class='ocrx_word' id='word_1_290' title='bbox 341 3269 415 3319; x_wconf 88' lang='lat' dir='ltr'>refert</span> <span class='ocrx_word' id='word_1_291' title='bbox 431 3273 516 3334; x_wconf 72' lang='lat' dir='ltr'>poetae</span> <span class='ocrx_word' id='word_1_292' title='bbox 533 3286 646 3321; x_wconf 85' lang='lat' dir='ltr'>versum:</span> 
     </span>
     <span class='ocr_line' id='line_1_37' title="bbox 99 3347 646 3415; baseline 0.011 -21"><span class='ocrx_word' id='word_1_293' title='bbox 99 3349 152 3396; x_wconf 84' lang='grc' dir='ltr'>Γᾶν</span> <span class='ocrx_word' id='word_1_294' title='bbox 170 3347 213 3396; x_wconf 85' lang='grc' dir='ltr'>ὑπ’</span> <span class='ocrx_word' id='word_1_295' title='bbox 225 3349 279 3413; x_wconf 72' lang='grc' dir='ltr'><strong><em>ἐμοὶ</em></strong></span> <span class='ocrx_word' id='word_1_296' title='bbox 290 3350 396 3415; x_wconf 63' lang='grc' dir='ltr'>τίθεμαι,</span> <span class='ocrx_word' id='word_1_297' title='bbox 409 3354 468 3413; x_wconf 80' lang='grc' dir='ltr'>Ζεῦ,</span> <span class='ocrx_word' id='word_1_298' title='bbox 479 3353 509 3400; x_wconf 85' lang='grc' dir='ltr'>σὺ</span> <span class='ocrx_word' id='word_1_299' title='bbox 521 3350 541 3400; x_wconf 75' lang='grc' dir='ltr'>δ’</span> <span class='ocrx_word' id='word_1_300' title='bbox 551 3350 646 3415; x_wconf 83' lang='grc' dir='ltr'>Ὀλυμ-</span> 
     </span>
     <span class='ocr_line' id='line_1_38' title="bbox 97 3426 221 3490; baseline 0.016 -17"><span class='ocrx_word' id='word_1_301' title='bbox 97 3444 151 3474; x_wconf 84' lang='grc' dir='ltr'>πον</span> <span class='ocrx_word' id='word_1_302' title='bbox 172 3426 221 3490; x_wconf 80' lang='grc' dir='ltr'>ἔχε.</span> 
     </span>
    </p>

    <p class='ocr_par' dir='ltr' id='par_1_10' title="bbox 95 3507 647 3964">
     <span class='ocr_line' id='line_1_39' title="bbox 131 3507 647 3570; baseline 0.01 -18"><span class='ocrx_word' id='word_1_303' title='bbox 131 3507 545 3570; x_wconf 72' lang='lat' dir='ltr'>Egeritiustedomitoetriumplio.</span> <span class='ocrx_word' id='word_1_304' title='bbox 557 3510 647 3558; x_wconf 88' lang='lat' dir='ltr'>Laudo</span> 
     </span>
     <span class='ocr_line' id='line_1_40' title="bbox 95 3585 645 3651; baseline 0.005 -19"><span class='ocrx_word' id='word_1_305' title='bbox 95 3585 265 3651; x_wconf 82' lang='lat' dir='ltr'>coniecturam</span> <span class='ocrx_word' id='word_1_306' title='bbox 282 3585 354 3636; x_wconf 87' lang='lat' dir='ltr'>Gulei</span> <span class='ocrx_word' id='word_1_307' title='bbox 364 3589 482 3644; x_wconf 86' lang='lat' dir='ltr'>domitor,</span> <span class='ocrx_word' id='word_1_308' title='bbox 494 3588 551 3651; x_wconf 87' lang='lat' dir='ltr'>quie</span> <span class='ocrx_word' id='word_1_309' title='bbox 562 3589 645 3636; x_wconf 88' lang='lat' dir='ltr'>statim</span> 
     </span>
     <span class='ocr_line' id='line_1_41' title="bbox 95 3664 645 3727; baseline 0.004 -15"><span class='ocrx_word' id='word_1_310' title='bbox 95 3664 210 3726; x_wconf 88' lang='lat' dir='ltr'>sequitur</span> <span class='ocrx_word' id='word_1_311' title='bbox 228 3666 359 3723; x_wconf 78' lang='lat' dir='ltr'>subiectos,</span> <span class='ocrx_word' id='word_1_312' title='bbox 381 3666 447 3727; x_wconf 90' lang='lat' dir='ltr'>quod</span> <span class='ocrx_word' id='word_1_313' title='bbox 463 3665 552 3714; x_wconf 88' lang='lat' dir='ltr'>melius</span> <span class='ocrx_word' id='word_1_314' title='bbox 570 3665 645 3715; x_wconf 88' lang='lat' dir='ltr'>refer-</span> 
     </span>
     <span class='ocr_line' id='line_1_42' title="bbox 95 3743 646 3807; baseline 0.004 -16"><span class='ocrx_word' id='word_1_315' title='bbox 95 3751 140 3791; x_wconf 90' lang='lat' dir='ltr'>tur</span> <span class='ocrx_word' id='word_1_316' title='bbox 158 3743 188 3790; x_wconf 82' lang='lat' dir='ltr'>ed</span> <span class='ocrx_word' id='word_1_317' title='bbox 207 3743 315 3791; x_wconf 89' lang='lat' dir='ltr'>Parthos</span> <span class='ocrx_word' id='word_1_318' title='bbox 331 3749 356 3792; x_wconf 88' lang='lat' dir='ltr'>et</span> <span class='ocrx_word' id='word_1_319' title='bbox 373 3744 458 3802; x_wconf 87' lang='lat' dir='ltr'>Seras,</span> <span class='ocrx_word' id='word_1_320' title='bbox 471 3759 545 3807; x_wconf 88' lang='lat' dir='ltr'>quain</span> <span class='ocrx_word' id='word_1_321' title='bbox 558 3745 646 3793; x_wconf 79' lang='lat' dir='ltr'>Parthi</span> 
     </span>
     <span class='ocr_line' id='line_1_43' title="bbox 95 3822 645 3872; baseline 0.005 -3"><span class='ocrx_word' id='word_1_322' title='bbox 95 3822 216 3870; x_wconf 88' lang='lat' dir='ltr'>dicuntur</span> <span class='ocrx_word' id='word_1_323' title='bbox 226 3823 314 3870; x_wconf 82' lang='lat' dir='ltr'>domiti</span> <span class='ocrx_word' id='word_1_324' title='bbox 329 3829 353 3870; x_wconf 88' lang='lat' dir='ltr'>et</span> <span class='ocrx_word' id='word_1_325' title='bbox 365 3823 438 3872; x_wconf 85' lang='lat' dir='ltr'>Seres</span> <span class='ocrx_word' id='word_1_326' title='bbox 450 3825 562 3872; x_wconf 83' lang='lat' dir='ltr'>subiecti.</span> <span class='ocrx_word' id='word_1_327' title='bbox 579 3825 645 3872; x_wconf 85' lang='lat' dir='ltr'>Nem</span> 
     </span>
     <span class='ocr_line' id='line_1_44' title="bbox 96 3899 579 3964; baseline 0.008 -18"><span class='ocrx_word' id='word_1_328' title='bbox 96 3900 122 3948; x_wconf 91' lang='lat' dir='ltr'>h.</span> <span class='ocrx_word' id='word_1_329' title='bbox 140 3899 159 3947; x_wconf 93' lang='lat' dir='ltr'>l.</span> <span class='ocrx_word' id='word_1_330' title='bbox 178 3905 283 3962; x_wconf 83' lang='lat' dir='ltr'>utraque</span> <span class='ocrx_word' id='word_1_331' title='bbox 299 3915 349 3948; x_wconf 86' lang='lat' dir='ltr'>vox</span> <span class='ocrx_word' id='word_1_332' title='bbox 365 3901 431 3949; x_wconf 89' lang='lat' dir='ltr'>idem</span> <span class='ocrx_word' id='word_1_333' title='bbox 449 3901 579 3964; x_wconf 84' lang='lat' dir='ltr'>signifieat.</span> 
     </span>
    </p>

    <p class='ocr_par' dir='ltr' id='par_1_11' title="bbox 95 3981 650 4360">
     <span class='ocr_line' id='line_1_45' title="bbox 133 3981 645 4044; baseline 0.008 -17"><span class='ocrx_word' id='word_1_334' title='bbox 133 3983 170 4028; x_wconf 81' lang='lat' dir='ltr'>Te</span> <span class='ocrx_word' id='word_1_335' title='bbox 186 3981 267 4028; x_wconf 79' lang='lat' dir='ltr'>minor</span> <span class='ocrx_word' id='word_1_336' title='bbox 283 3983 364 4029; x_wconf 83' lang='lat' dir='ltr'>latum</span> <span class='ocrx_word' id='word_1_337' title='bbox 376 3987 443 4044; x_wconf 73' lang='lat' dir='ltr'>repet</span> <span class='ocrx_word' id='word_1_338' title='bbox 453 3996 546 4044; x_wconf 76' lang='lat' dir='ltr'>aequus</span> <span class='ocrx_word' id='word_1_339' title='bbox 557 3985 645 4031; x_wconf 69' lang='lat' dir='ltr'>orbern</span> 
     </span>
     <span class='ocr_line' id='line_1_46' title="bbox 97 4058 644 4123; baseline 0.002 -15"><span class='ocrx_word' id='word_1_340' title='bbox 97 4058 200 4115; x_wconf 83' lang='lat' dir='ltr'>Minor,</span> <span class='ocrx_word' id='word_1_341' title='bbox 224 4059 361 4107; x_wconf 87' lang='lat' dir='ltr'>seeundum</span> <span class='ocrx_word' id='word_1_342' title='bbox 386 4060 531 4123; x_wconf 86' lang='lat' dir='ltr'>religionem</span> <span class='ocrx_word' id='word_1_343' title='bbox 556 4077 585 4110; x_wconf 84' lang='lat' dir='ltr'>ae</span> <span class='ocrx_word' id='word_1_344' title='bbox 606 4077 644 4109; x_wconf 86' lang='lat' dir='ltr'>sa-</span> 
     </span>
     <span class='ocr_line' id='line_1_47' title="bbox 96 4137 646 4201; baseline 0.013 -16"><span class='ocrx_word' id='word_1_345' title='bbox 96 4137 216 4201; x_wconf 87' lang='lat' dir='ltr'>pientiam</span> <span class='ocrx_word' id='word_1_346' title='bbox 234 4144 347 4187; x_wconf 86' lang='lat' dir='ltr'>veterum</span> <span class='ocrx_word' id='word_1_347' title='bbox 358 4139 537 4189; x_wconf 77' lang='lat' dir='ltr'>Romanorum.</span> <span class='ocrx_word' id='word_1_348' title='bbox 559 4142 646 4191; x_wconf 86' lang='lat' dir='ltr'>Horat.</span> 
     </span>
     <span class='ocr_line' id='line_1_48' title="bbox 95 4216 648 4282; baseline 0.004 -16"><span class='ocrx_word' id='word_1_349' title='bbox 95 4218 149 4266; x_wconf 89' lang='lat'>111.</span> <span class='ocrx_word' id='word_1_350' title='bbox 167 4216 251 4267; x_wconf 86' lang='lat' dir='ltr'>Carni.</span> <span class='ocrx_word' id='word_1_351' title='bbox 269 4218 292 4265; x_wconf 88' lang='lat'>6.</span> <span class='ocrx_word' id='word_1_352' title='bbox 326 4217 379 4266; x_wconf 77' lang='lat' dir='ltr'>Dte</span> <span class='ocrx_word' id='word_1_353' title='bbox 400 4223 425 4266; x_wconf 85' lang='lat' dir='ltr'>te</span> <span class='ocrx_word' id='word_1_354' title='bbox 445 4220 563 4268; x_wconf 67' lang='lat' dir='ltr'>initiarent</span> <span class='ocrx_word' id='word_1_355' title='bbox 583 4222 648 4282; x_wconf 81' lang='lat' dir='ltr'>quod</span> 
     </span>
     <span class='ocr_line' id='line_1_49' title="bbox 97 4297 650 4360; baseline 0.004 -14"><span class='ocrx_word' id='word_1_356' title='bbox 97 4299 177 4360; x_wconf 75' lang='lat' dir='ltr'>peris,</span> <span class='ocrx_word' id='word_1_357' title='bbox 202 4298 320 4359; x_wconf 81' lang='lat' dir='ltr'>imperiis.</span> <span class='ocrx_word' id='word_1_358' title='bbox 354 4297 449 4346; x_wconf 78' lang='lat' dir='ltr'>Eadem</span> <span class='ocrx_word' id='word_1_359' title='bbox 470 4297 650 4360; x_wconf 83' lang='lat' dir='ltr'>significatione</span> 
     </span>
    </p>
   </div>
   <div class='ocr_carea' id='block_1_8' title="bbox 687 3270 1237 4363">
    <p class='ocr_par' dir='ltr' id='par_1_12' title="bbox 687 3270 1237 4363">
     <span class='ocr_line' id='line_1_50' title="bbox 689 3270 1237 3332; baseline -0.002 -11"><span class='ocrx_word' id='word_1_360' title='bbox 689 3276 803 3322; x_wconf 73' lang='lat' dir='ltr'>excedere</span> <span class='ocrx_word' id='word_1_361' title='bbox 829 3273 899 3321; x_wconf 82' lang='lat' dir='ltr'>lueis.</span> <span class='ocrx_word' id='word_1_362' title='bbox 942 3270 1011 3319; x_wconf 88' lang='lat' dir='ltr'>Illud</span> <span class='ocrx_word' id='word_1_363' title='bbox 1040 3286 1133 3332; x_wconf 79' lang='lat' dir='ltr'>pareus</span> <span class='ocrx_word' id='word_1_364' title='bbox 1164 3271 1237 3320; x_wconf 88' lang='lat' dir='ltr'>liabet</span> 
     </span>
     <span class='ocr_line' id='line_1_51' title="bbox 689 3349 1237 3399; baseline 0 -1"><span class='ocrx_word' id='word_1_365' title='bbox 689 3351 868 3399; x_wconf 85' lang='lat' dir='ltr'>difficultatem.</span> <span class='ocrx_word' id='word_1_366' title='bbox 902 3350 1019 3397; x_wconf 89' lang='lat' dir='ltr'>Heinsius</span> <span class='ocrx_word' id='word_1_367' title='bbox 1036 3349 1150 3396; x_wconf 84' lang='lat' dir='ltr'>mutabat</span> <span class='ocrx_word' id='word_1_368' title='bbox 1164 3350 1188 3396; x_wconf 92' lang='lat' dir='ltr'>in</span> <span class='ocrx_word' id='word_1_369' title='bbox 1200 3365 1237 3398; x_wconf 81' lang='lat' dir='ltr'>so-</span> 
     </span>
     <span class='ocr_line' id='line_1_52' title="bbox 689 3428 1236 3492; baseline -0.002 -14"><span class='ocrx_word' id='word_1_370' title='bbox 689 3433 752 3488; x_wconf 79' lang='lat' dir='ltr'>leris,</span> <span class='ocrx_word' id='word_1_371' title='bbox 771 3430 811 3478; x_wconf 88' lang='lat' dir='ltr'>vel</span> <span class='ocrx_word' id='word_1_372' title='bbox 826 3444 931 3492; x_wconf 82' lang='lat' dir='ltr'>pareus,</span> <span class='ocrx_word' id='word_1_373' title='bbox 947 3442 997 3476; x_wconf 90' lang='lat' dir='ltr'>non</span> <span class='ocrx_word' id='word_1_374' title='bbox 1015 3428 1236 3477; x_wconf 86' lang='lat' dir='ltr'>assentienteBui··</span> 
     </span>
     <span class='ocr_line' id='line_1_53' title="bbox 689 3506 1237 3571; baseline 0 -15"><span class='ocrx_word' id='word_1_375' title='bbox 689 3524 793 3565; x_wconf 85' lang='lat' dir='ltr'>manno,</span> <span class='ocrx_word' id='word_1_376' title='bbox 818 3509 860 3571; x_wconf 88' lang='lat' dir='ltr'>qui</span> <span class='ocrx_word' id='word_1_377' title='bbox 877 3513 943 3556; x_wconf 88' lang='lat' dir='ltr'>recte</span> <span class='ocrx_word' id='word_1_378' title='bbox 959 3506 1080 3569; x_wconf 86' lang='lat' dir='ltr'>explieat:</span> <span class='ocrx_word' id='word_1_379' title='bbox 1105 3507 1237 3565; x_wconf 73' lang='lat' dir='ltr'>Medoen,</span> 
     </span>
     <span class='ocr_line' id='line_1_54' title="bbox 688 3586 1236 3651; baseline 0 -15"><span class='ocrx_word' id='word_1_380' title='bbox 688 3589 840 3637; x_wconf 83' lang='lat' dir='ltr'>sacerdotem</span> <span class='ocrx_word' id='word_1_381' title='bbox 864 3586 982 3646; x_wconf 81' lang='lat' dir='ltr'>Hecates,</span> <span class='ocrx_word' id='word_1_382' title='bbox 1016 3601 1090 3650; x_wconf 85' lang='lat' dir='ltr'>quarn</span> <span class='ocrx_word' id='word_1_383' title='bbox 1116 3587 1236 3651; x_wconf 81' lang='lat' dir='ltr'>virginem</span> 
     </span>
     <span class='ocr_line' id='line_1_55' title="bbox 689 3666 1236 3733; baseline -0.002 -16"><span class='ocrx_word' id='word_1_384' title='bbox 689 3683 741 3717; x_wconf 88' lang='lat' dir='ltr'>esse</span> <span class='ocrx_word' id='word_1_385' title='bbox 757 3669 897 3733; x_wconf 87' lang='lat' dir='ltr'>oportebat,</span> <span class='ocrx_word' id='word_1_386' title='bbox 922 3667 1002 3715; x_wconf 82' lang='lat' dir='ltr'>visum</span> <span class='ocrx_word' id='word_1_387' title='bbox 1024 3666 1070 3714; x_wconf 88' lang='lat' dir='ltr'>sibi</span> <span class='ocrx_word' id='word_1_388' title='bbox 1090 3666 1146 3714; x_wconf 83' lang='lat' dir='ltr'>luce</span> <span class='ocrx_word' id='word_1_389' title='bbox 1167 3681 1236 3716; x_wconf 83' lang='lat' dir='ltr'>exee-</span> 
     </span>
     <span class='ocr_line' id='line_1_56' title="bbox 688 3744 1236 3812; baseline -0.007 -17"><span class='ocrx_word' id='word_1_390' title='bbox 688 3749 757 3806; x_wconf 86' lang='lat' dir='ltr'>dere,</span> <span class='ocrx_word' id='word_1_391' title='bbox 766 3749 825 3812; x_wconf 83' lang='lat' dir='ltr'>quie</span> <span class='ocrx_word' id='word_1_392' title='bbox 836 3749 867 3796; x_wconf 86' lang='lat' dir='ltr'>ad</span> <span class='ocrx_word' id='word_1_393' title='bbox 877 3747 975 3810; x_wconf 85' lang='lat' dir='ltr'>nuptias</span> <span class='ocrx_word' id='word_1_394' title='bbox 988 3745 1142 3809; x_wconf 87' lang='lat' dir='ltr'>properabat.</span> <span class='ocrx_word' id='word_1_395' title='bbox 1160 3744 1236 3807; x_wconf 81' lang='lat' dir='ltr'>Equi-</span> 
     </span>
     <span class='ocr_line' id='line_1_57' title="bbox 689 3824 1237 3887; baseline -0.007 -13"><span class='ocrx_word' id='word_1_396' title='bbox 689 3828 745 3877; x_wconf 91' lang='lat' dir='ltr'>dem</span> <span class='ocrx_word' id='word_1_397' title='bbox 766 3827 911 3883; x_wconf 87' lang='lat' dir='ltr'>Valerium,</span> <span class='ocrx_word' id='word_1_398' title='bbox 939 3833 966 3873; x_wconf 90' lang='lat' dir='ltr'>ut</span> <span class='ocrx_word' id='word_1_399' title='bbox 991 3839 1074 3887; x_wconf 84' lang='lat' dir='ltr'>saepo,</span> <span class='ocrx_word' id='word_1_400' title='bbox 1100 3824 1237 3872; x_wconf 89' lang='lat' dir='ltr'>llorutiunu</span> 
     </span>
     <span class='ocr_line' id='line_1_58' title="bbox 688 3903 1236 3969; baseline -0.007 -16"><span class='ocrx_word' id='word_1_401' title='bbox 688 3906 822 3968; x_wconf 86' lang='lat' dir='ltr'>respexisse</span> <span class='ocrx_word' id='word_1_402' title='bbox 838 3915 909 3969; x_wconf 86' lang='lat' dir='ltr'>puto,</span> <span class='ocrx_word' id='word_1_403' title='bbox 927 3914 951 3953; x_wconf 87' lang='lat' dir='ltr'>et</span> <span class='ocrx_word' id='word_1_404' title='bbox 968 3903 1091 3966; x_wconf 82' lang='lat' dir='ltr'>scripsisse</span> <span class='ocrx_word' id='word_1_405' title='bbox 1116 3904 1176 3949; x_wconf 75' lang='lat' dir='ltr'>Vua</span> <span class='ocrx_word' id='word_1_406' title='bbox 1191 3917 1236 3963; x_wconf 81' lang='lat' dir='ltr'>pu-</span> 
     </span>
     <span class='ocr_line' id='line_1_59' title="bbox 687 3981 1235 4036; baseline -0.011 -3"><span class='ocrx_word' id='word_1_407' title='bbox 687 4002 745 4034; x_wconf 82' lang='lat' dir='ltr'>rum</span> <span class='ocrx_word' id='word_1_408' title='bbox 756 3988 833 4036; x_wconf 77' lang='lat' dir='ltr'>cristis</span> <span class='ocrx_word' id='word_1_409' title='bbox 844 3987 953 4034; x_wconf 81' lang='lat' dir='ltr'>Hecates</span> <span class='ocrx_word' id='word_1_410' title='bbox 964 3984 1079 4032; x_wconf 72' lang='lat' dir='ltr'>excidere</span> <span class='ocrx_word' id='word_1_411' title='bbox 1091 3983 1161 4030; x_wconf 73' lang='lat' dir='ltr'>lacti</span> <span class='ocrx_word' id='word_1_412' title='bbox 1179 3981 1235 4029; x_wconf 92' lang='lat' dir='ltr'>Non</span> 
     </span>
     <span class='ocr_line' id='line_1_60' title="bbox 688 4059 1236 4127; baseline -0.009 -15"><span class='ocrx_word' id='word_1_413' title='bbox 688 4071 783 4127; x_wconf 90' lang='lat' dir='ltr'>poterat</span> <span class='ocrx_word' id='word_1_414' title='bbox 799 4077 899 4111; x_wconf 89' lang='lat' dir='ltr'>munere</span> <span class='ocrx_word' id='word_1_415' title='bbox 916 4061 942 4108; x_wconf 90' lang='lat' dir='ltr'>in</span> <span class='ocrx_word' id='word_1_416' title='bbox 958 4059 1029 4118; x_wconf 90' lang='lat' dir='ltr'>lucis,</span> <span class='ocrx_word' id='word_1_417' title='bbox 1047 4074 1116 4122; x_wconf 85' lang='lat' dir='ltr'>quos,</span> <span class='ocrx_word' id='word_1_418' title='bbox 1133 4061 1202 4108; x_wconf 84' lang='lat' dir='ltr'>velut</span> <span class='ocrx_word' id='word_1_419' title='bbox 1217 4060 1236 4107; x_wconf 90' lang='lat' dir='ltr'>si</span> 
     </span>
     <span class='ocr_line' id='line_1_61' title="bbox 688 4138 1236 4205; baseline -0.005 -15"><span class='ocrx_word' id='word_1_420' title='bbox 688 4143 737 4190; x_wconf 85' lang='lat' dir='ltr'>iem</span> <span class='ocrx_word' id='word_1_421' title='bbox 755 4141 904 4205; x_wconf 83' lang='lat' dir='ltr'>perfecisset,</span> <span class='ocrx_word' id='word_1_422' title='bbox 921 4139 986 4203; x_wconf 90' lang='lat' dir='ltr'>quod</span> <span class='ocrx_word' id='word_1_423' title='bbox 1003 4138 1139 4203; x_wconf 80' lang='lat' dir='ltr'>cogitabat,</span> <span class='ocrx_word' id='word_1_424' title='bbox 1157 4146 1181 4188; x_wconf 89' lang='lat' dir='ltr'>et</span> <span class='ocrx_word' id='word_1_425' title='bbox 1198 4139 1236 4188; x_wconf 87' lang='lat' dir='ltr'>Iu-</span> 
     </span>
     <span class='ocr_line' id='line_1_62' title="bbox 689 4219 1237 4284; baseline -0.004 -15"><span class='ocrx_word' id='word_1_426' title='bbox 689 4222 741 4270; x_wconf 93' lang='lat' dir='ltr'>soni</span> <span class='ocrx_word' id='word_1_427' title='bbox 757 4219 891 4284; x_wconf 84' lang='lat' dir='ltr'>nupsisset,</span> <span class='ocrx_word' id='word_1_428' title='bbox 909 4234 996 4282; x_wconf 86' lang='lat' dir='ltr'>parurn</span> <span class='ocrx_word' id='word_1_429' title='bbox 1014 4224 1093 4267; x_wconf 86' lang='lat' dir='ltr'>castos</span> <span class='ocrx_word' id='word_1_430' title='bbox 1111 4219 1200 4269; x_wconf 84' lang='lat' dir='ltr'>fecerat</span> <span class='ocrx_word' id='word_1_431' title='bbox 1213 4228 1237 4268; x_wconf 88' lang='lat' dir='ltr'>et</span> 
     </span>
     <span class='ocr_line' id='line_1_63' title="bbox 690 4298 1236 4363; baseline -0.002 -17"><span class='ocrx_word' id='word_1_432' title='bbox 690 4300 760 4363; x_wconf 86' lang='lat' dir='ltr'>quasi</span> <span class='ocrx_word' id='word_1_433' title='bbox 778 4298 826 4348; x_wconf 87' lang='lat' dir='ltr'>iani</span> <span class='ocrx_word' id='word_1_434' title='bbox 844 4299 985 4348; x_wconf 79' lang='lat' dir='ltr'>violaverat.</span> <span class='ocrx_word' id='word_1_435' title='bbox 1021 4298 1062 4348; x_wconf 85' lang='lat' dir='ltr'>Sic</span> <span class='ocrx_word' id='word_1_436' title='bbox 1078 4298 1161 4348; x_wconf 87' lang='lat' dir='ltr'>Diana</span> <span class='ocrx_word' id='word_1_437' title='bbox 1172 4299 1236 4361; x_wconf 86' lang='lat' dir='ltr'>apud</span> 
     </span>
    </p>
   </div>
   <div class='ocr_carea' id='block_1_9' title="bbox 0 0 1462 5220">
    <p class='ocr_par' dir='ltr' id='par_1_13' title="bbox 0 0 1462 5220">
     <span class='ocr_line' id='line_1_64' title="bbox 0 0 1462 5220; baseline 0 0"><span class='ocrx_word' id='word_1_438' title='bbox 0 0 1462 5220; x_wconf 95' lang='lat' dir='ltr'> </span> 
     </span>
    </p>
   </div>
  </div>
 </body>
</html>
