<?xml version="1.0" encoding="UTF-8"?>
<!DOCTYPE html PUBLIC "-//W3C//DTD XHTML 1.0 Transitional//EN"
    "http://www.w3.org/TR/xhtml1/DTD/xhtml1-transitional.dtd">
<html xmlns="http://www.w3.org/1999/xhtml" xml:lang="en" lang="en">
 <head>
  <title>
</title>
<meta http-equiv="Content-Type" content="text/html;charset=utf-8" />
  <meta name='ocr-system' content='tesseract 3.04.00' />
  <meta name='ocr-capabilities' content='ocr_page ocr_carea ocr_par ocr_line ocrx_word'/>
</head>
<body>
  <div class='ocr_page' id='page_1' title='image "./qhoratiiflaccic00horagoog_0068.png"; bbox 0 0 2916 5220; ppageno 0'>
   <div class='ocr_carea' id='block_1_1' title="bbox 607 319 853 383">
    <p class='ocr_par' dir='ltr' id='par_1_1' title="bbox 607 319 853 383">
     <span class='ocr_line' id='line_1_1' title="bbox 607 319 853 383; baseline 0.004 -1"><span class='ocrx_word' id='word_1_1' title='bbox 607 319 782 383; x_wconf 76' lang='lat' dir='ltr'>LIBER</span> <span class='ocrx_word' id='word_1_2' title='bbox 828 322 853 383; x_wconf 93' lang='lat' dir='ltr'>l.</span> 
     </span>
    </p>
   </div>
   <div class='ocr_carea' id='block_1_2' title="bbox 316 505 1037 1088">
    <p class='ocr_par' dir='ltr' id='par_1_2' title="bbox 316 505 1037 1088">
     <span class='ocr_line' id='line_1_2' title="bbox 316 505 832 590; baseline -0.002 -21"><span class='ocrx_word' id='word_1_3' title='bbox 316 575 317 578; x_wconf 8' lang='grc' dir='ltr'><strong>Ἴ</strong></span> <span class='ocrx_word' id='word_1_4' title='bbox 343 505 588 589; x_wconf 81' lang='lat' dir='ltr'>Ventorumque</span> <span class='ocrx_word' id='word_1_5' title='bbox 611 511 704 590; x_wconf 86' lang='lat' dir='ltr'>regat</span> <span class='ocrx_word' id='word_1_6' title='bbox 722 511 832 590; x_wconf 89' lang='lat' dir='ltr'>pater,</span> 
     </span>
     <span class='ocr_line' id='line_1_3' title="bbox 389 607 978 694; baseline 0 -20"><span class='ocrx_word' id='word_1_7' title='bbox 389 607 564 674; x_wconf 87' lang='lat' dir='ltr'>Obstrietis</span> <span class='ocrx_word' id='word_1_8' title='bbox 589 607 663 673; x_wconf 87' lang='lat' dir='ltr'>aliis</span> <span class='ocrx_word' id='word_1_9' title='bbox 687 613 814 693; x_wconf 90' lang='lat' dir='ltr'>praeter</span> <span class='ocrx_word' id='word_1_10' title='bbox 837 608 978 694; x_wconf 82' lang='lat' dir='ltr'>Iapyga,</span> 
     </span>
     <span class='ocr_line' id='line_1_4' title="bbox 344 710 839 796; baseline 0.006 -23"><span class='ocrx_word' id='word_1_11' title='bbox 344 711 462 793; x_wconf 89' lang='lat' dir='ltr'>Navis,</span> <span class='ocrx_word' id='word_1_12' title='bbox 487 733 569 796; x_wconf 88' lang='lat' dir='ltr'>quae</span> <span class='ocrx_word' id='word_1_13' title='bbox 594 710 654 775; x_wconf 89' lang='lat' dir='ltr'>tibi</span> <span class='ocrx_word' id='word_1_14' title='bbox 678 711 839 776; x_wconf 88' lang='lat' dir='ltr'>creditum</span> 
     </span>
     <span class='ocr_line' id='line_1_5' title="bbox 390 813 990 899; baseline 0.003 -20"><span class='ocrx_word' id='word_1_15' title='bbox 390 813 497 879; x_wconf 80' lang='lat' dir='ltr'>Debes</span> <span class='ocrx_word' id='word_1_16' title='bbox 521 813 700 899; x_wconf 85' lang='lat' dir='ltr'><strong>Virgilium</strong></span> <span class='ocrx_word' id='word_1_17' title='bbox 722 814 845 880; x_wconf 91' lang='lat' dir='ltr'>finibus</span> <span class='ocrx_word' id='word_1_18' title='bbox 868 816 990 881; x_wconf 85' lang='lat' dir='ltr'>Atticis</span> 
     </span>
     <span class='ocr_line' id='line_1_6' title="bbox 345 917 870 1003; baseline 0 -21"><span class='ocrx_word' id='word_1_19' title='bbox 345 917 475 983; x_wconf 80' lang='lat' dir='ltr'>Reddas</span> <span class='ocrx_word' id='word_1_20' title='bbox 499 917 717 1000; x_wconf 89' lang='lat' dir='ltr'>incolumem,</span> <span class='ocrx_word' id='word_1_21' title='bbox 742 939 870 1003; x_wconf 86' lang='lat' dir='ltr'>precor,</span> 
     </span>
     <span class='ocr_line' id='line_1_7' title="bbox 386 1020 1037 1088; baseline 0.003 -2"><span class='ocrx_word' id='word_1_22' title='bbox 386 1022 432 1086; x_wconf 81' lang='lat' dir='ltr'>ut</span> <span class='ocrx_word' id='word_1_23' title='bbox 456 1043 563 1087; x_wconf 84' lang='lat' dir='ltr'>serves</span> <span class='ocrx_word' id='word_1_24' title='bbox 587 1020 717 1087; x_wconf 90' lang='lat' dir='ltr'>animae</span> <span class='ocrx_word' id='word_1_25' title='bbox 740 1021 917 1086; x_wconf 73' lang='lat' dir='ltr'>dImidium</span> <span class='ocrx_word' id='word_1_26' title='bbox 939 1045 1037 1088; x_wconf 86' lang='lat' dir='ltr'>meae.</span> 
     </span>
    </p>
   </div>
   <div class='ocr_carea' id='block_1_3' title="bbox 156 1163 1301 4383">
    <p class='ocr_par' dir='ltr' id='par_1_3' title="bbox 156 1163 1301 4383">
     <span class='ocr_line' id='line_1_8' title="bbox 161 1163 1300 1227; baseline 0.002 -14"><span class='ocrx_word' id='word_1_27' title='bbox 161 1163 322 1226; x_wconf 86' lang='lat' dir='ltr'>Oudendorp.</span> <span class='ocrx_word' id='word_1_28' title='bbox 348 1165 379 1212; x_wconf 89' lang='lat' dir='ltr'>ad</span> <span class='ocrx_word' id='word_1_29' title='bbox 404 1163 523 1227; x_wconf 87' lang='lat' dir='ltr'>Appulei.</span> <span class='ocrx_word' id='word_1_30' title='bbox 542 1164 645 1212; x_wconf 88' lang='lat' dir='ltr'>Metam.</span> <span class='ocrx_word' id='word_1_31' title='bbox 663 1164 712 1213; x_wconf 88' lang='lat' dir='ltr'>IX.</span> <span class='ocrx_word' id='word_1_32' title='bbox 750 1165 792 1223; x_wconf 78' lang='lat' dir='ltr'>tis,</span> <span class='ocrx_word' id='word_1_33' title='bbox 805 1170 889 1213; x_wconf 71' lang='lat' dir='ltr'>amtor</span> <span class='ocrx_word' id='word_1_34' title='bbox 902 1167 1037 1225; x_wconf 79' lang='lat' dir='ltr'>obstruere,</span> <span class='ocrx_word' id='word_1_35' title='bbox 1050 1179 1101 1213; x_wconf 90' lang='lat' dir='ltr'>non</span> <span class='ocrx_word' id='word_1_36' title='bbox 1115 1165 1226 1214; x_wconf 86' lang='lat' dir='ltr'>dicimus.</span> <span class='ocrx_word' id='word_1_37' title='bbox 1245 1167 1300 1215; x_wconf 88' lang='lat' dir='ltr'>Ser-</span> 
     </span>
     <span class='ocr_line' id='line_1_9' title="bbox 160 1243 1300 1306; baseline 0.004 -16"><span class='ocrx_word' id='word_1_38' title='bbox 160 1258 221 1306; x_wconf 82' lang='lat' dir='ltr'>pag.</span> <span class='ocrx_word' id='word_1_39' title='bbox 238 1243 294 1295; x_wconf 79' lang='grc'>647.</span> <span class='ocrx_word' id='word_1_40' title='bbox 317 1243 359 1305; x_wconf 91' lang='lat' dir='ltr'>qui</span> <span class='ocrx_word' id='word_1_41' title='bbox 379 1243 512 1306; x_wconf 82' lang='lat' dir='ltr'>vulgatum</span> <span class='ocrx_word' id='word_1_42' title='bbox 529 1249 621 1292; x_wconf 87' lang='lat' dir='ltr'>tuetur.</span> <span class='ocrx_word' id='word_1_43' title='bbox 654 1243 713 1292; x_wconf 87' lang='lat' dir='ltr'>Non</span> <span class='ocrx_word' id='word_1_44' title='bbox 750 1254 835 1289; x_wconf 82' lang='lat' dir='ltr'>remus</span> <span class='ocrx_word' id='word_1_45' title='bbox 852 1243 990 1297; x_wconf 68' lang='lat' dir='ltr'>obstrictis,</span> <span class='ocrx_word' id='word_1_46' title='bbox 1015 1243 1090 1292; x_wconf 88' lang='lat' dir='ltr'>etiarn</span> <span class='ocrx_word' id='word_1_47' title='bbox 1108 1253 1208 1306; x_wconf 83' lang='lat' dir='ltr'>propter</span> <span class='ocrx_word' id='word_1_48' title='bbox 1225 1245 1300 1295; x_wconf 82' lang='lat' dir='ltr'>Grae-</span> 
     </span>
     <span class='ocr_line' id='line_1_10' title="bbox 160 1319 1300 1386; baseline 0.002 -18"><span class='ocrx_word' id='word_1_49' title='bbox 160 1328 255 1370; x_wconf 85' lang='lat' dir='ltr'>temere</span> <span class='ocrx_word' id='word_1_50' title='bbox 268 1321 387 1369; x_wconf 83' lang='lat' dir='ltr'>Horatius</span> <span class='ocrx_word' id='word_1_51' title='bbox 404 1319 537 1382; x_wconf 87' lang='lat' dir='ltr'>appellavit</span> <span class='ocrx_word' id='word_1_52' title='bbox 547 1319 712 1382; x_wconf 75' lang='lat' dir='ltr'>fratreeHe·</span> <span class='ocrx_word' id='word_1_53' title='bbox 749 1332 807 1368; x_wconf 90' lang='lat' dir='ltr'>cum</span> <span class='ocrx_word' id='word_1_54' title='bbox 829 1319 947 1380; x_wconf 76' lang='grc' dir='ltr'>κατέδησε</span> <span class='ocrx_word' id='word_1_55' title='bbox 966 1321 1100 1379; x_wconf 65' lang='grc' dir='ltr'>κελεύθους</span> <span class='ocrx_word' id='word_1_56' title='bbox 1117 1319 1232 1386; x_wconf 79' lang='grc' dir='ltr'>ἀνέρων,</span> <span class='ocrx_word' id='word_1_57' title='bbox 1250 1325 1300 1375; x_wconf 86' lang='grc' dir='ltr'>Ηυ-</span> 
     </span>
     <span class='ocr_line' id='line_1_11' title="bbox 159 1396 1301 1463; baseline 0.001 -13"><span class='ocrx_word' id='word_1_58' title='bbox 159 1403 246 1458; x_wconf 67' lang='lat' dir='ltr'>anae,</span> <span class='ocrx_word' id='word_1_59' title='bbox 270 1400 336 1448; x_wconf 90' lang='lat' dir='ltr'>bona</span> <span class='ocrx_word' id='word_1_60' title='bbox 360 1414 493 1463; x_wconf 86' lang='lat' dir='ltr'>apprecans</span> <span class='ocrx_word' id='word_1_61' title='bbox 518 1400 604 1448; x_wconf 88' lang='lat' dir='ltr'>sidera.</span> <span class='ocrx_word' id='word_1_62' title='bbox 645 1400 713 1448; x_wconf 88' lang='lat' dir='ltr'>Nam</span> <span class='ocrx_word' id='word_1_63' title='bbox 750 1398 826 1455; x_wconf 91' lang='lat' dir='ltr'>meri,</span> <span class='ocrx_word' id='word_1_64' title='bbox 844 1404 869 1446; x_wconf 94' lang='lat' dir='ltr'>et</span> <span class='ocrx_word' id='word_1_65' title='bbox 886 1396 1035 1447; x_wconf 75' lang='lat' dir='ltr'>Callimachi</span> <span class='ocrx_word' id='word_1_66' title='bbox 1047 1398 1301 1461; x_wconf 78' lang='lat' dir='ltr'>HymnODian.230.</span> 
     </span>
     <span class='ocr_line' id='line_1_12' title="bbox 159 1475 1047 1543; baseline -0.002 -15"><span class='ocrx_word' id='word_1_67' title='bbox 159 1479 236 1528; x_wconf 80' lang='lat' dir='ltr'>stella</span> <span class='ocrx_word' id='word_1_68' title='bbox 251 1480 327 1542; x_wconf 82' lang='lat' dir='ltr'>Ipsius</span> <span class='ocrx_word' id='word_1_69' title='bbox 343 1480 467 1538; x_wconf 79' lang='lat' dir='ltr'>Helenae,</span> <span class='ocrx_word' id='word_1_70' title='bbox 491 1494 555 1543; x_wconf 81' lang='lat' dir='ltr'>quae</span> <span class='ocrx_word' id='word_1_71' title='bbox 575 1486 600 1527; x_wconf 89' lang='lat' dir='ltr'>et</span> <span class='ocrx_word' id='word_1_72' title='bbox 617 1479 714 1528; x_wconf 75' lang='lat' dir='ltr'>Urania</span> <span class='ocrx_word' id='word_1_73' title='bbox 752 1476 777 1524; x_wconf 82' lang='lat' dir='ltr'>ol</span> <span class='ocrx_word' id='word_1_74' title='bbox 795 1475 937 1536; x_wconf 78' lang='grc' dir='ltr'><em>κατέδησας</em></span> <span class='ocrx_word' id='word_1_75' title='bbox 955 1476 1047 1536; x_wconf 81' lang='grc' dir='ltr'>ἀήτας.</span> 
     </span>
     <span class='ocr_line' id='line_1_13' title="bbox 159 1556 1300 1621; baseline 0.001 -15"><span class='ocrx_word' id='word_1_76' title='bbox 159 1557 301 1615; x_wconf 82' lang='lat' dir='ltr'>dicebatur,</span> <span class='ocrx_word' id='word_1_77' title='bbox 317 1564 371 1607; x_wconf 88' lang='lat' dir='ltr'>erat</span> <span class='ocrx_word' id='word_1_78' title='bbox 385 1559 533 1621; x_wconf 87' lang='lat' dir='ltr'>peruiciosa:</span> <span class='ocrx_word' id='word_1_79' title='bbox 550 1574 574 1607; x_wconf 88' lang='lat' dir='ltr'>v.</span> <span class='ocrx_word' id='word_1_80' title='bbox 584 1557 668 1608; x_wconf 81' lang='lat' dir='ltr'>schol.</span> <span class='ocrx_word' id='word_1_81' title='bbox 681 1559 713 1607; x_wconf 90' lang='lat' dir='ltr'>ad</span> <span class='ocrx_word' id='word_1_82' title='bbox 783 1558 864 1605; x_wconf 81' lang='lat' dir='ltr'>Debes</span> <span class='ocrx_word' id='word_1_83' title='bbox 873 1559 1009 1619; x_wconf 68' lang='lat' dir='ltr'>Virgilium</span> <span class='ocrx_word' id='word_1_84' title='bbox 1014 1556 1216 1618; x_wconf 80' lang='lat' dir='ltr'>finibusAttict&#39;s</span> <span class='ocrx_word' id='word_1_85' title='bbox 1234 1560 1300 1607; x_wconf 84' lang='lat' dir='ltr'>Red-</span> 
     </span>
     <span class='ocr_line' id='line_1_14' title="bbox 161 1636 1300 1700; baseline 0 -14"><span class='ocrx_word' id='word_1_86' title='bbox 161 1636 235 1686; x_wconf 85' lang='lat' dir='ltr'>Statii</span> <span class='ocrx_word' id='word_1_87' title='bbox 252 1637 331 1686; x_wconf 82' lang='lat' dir='ltr'>Theb.</span> <span class='ocrx_word' id='word_1_88' title='bbox 349 1637 412 1686; x_wconf 91' lang='lat' dir='ltr'>VII.</span> <span class='ocrx_word' id='word_1_89' title='bbox 430 1637 487 1688; x_wconf 79' lang='lat'>792.</span> <span class='ocrx_word' id='word_1_90' title='bbox 522 1638 578 1686; x_wconf 79' lang='lat' dir='ltr'>Scit</span> <span class='ocrx_word' id='word_1_91' title='bbox 592 1639 712 1700; x_wconf 81' lang='lat' dir='ltr'>peritura</span> <span class='ocrx_word' id='word_1_92' title='bbox 748 1637 796 1683; x_wconf 74' lang='lat' dir='ltr'>das</span> <span class='ocrx_word' id='word_1_93' title='bbox 812 1637 966 1685; x_wconf 83' lang='lat' dir='ltr'>incolumem.</span> <span class='ocrx_word' id='word_1_94' title='bbox 999 1637 1167 1699; x_wconf 73' lang='lat' dir='ltr'>Intemretnm</span> <span class='ocrx_word' id='word_1_95' title='bbox 1189 1638 1231 1686; x_wconf 88' lang='lat' dir='ltr'>alii</span> <span class='ocrx_word' id='word_1_96' title='bbox 1248 1638 1300 1686; x_wconf 90' lang='lat' dir='ltr'>iun·</span> 
     </span>
     <span class='ocr_line' id='line_1_15' title="bbox 158 1715 1301 1778; baseline 0.002 -15"><span class='ocrx_word' id='word_1_97' title='bbox 158 1718 237 1775; x_wconf 79' lang='lat' dir='ltr'>ratis,</span> <span class='ocrx_word' id='word_1_98' title='bbox 253 1732 309 1764; x_wconf 84' lang='lat' dir='ltr'>eum</span> <span class='ocrx_word' id='word_1_99' title='bbox 326 1717 378 1764; x_wconf 81' lang='lat' dir='ltr'>inm</span> <span class='ocrx_word' id='word_1_100' title='bbox 394 1717 620 1764; x_wconf 75' lang='lat' dir='ltr'>damnatasorors&#39;s</span> <span class='ocrx_word' id='word_1_101' title='bbox 641 1717 712 1778; x_wconf 67' lang='lat' dir='ltr'>Igne,</span> <span class='ocrx_word' id='word_1_102' title='bbox 749 1718 813 1774; x_wconf 82' lang='lat' dir='ltr'>gunt</span> <span class='ocrx_word' id='word_1_103' title='bbox 829 1715 1004 1776; x_wconf 77' lang='lat' dir='ltr'>deberfirribns</span> <span class='ocrx_word' id='word_1_104' title='bbox 1021 1715 1123 1764; x_wconf 75' lang='lat' dir='ltr'>Atticis.</span> <span class='ocrx_word' id='word_1_105' title='bbox 1158 1715 1208 1765; x_wconf 84' lang='lat' dir='ltr'>Sed</span> <span class='ocrx_word' id='word_1_106' title='bbox 1221 1717 1301 1765; x_wconf 87' lang='lat' dir='ltr'>Hora·</span> 
     </span>
     <span class='ocr_line' id='line_1_16' title="bbox 162 1791 1300 1857; baseline 0.001 -15"><span class='ocrx_word' id='word_1_107' title='bbox 162 1795 310 1856; x_wconf 78' lang='grc' dir='ltr'>ΤΙιεναρυοὶ</span> <span class='ocrx_word' id='word_1_108' title='bbox 328 1795 455 1856; x_wconf 71' lang='lat' dir='ltr'>superant</span> <span class='ocrx_word' id='word_1_109' title='bbox 479 1797 587 1844; x_wconf 83' lang='lat' dir='ltr'>carbasa</span> <span class='ocrx_word' id='word_1_110' title='bbox 601 1793 711 1856; x_wconf 79' lang='lat' dir='ltr'>fratres.</span> <span class='ocrx_word' id='word_1_111' title='bbox 749 1791 798 1838; x_wconf 87' lang='lat' dir='ltr'>tius</span> <span class='ocrx_word' id='word_1_112' title='bbox 806 1791 945 1854; x_wconf 86' lang='lat' dir='ltr'>Virgilium</span> <span class='ocrx_word' id='word_1_113' title='bbox 957 1794 1015 1840; x_wconf 89' lang='lat' dir='ltr'>navi</span> <span class='ocrx_word' id='word_1_114' title='bbox 1024 1800 1151 1856; x_wconf 87' lang='lat' dir='ltr'>tamquam</span> <span class='ocrx_word' id='word_1_115' title='bbox 1162 1796 1300 1857; x_wconf 86' lang='lat' dir='ltr'>depositum</span> 
     </span>
     <span class='ocr_line' id='line_1_17' title="bbox 158 1869 1300 1936; baseline 0 -12"><span class='ocrx_word' id='word_1_116' title='bbox 158 1873 237 1924; x_wconf 86' lang='lat' dir='ltr'>Adde</span> <span class='ocrx_word' id='word_1_117' title='bbox 253 1871 422 1936; x_wconf 77' lang='lat' dir='ltr'>OlympIodor.</span> <span class='ocrx_word' id='word_1_118' title='bbox 440 1873 506 1935; x_wconf 88' lang='lat' dir='ltr'>apud</span> <span class='ocrx_word' id='word_1_119' title='bbox 518 1873 639 1921; x_wconf 91' lang='lat' dir='ltr'>Photium</span> <span class='ocrx_word' id='word_1_120' title='bbox 654 1888 711 1936; x_wconf 81' lang='lat' dir='ltr'>pag.</span> <span class='ocrx_word' id='word_1_121' title='bbox 748 1869 893 1928; x_wconf 87' lang='lat' dir='ltr'>crediderat,</span> <span class='ocrx_word' id='word_1_122' title='bbox 910 1879 938 1919; x_wconf 89' lang='lat' dir='ltr'>ut</span> <span class='ocrx_word' id='word_1_123' title='bbox 946 1872 1006 1920; x_wconf 89' lang='lat' dir='ltr'>Val.</span> <span class='ocrx_word' id='word_1_124' title='bbox 1015 1872 1098 1921; x_wconf 84' lang='lat' dir='ltr'>Flace.</span> <span class='ocrx_word' id='word_1_125' title='bbox 1107 1873 1144 1929; x_wconf 89' lang='lat'>11,</span> <span class='ocrx_word' id='word_1_126' title='bbox 1152 1874 1208 1923; x_wconf 84' lang='lat'>292.</span> <span class='ocrx_word' id='word_1_127' title='bbox 1227 1877 1300 1924; x_wconf 75' lang='lat' dir='ltr'>talin·</span> 
     </span>
     <span class='ocr_line' id='line_1_18' title="bbox 162 1951 1301 2013; baseline 0.001 -13"><span class='ocrx_word' id='word_1_128' title='bbox 162 1953 218 2002; x_wconf 80' lang='lat'>112.</span> <span class='ocrx_word' id='word_1_129' title='bbox 236 1968 273 2002; x_wconf 83' lang='lat' dir='ltr'>vs.</span> <span class='ocrx_word' id='word_1_130' title='bbox 293 1953 331 2001; x_wconf 82' lang='grc'>14.</span> <span class='ocrx_word' id='word_1_131' title='bbox 746 1962 845 2009; x_wconf 81' lang='lat' dir='ltr'>possam</span> <span class='ocrx_word' id='word_1_132' title='bbox 862 1955 887 1998; x_wconf 81' lang='lat' dir='ltr'>te</span> <span class='ocrx_word' id='word_1_133' title='bbox 902 1952 1002 1999; x_wconf 76' lang='lat' dir='ltr'>credere</span> <span class='ocrx_word' id='word_1_134' title='bbox 1015 1953 1112 2013; x_wconf 80' lang='lat' dir='ltr'>puppii</span> <span class='ocrx_word' id='word_1_135' title='bbox 1146 1951 1215 2013; x_wconf 86' lang='lat' dir='ltr'>Ergo</span> <span class='ocrx_word' id='word_1_136' title='bbox 1230 1953 1301 2001; x_wconf 86' lang='lat' dir='ltr'>navis</span> 
     </span>
     <span class='ocr_line' id='line_1_19' title="bbox 198 2024 1300 2096; baseline 0 -16"><span class='ocrx_word' id='word_1_137' title='bbox 198 2033 333 2080; x_wconf 70' lang='lat' dir='ltr'>obstrictis</span> <span class='ocrx_word' id='word_1_138' title='bbox 364 2033 439 2093; x_wconf 65' lang='lat' dir='ltr'>alia,</span> <span class='ocrx_word' id='word_1_139' title='bbox 469 2038 573 2094; x_wconf 83' lang='lat' dir='ltr'>praeter</span> <span class='ocrx_word' id='word_1_140' title='bbox 603 2034 712 2096; x_wconf 75' lang='grc' dir='ltr'>Ιαρρρα,</span> <span class='ocrx_word' id='word_1_141' title='bbox 748 2024 852 2074; x_wconf 85' lang='lat' dir='ltr'>debebat</span> <span class='ocrx_word' id='word_1_142' title='bbox 874 2027 1010 2090; x_wconf 87' lang='lat' dir='ltr'>Virgilium</span> <span class='ocrx_word' id='word_1_143' title='bbox 1032 2029 1150 2087; x_wconf 90' lang='lat' dir='ltr'>Horatio,</span> <span class='ocrx_word' id='word_1_144' title='bbox 1166 2045 1217 2079; x_wconf 89' lang='lat' dir='ltr'>non</span> <span class='ocrx_word' id='word_1_145' title='bbox 1233 2031 1300 2080; x_wconf 85' lang='lat' dir='ltr'>Atti·</span> 
     </span>
     <span class='ocr_line' id='line_1_20' title="bbox 158 2105 1300 2174; baseline 0.002 -18"><span class='ocrx_word' id='word_1_146' title='bbox 158 2109 271 2157; x_wconf 88' lang='lat' dir='ltr'>Imitatio</span> <span class='ocrx_word' id='word_1_147' title='bbox 289 2108 391 2159; x_wconf 88' lang='lat' dir='ltr'>Graeca.</span> <span class='ocrx_word' id='word_1_148' title='bbox 422 2109 541 2174; x_wconf 86' lang='lat' dir='ltr'>Princeps</span> <span class='ocrx_word' id='word_1_149' title='bbox 558 2118 643 2158; x_wconf 87' lang='lat' dir='ltr'>auctor</span> <span class='ocrx_word' id='word_1_150' title='bbox 660 2112 711 2159; x_wconf 91' lang='grc' dir='ltr'>Ηο-</span> <span class='ocrx_word' id='word_1_151' title='bbox 748 2117 798 2152; x_wconf 65' lang='lat' dir='ltr'>cae·</span> <span class='ocrx_word' id='word_1_152' title='bbox 833 2105 887 2153; x_wconf 81' lang='lat' dir='ltr'>Alii</span> <span class='ocrx_word' id='word_1_153' title='bbox 912 2106 1022 2170; x_wconf 71' lang='lat' dir='ltr'>Iungunt</span> <span class='ocrx_word' id='word_1_154' title='bbox 1037 2109 1236 2171; x_wconf 70' lang='lat' dir='ltr'>reddusfinrbas</span> <span class='ocrx_word' id='word_1_155' title='bbox 1253 2109 1300 2158; x_wconf 80' lang='lat' dir='ltr'>Ae-</span> 
     </span>
     <span class='ocr_line' id='line_1_21' title="bbox 158 2184 1299 2252; baseline 0 -15"><span class='ocrx_word' id='word_1_156' title='bbox 158 2201 245 2237; x_wconf 86' lang='lat' dir='ltr'>merns</span> <span class='ocrx_word' id='word_1_157' title='bbox 271 2186 363 2252; x_wconf 86' lang='lat' dir='ltr'>Odyss.</span> <span class='ocrx_word' id='word_1_158' title='bbox 387 2189 418 2237; x_wconf 82' lang='lat' dir='ltr'>E.</span> <span class='ocrx_word' id='word_1_159' title='bbox 444 2189 502 2238; x_wconf 85' lang='grc'>383,</span> <span class='ocrx_word' id='word_1_160' title='bbox 533 2188 567 2237; x_wconf 82' lang='grc' dir='ltr'>Ἠ</span> <span class='ocrx_word' id='word_1_161' title='bbox 594 2208 633 2238; x_wconf 69' lang='grc' dir='ltr'>τοι</span> <span class='ocrx_word' id='word_1_162' title='bbox 659 2195 711 2239; x_wconf 69' lang='grc' dir='ltr'>τῶν</span> <span class='ocrx_word' id='word_1_163' title='bbox 749 2184 814 2232; x_wconf 79' lang='lat' dir='ltr'>tisis.</span> <span class='ocrx_word' id='word_1_164' title='bbox 848 2184 896 2234; x_wconf 88' lang='lat' dir='ltr'>Sed</span> <span class='ocrx_word' id='word_1_165' title='bbox 914 2186 1052 2235; x_wconf 86' lang='lat' dir='ltr'>reddendus</span> <span class='ocrx_word' id='word_1_166' title='bbox 1069 2195 1121 2236; x_wconf 88' lang='lat' dir='ltr'>erat</span> <span class='ocrx_word' id='word_1_167' title='bbox 1138 2189 1173 2245; x_wconf 88' lang='lat' dir='ltr'>ei,</span> <span class='ocrx_word' id='word_1_168' title='bbox 1191 2190 1232 2252; x_wconf 89' lang='lat' dir='ltr'>qui</span> <span class='ocrx_word' id='word_1_169' title='bbox 1249 2203 1299 2238; x_wconf 89' lang='lat' dir='ltr'>cre-</span> 
     </span>
     <span class='ocr_line' id='line_1_22' title="bbox 158 2261 1300 2331; baseline 0.004 -15"><span class='ocrx_word' id='word_1_170' title='bbox 158 2267 253 2316; x_wconf 81' lang='grc' dir='ltr'>ἆλλων</span> <span class='ocrx_word' id='word_1_171' title='bbox 282 2265 386 2331; x_wconf 81' lang='grc' dir='ltr'>ἀνέμων</span> <span class='ocrx_word' id='word_1_172' title='bbox 419 2266 539 2326; x_wconf 79' lang='grc' dir='ltr'><em>κατέδησε</em></span> <span class='ocrx_word' id='word_1_173' title='bbox 567 2267 710 2325; x_wconf 64' lang='grc' dir='ltr'>κελεύθους.</span> <span class='ocrx_word' id='word_1_174' title='bbox 748 2261 857 2320; x_wconf 61' lang='lat' dir='ltr'>diderat,</span> <span class='ocrx_word' id='word_1_175' title='bbox 874 2279 924 2312; x_wconf 82' lang='lat' dir='ltr'>¹¹0ss</span> <span class='ocrx_word' id='word_1_176' title='bbox 949 2266 1056 2315; x_wconf 71' lang='lat' dir='ltr'>Atticae·</span> <span class='ocrx_word' id='word_1_177' title='bbox 1090 2267 1249 2331; x_wconf 73' lang='lat' dir='ltr'>Quamquam</span> <span class='ocrx_word' id='word_1_178' title='bbox 1271 2269 1300 2317; x_wconf 86' lang='lat' dir='ltr'>il·</span> 
     </span>
     <span class='ocr_line' id='line_1_23' title="bbox 156 2339 1301 2411; baseline 0.001 -17"><span class='ocrx_word' id='word_1_179' title='bbox 156 2343 235 2410; x_wconf 86' lang='grc' dir='ltr'>Ὠρσε</span> <span class='ocrx_word' id='word_1_180' title='bbox 252 2344 273 2394; x_wconf 80' lang='grc' dir='ltr'>δ’</span> <span class='ocrx_word' id='word_1_181' title='bbox 289 2345 333 2394; x_wconf 81' lang='grc' dir='ltr'>ἐπὶ</span> <span class='ocrx_word' id='word_1_182' title='bbox 350 2347 478 2410; x_wconf 83' lang='grc' dir='ltr'>κραιπνὸν</span> <span class='ocrx_word' id='word_1_183' title='bbox 496 2345 599 2411; x_wconf 82' lang='grc' dir='ltr'>Βορέην.</span> <span class='ocrx_word' id='word_1_184' title='bbox 632 2347 711 2410; x_wconf 82' lang='lat' dir='ltr'>Apol·</span> <span class='ocrx_word' id='word_1_185' title='bbox 748 2339 792 2388; x_wconf 88' lang='lat' dir='ltr'>lud</span> <span class='ocrx_word' id='word_1_186' title='bbox 817 2345 909 2392; x_wconf 77' lang='lat' dir='ltr'>reddas</span> <span class='ocrx_word' id='word_1_187' title='bbox 927 2344 1027 2406; x_wconf 79' lang='lat' dir='ltr'>finibus</span> <span class='ocrx_word' id='word_1_188' title='bbox 1051 2346 1151 2395; x_wconf 75' lang='lat' dir='ltr'>titie&#39;cis</span> <span class='ocrx_word' id='word_1_189' title='bbox 1175 2357 1301 2409; x_wconf 84' lang='lat' dir='ltr'>exponant</span> 
     </span>
     <span class='ocr_line' id='line_1_24' title="bbox 158 2420 1300 2488; baseline 0.007 -22"><span class='ocrx_word' id='word_1_190' title='bbox 158 2425 242 2474; x_wconf 82' lang='lat' dir='ltr'>Ionius</span> <span class='ocrx_word' id='word_1_191' title='bbox 264 2424 376 2473; x_wconf 80' lang='lat' dir='ltr'>Rhodius</span> <span class='ocrx_word' id='word_1_192' title='bbox 397 2425 446 2474; x_wconf 82' lang='lat' dir='ltr'>IV,</span> <span class='ocrx_word' id='word_1_193' title='bbox 476 2425 575 2488; x_wconf 79' lang='lat' dir='ltr'>Argon,</span> <span class='ocrx_word' id='word_1_194' title='bbox 595 2426 652 2477; x_wconf 77' lang='grc'><strong>765,</strong></span> <span class='ocrx_word' id='word_1_195' title='bbox 686 2427 712 2484; x_wconf 69' lang='grc' dir='ltr'>ἐς</span> <span class='ocrx_word' id='word_1_196' title='bbox 747 2420 776 2466; x_wconf 82' lang='lat' dir='ltr'>in</span> <span class='ocrx_word' id='word_1_197' title='bbox 794 2423 894 2470; x_wconf 79' lang='lat' dir='ltr'>Atticos</span> <span class='ocrx_word' id='word_1_198' title='bbox 912 2423 980 2484; x_wconf 77' lang='lat' dir='ltr'>fines</span> <span class='ocrx_word' id='word_1_199' title='bbox 1001 2423 1125 2485; x_wconf 58' lang='lat' dir='ltr'>perferas.</span> <span class='ocrx_word' id='word_1_200' title='bbox 1160 2424 1232 2485; x_wconf 85' lang='lat' dir='ltr'>Quod</span> <span class='ocrx_word' id='word_1_201' title='bbox 1254 2441 1300 2488; x_wconf 86' lang='lat' dir='ltr'>ego</span> 
     </span>
     <span class='ocr_line' id='line_1_25' title="bbox 157 2498 1300 2568; baseline 0.006 -23"><span class='ocrx_word' id='word_1_202' title='bbox 157 2504 256 2553; x_wconf 70' lang='grc' dir='ltr'>Αἴολον</span> <span class='ocrx_word' id='word_1_203' title='bbox 276 2505 372 2553; x_wconf 64' lang='grc' dir='ltr'>ἐλθεῖν·</span> <span class='ocrx_word' id='word_1_204' title='bbox 411 2504 519 2566; x_wconf 68' lang='grc' dir='ltr'>Αἴολον,</span> <span class='ocrx_word' id='word_1_205' title='bbox 539 2503 591 2553; x_wconf 56' lang='lat' dir='ltr'>tas</span> <span class='ocrx_word' id='word_1_206' title='bbox 609 2503 712 2568; x_wconf 64' lang='grc' dir='ltr'>ἀνέμοις</span> <span class='ocrx_word' id='word_1_207' title='bbox 748 2512 791 2559; x_wconf 92' lang='lat' dir='ltr'>per</span> <span class='ocrx_word' id='word_1_208' title='bbox 807 2498 966 2548; x_wconf 86' lang='lat' dir='ltr'>Latinitatem</span> <span class='ocrx_word' id='word_1_209' title='bbox 977 2515 1027 2548; x_wconf 90' lang='lat' dir='ltr'>non</span> <span class='ocrx_word' id='word_1_210' title='bbox 1042 2502 1114 2551; x_wconf 84' lang='lat' dir='ltr'>licere</span> <span class='ocrx_word' id='word_1_211' title='bbox 1127 2503 1300 2562; x_wconf 88' lang='lat' dir='ltr'>arbitror,nisi</span> 
     </span>
     <span class='ocr_line' id='line_1_26' title="bbox 158 2577 1301 2648; baseline 0.006 -23"><span class='ocrx_word' id='word_1_212' title='bbox 158 2581 367 2648; x_wconf 60' lang='grc' dir='ltr'>αἰθρηγενέεσσιν</span> <span class='ocrx_word' id='word_1_213' title='bbox 391 2582 506 2632; x_wconf 78' lang='grc' dir='ltr'>ἀνάσσει.</span> <span class='ocrx_word' id='word_1_214' title='bbox 549 2584 599 2630; x_wconf 72' lang='grc' dir='ltr'>Καὶ</span> <span class='ocrx_word' id='word_1_215' title='bbox 625 2583 650 2632; x_wconf 78' lang='grc' dir='ltr'>δὲ</span> <span class='ocrx_word' id='word_1_216' title='bbox 674 2586 715 2648; x_wconf 69' lang='grc' dir='ltr'>τῷ</span> <span class='ocrx_word' id='word_1_217' title='bbox 748 2577 836 2625; x_wconf 86' lang='lat' dir='ltr'>Attica</span> <span class='ocrx_word' id='word_1_218' title='bbox 852 2577 925 2627; x_wconf 77' lang='lat' dir='ltr'>fuerit</span> <span class='ocrx_word' id='word_1_219' title='bbox 941 2580 1022 2641; x_wconf 71' lang='lat' dir='ltr'>patriti</span> <span class='ocrx_word' id='word_1_220' title='bbox 1037 2580 1154 2642; x_wconf 77' lang='lat' dir='ltr'>Virgilii,</span> <span class='ocrx_word' id='word_1_221' title='bbox 1180 2583 1220 2630; x_wconf 78' lang='lat' dir='ltr'>cui</span> <span class='ocrx_word' id='word_1_222' title='bbox 1245 2591 1301 2646; x_wconf 75' lang='lat' dir='ltr'>post</span> 
     </span>
     <span class='ocr_line' id='line_1_27' title="bbox 158 2656 1300 2726; baseline 0.008 -24"><span class='ocrx_word' id='word_1_223' title='bbox 158 2660 290 2726; x_wconf 70' lang='grc' dir='ltr'>εἰπέμεναι</span> <span class='ocrx_word' id='word_1_224' title='bbox 305 2662 424 2726; x_wconf 76' lang='grc' dir='ltr'>τὸνέμὸν</span> <span class='ocrx_word' id='word_1_225' title='bbox 435 2661 511 2725; x_wconf 59' lang='grc' dir='ltr'>νόον,</span> <span class='ocrx_word' id='word_1_226' title='bbox 529 2662 564 2720; x_wconf 77' lang='grc' dir='ltr'>ὥς</span> <span class='ocrx_word' id='word_1_227' title='bbox 574 2680 618 2712; x_wconf 66' lang='grc' dir='ltr'>κεν</span> <span class='ocrx_word' id='word_1_228' title='bbox 629 2661 713 2722; x_wconf 71' lang='grc' dir='ltr'>ἀήρ-ας</span> <span class='ocrx_word' id='word_1_229' title='bbox 748 2656 849 2717; x_wconf 65' lang='lat' dir='ltr'>longam</span> <span class='ocrx_word' id='word_1_230' title='bbox 860 2658 996 2706; x_wconf 71' lang='lat' dir='ltr'>absentiam</span> <span class='ocrx_word' id='word_1_231' title='bbox 1007 2659 1157 2709; x_wconf 63' lang='lat' dir='ltr'>redderetur.</span> <span class='ocrx_word' id='word_1_232' title='bbox 1185 2661 1300 2711; x_wconf 77' lang='lat' dir='ltr'>Verbum</span> 
     </span>
     <span class='ocr_line' id='line_1_28' title="bbox 159 2737 1300 2806; baseline 0.002 -17"><span class='ocrx_word' id='word_1_233' title='bbox 159 2738 270 2799; x_wconf 81' lang='grc' dir='ltr'>Πάντας</span> <span class='ocrx_word' id='word_1_234' title='bbox 287 2739 442 2800; x_wconf 77' lang='grc' dir='ltr'>ἀπολύξειεν</span> <span class='ocrx_word' id='word_1_235' title='bbox 458 2739 503 2789; x_wconf 85' lang='grc' dir='ltr'>ὑπ’</span> <span class='ocrx_word' id='word_1_236' title='bbox 521 2739 582 2806; x_wconf 81' lang='grc' dir='ltr'>ἠέρι,</span> <span class='ocrx_word' id='word_1_237' title='bbox 598 2740 660 2806; x_wconf 76' lang='grc' dir='ltr'>μηδέ</span> <span class='ocrx_word' id='word_1_238' title='bbox 674 2760 711 2800; x_wconf 73' lang='grc' dir='ltr'>τις</span> <span class='ocrx_word' id='word_1_239' title='bbox 748 2737 821 2784; x_wconf 84' lang='lat' dir='ltr'>reddi</span> <span class='ocrx_word' id='word_1_240' title='bbox 845 2751 974 2799; x_wconf 88' lang='lat' dir='ltr'>nunquam</span> <span class='ocrx_word' id='word_1_241' title='bbox 992 2737 1063 2786; x_wconf 88' lang='lat' dir='ltr'>aliter</span> <span class='ocrx_word' id='word_1_242' title='bbox 1084 2740 1209 2803; x_wconf 71' lang='lat' dir='ltr'>accipitur.</span> <span class='ocrx_word' id='word_1_243' title='bbox 1227 2741 1300 2805; x_wconf 85' lang='lat' dir='ltr'>Virg.</span> 
     </span>
     <span class='ocr_line' id='line_1_29' title="bbox 159 2813 1300 2885; baseline 0.003 -18"><span class='ocrx_word' id='word_1_244' title='bbox 159 2819 225 2884; x_wconf 75' lang='grc' dir='ltr'>αὔρη</span> <span class='ocrx_word' id='word_1_245' title='bbox 251 2820 376 2885; x_wconf 80' lang='grc' dir='ltr'>Τρηχύνοι</span> <span class='ocrx_word' id='word_1_246' title='bbox 401 2819 529 2884; x_wconf 75' lang='grc' dir='ltr'>πέλαγος,</span> <span class='ocrx_word' id='word_1_247' title='bbox 552 2819 662 2885; x_wconf 80' lang='grc' dir='ltr'>Ζεφύρου</span> <span class='ocrx_word' id='word_1_248' title='bbox 684 2840 711 2885; x_wconf 83' lang='grc' dir='ltr'>γε</span> <span class='ocrx_word' id='word_1_249' title='bbox 747 2813 796 2865; x_wconf 82' lang='lat' dir='ltr'>VI.</span> <span class='ocrx_word' id='word_1_250' title='bbox 830 2816 896 2865; x_wconf 84' lang='lat' dir='ltr'>Aen.</span> <span class='ocrx_word' id='word_1_251' title='bbox 917 2818 953 2867; x_wconf 88' lang='grc'>18,</span> <span class='ocrx_word' id='word_1_252' title='bbox 983 2819 1110 2867; x_wconf 73' lang='lat' dir='ltr'>Redditur</span> <span class='ocrx_word' id='word_1_253' title='bbox 1126 2822 1167 2870; x_wconf 82' lang='lat' dir='ltr'>bie</span> <span class='ocrx_word' id='word_1_254' title='bbox 1188 2824 1300 2883; x_wconf 82' lang='lat' dir='ltr'>primam</span> 
     </span>
     <span class='ocr_line' id='line_1_30' title="bbox 158 2895 1300 2964; baseline 0.003 -18"><span class='ocrx_word' id='word_1_255' title='bbox 158 2901 209 2963; x_wconf 76' lang='grc' dir='ltr'>μὲν</span> <span class='ocrx_word' id='word_1_256' title='bbox 226 2899 300 2964; x_wconf 79' lang='grc' dir='ltr'>οὖρος</span> <span class='ocrx_word' id='word_1_257' title='bbox 318 2897 486 2964; x_wconf 76' lang='grc' dir='ltr'>ἁήτω,”ορρ’</span> <span class='ocrx_word' id='word_1_258' title='bbox 503 2895 529 2947; x_wconf 78' lang='grc' dir='ltr'>οἵ</span> <span class='ocrx_word' id='word_1_259' title='bbox 542 2896 565 2962; x_wconf 77' lang='grc' dir='ltr'>γ’</span> <span class='ocrx_word' id='word_1_260' title='bbox 582 2896 711 2950; x_wconf 79' lang='grc' dir='ltr'>Ἀλκινόου</span> <span class='ocrx_word' id='word_1_261' title='bbox 748 2898 834 2945; x_wconf 61' lang='lat' dir='ltr'>Verrit-</span> <span class='ocrx_word' id='word_1_262' title='bbox 867 2898 995 2947; x_wconf 73' lang='lat' dir='ltr'>Daedalus</span> <span class='ocrx_word' id='word_1_263' title='bbox 1028 2912 1129 2961; x_wconf 82' lang='lat' dir='ltr'>nempe,</span> <span class='ocrx_word' id='word_1_264' title='bbox 1161 2901 1204 2963; x_wconf 90' lang='lat' dir='ltr'>qui</span> <span class='ocrx_word' id='word_1_265' title='bbox 1229 2902 1300 2950; x_wconf 81' lang='lat' dir='ltr'>terris</span> 
     </span>
     <span class='ocr_line' id='line_1_31' title="bbox 159 2974 1300 3040; baseline 0.001 -14"><span class='ocrx_word' id='word_1_266' title='bbox 159 2977 286 3038; x_wconf 78' lang='grc' dir='ltr'>Φαεὴκιὸα</span> <span class='ocrx_word' id='word_1_267' title='bbox 301 2983 384 3038; x_wconf 80' lang='grc' dir='ltr'>νῆσον</span> <span class='ocrx_word' id='word_1_268' title='bbox 398 2977 514 3027; x_wconf 79' lang='grc' dir='ltr'>ἵκωνται.</span> <span class='ocrx_word' id='word_1_269' title='bbox 547 2978 635 3040; x_wconf 86' lang='lat' dir='ltr'>Neque</span> <span class='ocrx_word' id='word_1_270' title='bbox 651 2978 711 3028; x_wconf 86' lang='lat' dir='ltr'>haee</span> <span class='ocrx_word' id='word_1_271' title='bbox 748 2974 853 3033; x_wconf 86' lang='lat' dir='ltr'>relictis,</span> <span class='ocrx_word' id='word_1_272' title='bbox 869 2977 911 3024; x_wconf 91' lang='lat' dir='ltr'>diu</span> <span class='ocrx_word' id='word_1_273' title='bbox 927 2978 953 3024; x_wconf 95' lang='lat' dir='ltr'>in</span> <span class='ocrx_word' id='word_1_274' title='bbox 970 2978 1039 3026; x_wconf 86' lang='lat' dir='ltr'>coelo</span> <span class='ocrx_word' id='word_1_275' title='bbox 1055 2978 1190 3028; x_wconf 84' lang='lat' dir='ltr'>volaverat.</span> <span class='ocrx_word' id='word_1_276' title='bbox 1215 2980 1300 3028; x_wconf 90' lang='lat' dir='ltr'>Minus</span> 
     </span>
     <span class='ocr_line' id='line_1_32' title="bbox 158 3055 1300 3122; baseline 0.001 -17"><span class='ocrx_word' id='word_1_277' title='bbox 158 3059 287 3122; x_wconf 86' lang='lat' dir='ltr'>incognita</span> <span class='ocrx_word' id='word_1_278' title='bbox 302 3066 373 3108; x_wconf 86' lang='lat' dir='ltr'>erant</span> <span class='ocrx_word' id='word_1_279' title='bbox 391 3057 471 3109; x_wconf 82' lang='lat' dir='ltr'>Statio</span> <span class='ocrx_word' id='word_1_280' title='bbox 487 3058 538 3106; x_wconf 93' lang='grc' dir='ltr'>ΙΠ.</span> <span class='ocrx_word' id='word_1_281' title='bbox 557 3057 618 3108; x_wconf 77' lang='lat' dir='ltr'>silv.</span> <span class='ocrx_word' id='word_1_282' title='bbox 632 3059 656 3109; x_wconf 79' lang='lat'>2.</span> <span class='ocrx_word' id='word_1_283' title='bbox 670 3059 709 3106; x_wconf 75' lang='lat' dir='ltr'>tr.</span> <span class='ocrx_word' id='word_1_284' title='bbox 747 3059 812 3102; x_wconf 86' lang='lat' dir='ltr'>recte</span> <span class='ocrx_word' id='word_1_285' title='bbox 831 3055 910 3114; x_wconf 73' lang='lat' dir='ltr'>Seru,</span> <span class='ocrx_word' id='word_1_286' title='bbox 929 3057 972 3119; x_wconf 93' lang='lat' dir='ltr'>qui</span> <span class='ocrx_word' id='word_1_287' title='bbox 989 3063 1013 3105; x_wconf 90' lang='lat' dir='ltr'>et</span> <span class='ocrx_word' id='word_1_288' title='bbox 1030 3057 1055 3105; x_wconf 93' lang='lat' dir='ltr'>h.</span> <span class='ocrx_word' id='word_1_289' title='bbox 1072 3057 1090 3106; x_wconf 92' lang='grc'>1,</span> <span class='ocrx_word' id='word_1_290' title='bbox 1107 3057 1204 3106; x_wconf 86' lang='lat' dir='ltr'>Horatii</span> <span class='ocrx_word' id='word_1_291' title='bbox 1222 3057 1300 3115; x_wconf 87' lang='lat' dir='ltr'>affert,</span> 
     </span>
     <span class='ocr_line' id='line_1_33' title="bbox 158 3132 1298 3200; baseline -0.001 -15"><span class='ocrx_word' id='word_1_292' title='bbox 158 3137 200 3184; x_wconf 84' lang='lat' dir='ltr'>Et</span> <span class='ocrx_word' id='word_1_293' title='bbox 222 3142 300 3200; x_wconf 77' lang='lat' dir='ltr'>pater</span> <span class='ocrx_word' id='word_1_294' title='bbox 316 3140 403 3187; x_wconf 78' lang='lat' dir='ltr'>Aeolio</span> <span class='ocrx_word' id='word_1_295' title='bbox 420 3137 527 3200; x_wconf 69' lang='lat' dir='ltr'>frangit</span> <span class='ocrx_word' id='word_1_296' title='bbox 548 3139 591 3199; x_wconf 84' lang='lat' dir='ltr'>qui</span> <span class='ocrx_word' id='word_1_297' title='bbox 613 3152 712 3187; x_wconf 76' lang='lat' dir='ltr'>caraem</span> <span class='ocrx_word' id='word_1_298' title='bbox 747 3132 856 3195; x_wconf 83' lang='lat' dir='ltr'>explicat</span> <span class='ocrx_word' id='word_1_299' title='bbox 873 3136 919 3184; x_wconf 79' lang='lat' dir='ltr'>“da</span> <span class='ocrx_word' id='word_1_300' title='bbox 935 3138 1016 3184; x_wconf 80' lang='lat' dir='ltr'>alieno</span> <span class='ocrx_word' id='word_1_301' title='bbox 1032 3137 1152 3185; x_wconf 82' lang='lat' dir='ltr'>elemento</span> <span class='ocrx_word' id='word_1_302' title='bbox 1163 3137 1191 3183; x_wconf 83' lang='lat' dir='ltr'>in</span> <span class='ocrx_word' id='word_1_303' title='bbox 1201 3138 1298 3186; x_wconf 49' lang='lat' dir='ltr'>enarra*</span> 
     </span>
     <span class='ocr_line' id='line_1_34' title="bbox 157 3213 1300 3277; baseline 0.001 -13"><span class='ocrx_word' id='word_1_304' title='bbox 157 3220 364 3267; x_wconf 71' lang='lat' dir='ltr'>ventosarcttus</span> <span class='ocrx_word' id='word_1_305' title='bbox 374 3220 473 3272; x_wconf 79' lang='lat' dir='ltr'>obiecto,</span> <span class='ocrx_word' id='word_1_306' title='bbox 487 3217 590 3264; x_wconf 80' lang='lat' dir='ltr'>Borean</span> <span class='ocrx_word' id='word_1_307' title='bbox 599 3218 711 3264; x_wconf 82' lang='lat' dir='ltr'>Earum·</span> <span class='ocrx_word' id='word_1_308' title='bbox 748 3213 807 3262; x_wconf 76' lang='lat' dir='ltr'>vn.</span> <span class='ocrx_word' id='word_1_309' title='bbox 837 3213 922 3263; x_wconf 82' lang='lat' dir='ltr'>Flaec.</span> <span class='ocrx_word' id='word_1_310' title='bbox 952 3215 986 3265; x_wconf 89' lang='lat' dir='ltr'>V.</span> <span class='ocrx_word' id='word_1_311' title='bbox 1018 3216 1116 3277; x_wconf 86' lang='lat' dir='ltr'>Argon.</span> <span class='ocrx_word' id='word_1_312' title='bbox 1141 3216 1198 3264; x_wconf 74' lang='lat'>294.</span> <span class='ocrx_word' id='word_1_313' title='bbox 1225 3217 1300 3265; x_wconf 69' lang='lat' dir='ltr'>licem</span> 
     </span>
     <span class='ocr_line' id='line_1_35' title="bbox 158 3292 1298 3358; baseline 0.004 -19"><span class='ocrx_word' id='word_1_314' title='bbox 158 3309 206 3356; x_wconf 80' lang='lat' dir='ltr'>qne</span> <span class='ocrx_word' id='word_1_315' title='bbox 233 3296 377 3358; x_wconf 76' lang='lat' dir='ltr'>Notumque</span> <span class='ocrx_word' id='word_1_316' title='bbox 410 3292 499 3343; x_wconf 80' lang='lat' dir='ltr'>Monte</span> <span class='ocrx_word' id='word_1_317' title='bbox 514 3298 624 3355; x_wconf 80' lang='lat' dir='ltr'>premat.</span> <span class='ocrx_word' id='word_1_318' title='bbox 658 3294 712 3342; x_wconf 84' lang='lat' dir='ltr'>Soli</span> <span class='ocrx_word' id='word_1_319' title='bbox 750 3293 843 3342; x_wconf 79' lang='lat' dir='ltr'>Graiis</span> <span class='ocrx_word' id='word_1_320' title='bbox 860 3300 889 3342; x_wconf 82' lang='lat' dir='ltr'>ut</span> <span class='ocrx_word' id='word_1_321' title='bbox 905 3297 1008 3344; x_wconf 82' lang='lat' dir='ltr'>reddere</span> <span class='ocrx_word' id='word_1_322' title='bbox 1025 3297 1101 3343; x_wconf 77' lang='lat' dir='ltr'>terris</span> <span class='ocrx_word' id='word_1_323' title='bbox 1113 3295 1246 3343; x_wconf 82' lang='lat' dir='ltr'>Aesonium</span> <span class='ocrx_word' id='word_1_324' title='bbox 1259 3310 1298 3343; x_wconf 86' lang='grc' dir='ltr'>ου-</span> 
     </span>
     <span class='ocr_line' id='line_1_36' title="bbox 159 3371 1299 3437; baseline 0.002 -17"><span class='ocrx_word' id='word_1_325' title='bbox 159 3373 278 3435; x_wconf 79' lang='lat' dir='ltr'>Zepbyro</span> <span class='ocrx_word' id='word_1_326' title='bbox 293 3375 328 3420; x_wconf 85' lang='lat' dir='ltr'>rit</span> <span class='ocrx_word' id='word_1_327' title='bbox 342 3375 415 3435; x_wconf 79' lang='lat' dir='ltr'>copta</span> <span class='ocrx_word' id='word_1_328' title='bbox 427 3375 494 3422; x_wconf 84' lang='lat' dir='ltr'>coeli.</span> <span class='ocrx_word' id='word_1_329' title='bbox 520 3373 551 3420; x_wconf 90' lang='lat' dir='ltr'>In</span> <span class='ocrx_word' id='word_1_330' title='bbox 563 3371 711 3434; x_wconf 89' lang='lat' dir='ltr'>quibusdam</span> <span class='ocrx_word' id='word_1_331' title='bbox 746 3378 802 3434; x_wconf 83' lang='lat' dir='ltr'>pat.</span> <span class='ocrx_word' id='word_1_332' title='bbox 836 3373 897 3422; x_wconf 90' lang='lat' dir='ltr'>Alia</span> <span class='ocrx_word' id='word_1_333' title='bbox 912 3375 969 3422; x_wconf 86' lang='lat' dir='ltr'>ride</span> <span class='ocrx_word' id='word_1_334' title='bbox 986 3373 1051 3437; x_wconf 90' lang='lat' dir='ltr'>apud</span> <span class='ocrx_word' id='word_1_335' title='bbox 1069 3372 1138 3423; x_wconf 86' lang='lat' dir='ltr'>Cort.</span> <span class='ocrx_word' id='word_1_336' title='bbox 1155 3373 1186 3420; x_wconf 88' lang='lat' dir='ltr'>ad</span> <span class='ocrx_word' id='word_1_337' title='bbox 1203 3373 1299 3423; x_wconf 86' lang='lat' dir='ltr'>Lucan.</span> 
     </span>
     <span class='ocr_line' id='line_1_37' title="bbox 158 3450 1300 3514; baseline 0.001 -15"><span class='ocrx_word' id='word_1_338' title='bbox 158 3450 239 3501; x_wconf 84' lang='lat' dir='ltr'>MSS.</span> <span class='ocrx_word' id='word_1_339' title='bbox 260 3451 383 3514; x_wconf 87' lang='lat' dir='ltr'>reperitur</span> <span class='ocrx_word' id='word_1_340' title='bbox 402 3453 541 3500; x_wconf 77' lang='lat' dir='ltr'>obstructis.</span> <span class='ocrx_word' id='word_1_341' title='bbox 576 3451 607 3499; x_wconf 89' lang='lat' dir='ltr'>In</span> <span class='ocrx_word' id='word_1_342' title='bbox 625 3450 711 3500; x_wconf 86' lang='lat' dir='ltr'>Servio</span> <span class='ocrx_word' id='word_1_343' title='bbox 748 3450 784 3500; x_wconf 86' lang='grc' dir='ltr'>Π.</span> <span class='ocrx_word' id='word_1_344' title='bbox 809 3452 866 3501; x_wconf 84' lang='lat'>218.</span> <span class='ocrx_word' id='word_1_345' title='bbox 901 3452 998 3501; x_wconf 86' lang='lat' dir='ltr'>Duker.</span> <span class='ocrx_word' id='word_1_346' title='bbox 1023 3453 1054 3499; x_wconf 85' lang='lat' dir='ltr'>ad</span> <span class='ocrx_word' id='word_1_347' title='bbox 1079 3451 1148 3500; x_wconf 81' lang='lat' dir='ltr'>Flos.</span> <span class='ocrx_word' id='word_1_348' title='bbox 1167 3451 1217 3499; x_wconf 91' lang='lat' dir='ltr'>III.</span> <span class='ocrx_word' id='word_1_349' title='bbox 1233 3452 1257 3500; x_wconf 87' lang='grc'>6.</span> <span class='ocrx_word' id='word_1_350' title='bbox 1275 3463 1300 3500; x_wconf 88' lang='lat' dir='ltr'>et</span> 
     </span>
     <span class='ocr_line' id='line_1_38' title="bbox 158 3529 1298 3595; baseline 0.002 -17"><span class='ocrx_word' id='word_1_351' title='bbox 158 3531 191 3578; x_wconf 84' lang='lat' dir='ltr'>ad</span> <span class='ocrx_word' id='word_1_352' title='bbox 208 3530 303 3594; x_wconf 84' lang='lat' dir='ltr'>Virgil.</span> <span class='ocrx_word' id='word_1_353' title='bbox 320 3530 396 3580; x_wconf 91' lang='lat' dir='ltr'>VIII.</span> <span class='ocrx_word' id='word_1_354' title='bbox 417 3531 483 3579; x_wconf 84' lang='lat' dir='ltr'>Aen.</span> <span class='ocrx_word' id='word_1_355' title='bbox 499 3531 556 3581; x_wconf 86' lang='lat'>710.</span> <span class='ocrx_word' id='word_1_356' title='bbox 590 3529 711 3579; x_wconf 88' lang='lat' dir='ltr'>Burman.</span> <span class='ocrx_word' id='word_1_357' title='bbox 747 3530 853 3580; x_wconf 89' lang='lat' dir='ltr'>Bentlei.</span> <span class='ocrx_word' id='word_1_358' title='bbox 871 3532 902 3579; x_wconf 89' lang='lat' dir='ltr'>ad</span> <span class='ocrx_word' id='word_1_359' title='bbox 919 3531 1007 3580; x_wconf 85' lang='lat' dir='ltr'>Horat.</span> <span class='ocrx_word' id='word_1_360' title='bbox 1025 3530 1075 3580; x_wconf 91' lang='grc' dir='ltr'>ΙΠ.</span> <span class='ocrx_word' id='word_1_361' title='bbox 1093 3533 1116 3580; x_wconf 78' lang='lat' dir='ltr'>d.</span> <span class='ocrx_word' id='word_1_362' title='bbox 1135 3531 1175 3580; x_wconf 84' lang='grc'>38.</span> <span class='ocrx_word' id='word_1_363' title='bbox 1202 3531 1298 3595; x_wconf 87' lang='lat' dir='ltr'>Legen-</span> 
     </span>
     <span class='ocr_line' id='line_1_39' title="bbox 158 3609 1299 3675; baseline 0.004 -18"><span class='ocrx_word' id='word_1_364' title='bbox 158 3610 255 3658; x_wconf 84' lang='lat' dir='ltr'>notarit</span> <span class='ocrx_word' id='word_1_365' title='bbox 271 3610 375 3660; x_wconf 85' lang='lat' dir='ltr'>eandem</span> <span class='ocrx_word' id='word_1_366' title='bbox 390 3609 548 3667; x_wconf 87' lang='lat' dir='ltr'>varietatem,</span> <span class='ocrx_word' id='word_1_367' title='bbox 572 3617 597 3658; x_wconf 88' lang='lat' dir='ltr'>et</span> <span class='ocrx_word' id='word_1_368' title='bbox 618 3615 712 3671; x_wconf 85' lang='lat' dir='ltr'>praete·</span> <span class='ocrx_word' id='word_1_369' title='bbox 748 3610 810 3660; x_wconf 93' lang='lat' dir='ltr'>dum</span> <span class='ocrx_word' id='word_1_370' title='bbox 827 3627 880 3662; x_wconf 83' lang='lat' dir='ltr'>esse</span> <span class='ocrx_word' id='word_1_371' title='bbox 896 3626 993 3661; x_wconf 90' lang='lat' dir='ltr'>censeo:</span> <span class='ocrx_word' id='word_1_372' title='bbox 1008 3614 1103 3673; x_wconf 76' lang='lat' dir='ltr'>Navia,</span> <span class='ocrx_word' id='word_1_373' title='bbox 1114 3628 1178 3675; x_wconf 84' lang='lat' dir='ltr'>qnae</span> <span class='ocrx_word' id='word_1_374' title='bbox 1190 3614 1238 3661; x_wconf 83' lang='lat' dir='ltr'>tibi</span> <span class='ocrx_word' id='word_1_375' title='bbox 1249 3629 1299 3662; x_wconf 84' lang='lat' dir='ltr'>ere·</span> 
     </span>
     <span class='ocr_line' id='line_1_40' title="bbox 158 3689 1300 3754; baseline 0.004 -18"><span class='ocrx_word' id='word_1_376' title='bbox 158 3703 203 3737; x_wconf 90' lang='lat' dir='ltr'>rea</span> <span class='ocrx_word' id='word_1_377' title='bbox 218 3691 348 3739; x_wconf 77' lang='lat' dir='ltr'>obstrusis.</span> <span class='ocrx_word' id='word_1_378' title='bbox 382 3689 457 3738; x_wconf 87' lang='lat' dir='ltr'>Unde</span> <span class='ocrx_word' id='word_1_379' title='bbox 481 3689 570 3753; x_wconf 88' lang='lat' dir='ltr'>aliquis</span> <span class='ocrx_word' id='word_1_380' title='bbox 595 3689 712 3737; x_wconf 80' lang='lat' dir='ltr'>conticere</span> <span class='ocrx_word' id='word_1_381' title='bbox 748 3690 831 3738; x_wconf 82' lang='lat' dir='ltr'>ditum</span> <span class='ocrx_word' id='word_1_382' title='bbox 870 3693 951 3740; x_wconf 77' lang='lat' dir='ltr'>Debes</span> <span class='ocrx_word' id='word_1_383' title='bbox 980 3692 1129 3754; x_wconf 68' lang='lat' dir='ltr'>Virgilium,</span> <span class='ocrx_word' id='word_1_384' title='bbox 1154 3693 1183 3738; x_wconf 80' lang='lat' dir='ltr'>in</span> <span class='ocrx_word' id='word_1_385' title='bbox 1200 3692 1300 3753; x_wconf 81' lang='lat' dir='ltr'>finibus</span> 
     </span>
     <span class='ocr_line' id='line_1_41' title="bbox 158 3767 1298 3833; baseline 0.003 -17"><span class='ocrx_word' id='word_1_386' title='bbox 158 3769 237 3830; x_wconf 83' lang='lat' dir='ltr'>possit</span> <span class='ocrx_word' id='word_1_387' title='bbox 256 3771 381 3818; x_wconf 73' lang='lat' dir='ltr'>abstrusis</span> <span class='ocrx_word' id='word_1_388' title='bbox 402 3769 427 3817; x_wconf 89' lang='lat' dir='ltr'>h.</span> <span class='ocrx_word' id='word_1_389' title='bbox 444 3783 465 3817; x_wconf 88' lang='lat' dir='ltr'>e.</span> <span class='ocrx_word' id='word_1_390' title='bbox 491 3784 505 3818; x_wconf 90' lang='lat' dir='ltr'>e</span> <span class='ocrx_word' id='word_1_391' title='bbox 528 3768 596 3816; x_wconf 90' lang='lat' dir='ltr'>coelo</span> <span class='ocrx_word' id='word_1_392' title='bbox 613 3767 712 3816; x_wconf 85' lang='lat' dir='ltr'>remotis</span> <span class='ocrx_word' id='word_1_393' title='bbox 750 3768 846 3820; x_wconf 77' lang='lat' dir='ltr'>Atticis</span> <span class='ocrx_word' id='word_1_394' title='bbox 868 3773 1232 3833; x_wconf 80' lang='lat' dir='ltr'>Reddurineolamempreoor.</span> <span class='ocrx_word' id='word_1_395' title='bbox 1249 3771 1298 3819; x_wconf 90' lang='lat' dir='ltr'>De-</span> 
     </span>
     <span class='ocr_line' id='line_1_42' title="bbox 157 3846 1299 3914; baseline 0.001 -18"><span class='ocrx_word' id='word_1_396' title='bbox 157 3854 183 3896; x_wconf 86' lang='lat' dir='ltr'>ct</span> <span class='ocrx_word' id='word_1_397' title='bbox 203 3861 303 3898; x_wconf 88' lang='lat' dir='ltr'>carcerc</span> <span class='ocrx_word' id='word_1_398' title='bbox 322 3848 417 3897; x_wconf 85' lang='lat' dir='ltr'>abditis.</span> <span class='ocrx_word' id='word_1_399' title='bbox 452 3847 489 3898; x_wconf 89' lang='lat' dir='ltr'>Ut</span> <span class='ocrx_word' id='word_1_400' title='bbox 509 3847 603 3898; x_wconf 84' lang='lat' dir='ltr'>Seneca</span> <span class='ocrx_word' id='word_1_401' title='bbox 618 3846 712 3907; x_wconf 84' lang='lat' dir='ltr'>Agam.</span> <span class='ocrx_word' id='word_1_402' title='bbox 748 3850 857 3912; x_wconf 89' lang='lat' dir='ltr'>positum</span> <span class='ocrx_word' id='word_1_403' title='bbox 865 3852 964 3914; x_wconf 86' lang='lat' dir='ltr'>pignus,</span> <span class='ocrx_word' id='word_1_404' title='bbox 979 3851 1038 3899; x_wconf 83' lang='lat' dir='ltr'>navi</span> <span class='ocrx_word' id='word_1_405' title='bbox 1052 3851 1181 3905; x_wconf 86' lang='lat' dir='ltr'>creditum,</span> <span class='ocrx_word' id='word_1_406' title='bbox 1192 3851 1216 3897; x_wconf 92' lang='lat' dir='ltr'>in</span> <span class='ocrx_word' id='word_1_407' title='bbox 1232 3855 1299 3898; x_wconf 85' lang='lat' dir='ltr'>terra</span> 
     </span>
     <span class='ocr_line' id='line_1_43' title="bbox 158 3926 1298 3992; baseline 0.001 -17"><span class='ocrx_word' id='word_1_408' title='bbox 158 3926 216 3975; x_wconf 87' lang='grc'>988.</span> <span class='ocrx_word' id='word_1_409' title='bbox 251 3927 379 3976; x_wconf 71' lang='grc' dir='ltr'>Αὺείταεο</span> <span class='ocrx_word' id='word_1_410' title='bbox 400 3942 467 3976; x_wconf 83' lang='lat' dir='ltr'>caeco</span> <span class='ocrx_word' id='word_1_411' title='bbox 487 3941 587 3976; x_wconf 68' lang='lat' dir='ltr'>carane</span> <span class='ocrx_word' id='word_1_412' title='bbox 608 3930 713 3974; x_wconf 74' lang='lat' dir='ltr'>erroro</span> <span class='ocrx_word' id='word_1_413' title='bbox 749 3928 834 3992; x_wconf 91' lang='lat' dir='ltr'>aliqua</span> <span class='ocrx_word' id='word_1_414' title='bbox 850 3937 903 3980; x_wconf 85' lang='lat' dir='ltr'>erat</span> <span class='ocrx_word' id='word_1_415' title='bbox 920 3931 1081 3979; x_wconf 87' lang='lat' dir='ltr'>reddendum.</span> <span class='ocrx_word' id='word_1_416' title='bbox 1116 3927 1241 3990; x_wconf 82' lang='lat' dir='ltr'>Virgilius</span> <span class='ocrx_word' id='word_1_417' title='bbox 1257 3943 1298 3989; x_wconf 90' lang='lat' dir='ltr'>pe·</span> 
     </span>
     <span class='ocr_line' id='line_1_44' title="bbox 157 4003 1298 4070; baseline 0 -16"><span class='ocrx_word' id='word_1_418' title='bbox 157 4008 246 4068; x_wconf 72' lang='grc' dir='ltr'>ευίραί</span> <span class='ocrx_word' id='word_1_419' title='bbox 280 4006 385 4055; x_wconf 75' lang='lat' dir='ltr'>Aecum.</span> <span class='ocrx_word' id='word_1_420' title='bbox 433 4007 576 4056; x_wconf 62' lang='lat' dir='ltr'>Obstructa</span> <span class='ocrx_word' id='word_1_421' title='bbox 599 4003 713 4067; x_wconf 84' lang='lat' dir='ltr'>placebat</span> <span class='ocrx_word' id='word_1_422' title='bbox 749 4006 816 4056; x_wconf 86' lang='lat' dir='ltr'>tebat</span> <span class='ocrx_word' id='word_1_423' title='bbox 841 4010 960 4058; x_wconf 85' lang='lat' dir='ltr'>Atticam.</span> <span class='ocrx_word' id='word_1_424' title='bbox 994 4008 1079 4070; x_wconf 85' lang='lat' dir='ltr'>Rogat</span> <span class='ocrx_word' id='word_1_425' title='bbox 1094 4020 1169 4069; x_wconf 86' lang='lat' dir='ltr'>ergo,</span> <span class='ocrx_word' id='word_1_426' title='bbox 1186 4012 1215 4052; x_wconf 90' lang='lat' dir='ltr'>ut</span> <span class='ocrx_word' id='word_1_427' title='bbox 1232 4006 1298 4054; x_wconf 89' lang='lat' dir='ltr'>hunc</span> 
     </span>
     <span class='ocr_line' id='line_1_45' title="bbox 157 4082 992 4148; baseline 0.004 -17"><span class='ocrx_word' id='word_1_428' title='bbox 157 4083 362 4141; x_wconf 82' lang='lat' dir='ltr'>Hemsterhusio,</span> <span class='ocrx_word' id='word_1_429' title='bbox 383 4089 412 4132; x_wconf 88' lang='lat' dir='ltr'>ut</span> <span class='ocrx_word' id='word_1_430' title='bbox 429 4083 523 4134; x_wconf 77' lang='lat' dir='ltr'>Graece</span> <span class='ocrx_word' id='word_1_431' title='bbox 541 4082 712 4148; x_wconf 79' lang='grc' dir='ltr'>ὲγκατῳκοδο-</span> <span class='ocrx_word' id='word_1_432' title='bbox 749 4085 775 4133; x_wconf 92' lang='lat' dir='ltr'>in</span> <span class='ocrx_word' id='word_1_433' title='bbox 793 4086 881 4135; x_wconf 81' lang='lat' dir='ltr'>Attica</span> <span class='ocrx_word' id='word_1_434' title='bbox 897 4086 992 4135; x_wconf 82' lang='lat' dir='ltr'>reddat.</span> 
     </span>
     <span class='ocr_line' id='line_1_46' title="bbox 156 4160 1297 4228; baseline 0.004 -18"><span class='ocrx_word' id='word_1_435' title='bbox 156 4160 289 4228; x_wconf 68' lang='grc' dir='ltr'>μημεῗνυν,</span> <span class='ocrx_word' id='word_1_436' title='bbox 306 4161 373 4211; x_wconf 90' lang='lat' dir='ltr'>etin</span> <span class='ocrx_word' id='word_1_437' title='bbox 390 4162 479 4224; x_wconf 81' lang='lat' dir='ltr'>glossis</span> <span class='ocrx_word' id='word_1_438' title='bbox 496 4160 712 4227; x_wconf 80' lang='grc' dir='ltr'>ρράσσειν,ἀτο-</span> <span class='ocrx_word' id='word_1_439' title='bbox 782 4167 822 4212; x_wconf 81' lang='lat' dir='ltr'>Er</span> <span class='ocrx_word' id='word_1_440' title='bbox 842 4179 923 4213; x_wconf 80' lang='lat' dir='ltr'>seroes</span> <span class='ocrx_word' id='word_1_441' title='bbox 943 4165 1044 4212; x_wconf 71' lang='lat' dir='ltr'>antonne</span> <span class='ocrx_word' id='word_1_442' title='bbox 1066 4164 1201 4211; x_wconf 81' lang='lat' dir='ltr'>dimidiam</span> <span class='ocrx_word' id='word_1_443' title='bbox 1223 4180 1297 4217; x_wconf 83' lang='lat' dir='ltr'>meae.</span> 
     </span>
     <span class='ocr_line' id='line_1_47' title="bbox 157 4240 1299 4306; baseline 0.003 -16"><span class='ocrx_word' id='word_1_444' title='bbox 157 4242 296 4306; x_wconf 75' lang='grc' dir='ltr'>φράσοειν,</span> <span class='ocrx_word' id='word_1_445' title='bbox 314 4240 472 4305; x_wconf 74' lang='grc' dir='ltr'>ἑμφράσσειν.</span> <span class='ocrx_word' id='word_1_446' title='bbox 506 4240 612 4296; x_wconf 87' lang='lat' dir='ltr'>Latine,</span> <span class='ocrx_word' id='word_1_447' title='bbox 637 4246 713 4302; x_wconf 89' lang='lat' dir='ltr'>puto,</span> <span class='ocrx_word' id='word_1_448' title='bbox 749 4243 874 4292; x_wconf 87' lang='lat' dir='ltr'>Nonnulli</span> <span class='ocrx_word' id='word_1_449' title='bbox 900 4247 930 4291; x_wconf 83' lang='lat' dir='ltr'>ut</span> <span class='ocrx_word' id='word_1_450' title='bbox 955 4256 1044 4290; x_wconf 81' lang='lat' dir='ltr'>server.</span> <span class='ocrx_word' id='word_1_451' title='bbox 1082 4242 1137 4291; x_wconf 89' lang='lat' dir='ltr'>Hoc</span> <span class='ocrx_word' id='word_1_452' title='bbox 1163 4242 1224 4290; x_wconf 88' lang='lat' dir='ltr'>mihi</span> <span class='ocrx_word' id='word_1_453' title='bbox 1249 4260 1299 4293; x_wconf 89' lang='lat' dir='ltr'>non</span> 
     </span>
     <span class='ocr_line' id='line_1_48' title="bbox 157 4319 1298 4383; baseline 0.006 -15"><span class='ocrx_word' id='word_1_454' title='bbox 157 4321 266 4370; x_wconf 70' lang='lat' dir='ltr'>dicunus</span> <span class='ocrx_word' id='word_1_455' title='bbox 282 4323 411 4370; x_wconf 74' lang='lat' dir='ltr'>obnruere</span> <span class='ocrx_word' id='word_1_456' title='bbox 428 4321 517 4378; x_wconf 76' lang='lat' dir='ltr'>limen,</span> <span class='ocrx_word' id='word_1_457' title='bbox 538 4325 640 4382; x_wconf 80' lang='lat' dir='ltr'>portam</span> <span class='ocrx_word' id='word_1_458' title='bbox 658 4336 712 4369; x_wconf 83' lang='lat' dir='ltr'>ren·</span> <span class='ocrx_word' id='word_1_459' title='bbox 750 4327 848 4370; x_wconf 86' lang='lat' dir='ltr'>tantum</span> <span class='ocrx_word' id='word_1_460' title='bbox 865 4321 956 4369; x_wconf 85' lang='lat' dir='ltr'>amoris</span> <span class='ocrx_word' id='word_1_461' title='bbox 973 4319 1091 4370; x_wconf 88' lang='lat' dir='ltr'>indicium</span> <span class='ocrx_word' id='word_1_462' title='bbox 1109 4320 1247 4383; x_wconf 82' lang='lat' dir='ltr'>significare</span> <span class='ocrx_word' id='word_1_463' title='bbox 1264 4325 1298 4375; x_wconf 74' lang='lat' dir='ltr'>vt</span> 
     </span>
    </p>
   </div>
   <div class='ocr_carea' id='block_1_4' title="bbox 0 0 1462 5220">
    <p class='ocr_par' dir='ltr' id='par_1_4' title="bbox 0 0 1462 5220">
     <span class='ocr_line' id='line_1_49' title="bbox 0 0 1462 5220; baseline 0 0"><span class='ocrx_word' id='word_1_464' title='bbox 0 0 1462 5220; x_wconf 95' lang='lat' dir='ltr'> </span> 
     </span>
    </p>
   </div>
  </div>
 </body>
</html>
