2916 5220
652 311 692 318 -
1222 298 1242 338 V

95 454 211 523 iudico,
234 473 332 527 neque
354 455 419 530 ipse
443 455 596 517 meliorem
618 455 725 512 habeo.
759 455 874 530 Quodsi
896 459 1000 532 igitur,
1024 459 1122 528 dicae,
1146 460 1242 515 llora-

94 549 155 604 tius
177 567 276 622 neque
298 550 363 624 ipse
386 550 426 605 sit
448 550 605 619 obscurus,
623 567 720 622 neque
736 552 917 626 interpretes
932 554 1058 624 indocti,
1075 562 1240 610 statuamus

93 661 217 700 necesse
240 652 300 714 est,
321 645 379 700 hoc
402 662 522 700 carmen
551 645 590 699 ab
619 644 766 719 imperitis
793 647 939 717 librariis,
967 666 1134 704 sermonem
1161 647 1243 704 Lati·

94 756 166 794 num
186 739 405 807 nescientibus,
428 739 504 794 adeo
526 754 591 795 esse
614 749 803 813 corruptum,
832 750 865 797 ut
893 742 986 798 verba
1015 761 1156 816 perverse
1172 744 1243 799 seri·

93 842 162 907 pta,
182 852 201 890 a
224 831 345 891 Criticis
368 834 487 890 restitui
509 852 567 889 non
589 835 751 908 potuerint.
792 834 852 893 Sed
872 853 969 907 neque
990 837 1046 891 boc
1066 855 1170 893 verum
1185 846 1240 895 est.

93 928 174 985 Nam
196 930 315 1003 singula
338 931 502 1000 vocabula,
524 929 586 986 fere
610 938 711 986 estut
732 930 842 1000 dicam,
865 930 979 1000 omnia,
1008 932 1102 1005 probe
1129 931 1240 989 Latina

94 1032 177 1095 sunt,
201 1043 299 1097 neque
322 1042 432 1098 magna
454 1043 557 1081 eorum
591 1025 622 1079 in
654 1022 743 1082 MSS.
776 1034 904 1099 apparet
934 1025 1109 1096 diversitas,
1144 1045 1239 1099 eaque

93 1118 156 1174 fere
184 1119 368 1190 huiusmodi,
395 1126 443 1190 ut,
471 1119 739 1191 quomodocunque
769 1119 922 1192 legantur,
950 1138 1056 1194 parum
1079 1121 1117 1176 ad
1139 1121 1240 1176 melio-

92 1231 157 1268 rem
187 1212 419 1288 intelligentiam
449 1213 584 1269 intersit:
616 1222 650 1268 ut
681 1213 833 1271 mobilium
859 1223 890 1270 et
909 1214 1066 1286 nobilium,
1088 1223 1184 1272 certat
1210 1225 1239 1271 ct

92 1314 201 1377 certet,
223 1305 367 1364 detestata
396 1316 427 1363 et
452 1305 639 1378 detestanda,
663 1305 806 1384 fidelibus
838 1318 868 1365 et
898 1309 1060 1386 capacibus.
1104 1312 1141 1366 In
1173 1311 1240 1366 aliis

92 1402 270 1460 manifestus
291 1422 376 1460 error
396 1404 632 1460 describentium
654 1403 801 1473 cernitur,
822 1411 855 1459 ut
876 1403 1004 1460 vertitur·
1020 1423 1075 1478 pro
1090 1406 1238 1475 cerr-itur,

91 1514 183 1574 acque
205 1495 373 1574 Polyrrenia
393 1517 448 1571 pro
470 1515 521 1555 nec
543 1495 760 1574 Polyhymnia.

134 1591 286 1664 Quoniam
306 1593 398 1666 igitur
419 1593 608 1649 difficultates
630 1609 728 1663 neque
744 1592 783 1648 ab
798 1600 932 1662 auctore,
949 1610 1045 1664 neque
1069 1611 1087 1648 a
1101 1593 1236 1666 legente,

92 1704 192 1760 neque
214 1707 232 1743 a
254 1687 402 1762 corruptis
424 1706 479 1762 per
501 1686 650 1743 inscitiam
670 1685 861 1743 librariorum
875 1687 1030 1743 vocabulis
1046 1687 1238 1761 proficiscun-

92 1790 157 1851 tur,
188 1782 278 1838 aliam
305 1800 370 1838 esse
399 1782 576 1856 suspicabar
597 1799 746 1853 caussam,
774 1801 878 1839 versus
899 1781 1015 1841 seilicet
1036 1782 1170 1857 spurios3
1193 1792 1236 1853 et,

91 1896 155 1933 uno
176 1877 332 1948 alteroque
357 1877 427 1932 hine
448 1876 531 1932 illinc
553 1875 665 1947 eiecta,
688 1876 751 1932 vidi
771 1877 951 1933 sententiam
966 1877 1030 1932 fieri
1046 1877 1236 1951 perspicuam

92 1980 125 2028 et
146 1972 315 2041 meliorem,
338 1971 504 2027 orationem
525 1971 620 2044 magis
643 1969 798 2041 Latinam,
822 1981 853 2028 et
874 1972 979 2045 augeri
994 1971 1170 2046 plerumque
1187 1993 1237 2029 na-

91 2067 188 2122 tivam
207 2066 290 2122 illam
311 2073 515 2135 venustatem,
537 2083 597 2137 qua
623 2071 731 2140 poetae
753 2066 861 2123 aetatis
882 2067 1041 2140 Augustae
1065 2076 1235 2123 censentur.

91 2161 208 2218 Laetus
230 2161 326 2234 primo
348 2177 501 2230 successu,
525 2160 696 2218 incredibili
719 2179 786 2217 cum
807 2162 963 2236 voluptate
983 2181 1086 2218 omnes
1102 2162 1234 2234 quinquo

91 2255 258 2312 carminum
279 2254 372 2310 libros
399 2253 538 2310 sordibus
568 2254 634 2311 istis
655 2255 797 2329 purgavi:
827 2256 989 2312 editionem
1016 2275 1088 2312 vero
1115 2257 1167 2313 diu
1195 2258 1239 2312 di-

90 2349 174 2406 stuli.
215 2348 296 2406 Nam
319 2349 448 2423 primum
469 2350 610 2418 verebar,
634 2368 671 2406 ne
693 2368 794 2405 amore
817 2350 931 2406 inventi
954 2351 1111 2423 abreptus,
1136 2351 1234 2407 calido

90 2443 180 2500 nimis
202 2444 341 2514 consilio,
363 2462 521 2519 germanos
542 2463 597 2518 pro
612 2443 722 2518 spuriis
738 2443 901 2499 eiecissem.
933 2443 1052 2500 Deinde
1068 2462 1134 2499 meo
1147 2445 1235 2501 unius

89 2537 204 2593 iudicio
230 2556 294 2594 esse
318 2538 508 2594 diffidendum
530 2540 688 2612 putabam,
712 2538 764 2611 qui
785 2539 919 2594 viderem
940 2538 1114 2594 immensam
1129 2539 1237 2596 doctis-

89 2633 236 2689 simorum
256 2632 468 2707 interpretum,
490 2634 677 2708 paucissimis
704 2633 851 2707 exceptis,
880 2632 1103 2690 multitudinem
1131 2635 1167 2690 dc
1191 2653 1235 2691 as-

89 2727 167 2784 sutis
188 2727 318 2784 Horatio
340 2729 517 2785 centonibus
538 2748 598 2784 non
620 2729 707 2784 modo
730 2746 789 2784 non
813 2728 975 2801 cogitasse,
1005 2729 1057 2784 sed
1080 2728 1171 2786 etiam
1192 2730 1235 2786 ita

88 2841 155 2878 rem
186 2823 328 2897 gessisse,
356 2832 390 2880 ut
419 2824 581 2881 Horatium
611 2832 641 2879 et
662 2843 717 2880 suo
739 2832 770 2880 et
791 2823 918 2879 aliorum
939 2824 1051 2880 iudicio
1074 2826 1167 2898 probe
1189 2826 1233 2881 in·

89 2917 246 2974 tellexisse
267 2919 451 2976 viderentur.
493 2919 556 2978 Ubi
577 2937 632 2992 ego
655 2937 729 2975 saxa
752 2928 782 2975 et
802 2920 951 2990 salebras,
974 2920 1005 2975 hi
1030 2921 1154 2994 planum
1174 2921 1233 2976 iter

89 3022 121 3069 et
142 3030 315 3081 amoenum
338 3014 390 3070 ubi
412 3031 468 3088 ego
489 3031 587 3069 meras
609 3015 766 3084 tenebras,
789 3014 820 3069 hi
836 3015 929 3070 solem
948 3015 1160 3083 meridianum3
1181 3017 1232 3072 ubi

89 3128 145 3183 ego
168 3108 299 3164 colorem
320 3126 381 3164 non
402 3108 557 3179 Latinum,
580 3106 736 3164 affectatas
761 3108 941 3181 elegantias,
971 3109 1165 3183 repetitiones
1190 3111 1233 3166 in-

88 3214 194 3278 eptas,
229 3202 394 3258 orationem
421 3203 579 3274 humilem,
612 3201 726 3258 nullam
754 3203 969 3260 sententiarum
1000 3205 1231 3274 connexionem,

87 3299 149 3354 alia
170 3297 258 3368 vitia,
289 3297 321 3353 hi
347 3297 446 3354 omnia
478 3297 540 3354 fere
571 3306 675 3353 contra
705 3297 878 3352 cernebant.
921 3298 1029 3370 Itaque
1051 3316 1147 3355 meam
1169 3308 1230 3355 tam

88 3394 236 3450 audacem
262 3392 442 3449 sententiam
464 3392 516 3449 diu
538 3410 603 3448 esse
630 3391 786 3448 celandam
805 3392 926 3464 putavi,
950 3391 1108 3464 animoque
1131 3402 1162 3449 et
1184 3411 1231 3448 eo-

86 3487 234 3562 gitatione
255 3487 363 3543 iterum
385 3494 476 3559 atque
497 3487 605 3543 iterum
627 3485 819 3555 volvendam,
841 3485 924 3559 prius
946 3504 1036 3558 quam
1050 3487 1229 3562 proferrem,

87 3584 113 3640 si
136 3582 353 3656 fortetempus
375 3588 510 3637 stactes
532 3581 686 3637 meliorem
710 3581 881 3637 suaderent.
925 3582 1059 3656 Tempus
1089 3591 1120 3638 et
1147 3592 1229 3639 aetas

86 3677 319 3747 confirmarunt,
342 3695 439 3750 neque
461 3696 588 3752 parvum
616 3696 654 3732 ex
680 3675 827 3733 Ieremias
853 3676 1029 3732 Marklandi
1051 3678 1228 3734 auctoritate

86 3772 218 3829 accessit
238 3780 433 3842 momentum,
456 3773 541 3828 cuius
563 3773 674 3842 verba,
696 3773 766 3828 olim
788 3773 908 3844 quidem
933 3792 951 3828 a
972 3791 1019 3828 me
1041 3774 1133 3843 lecta,
1150 3794 1228 3830 nunc

87 3869 209 3925 demum
235 3869 347 3943 optime
373 3868 542 3940 intellecta,
565 3869 646 3925 omni
666 3887 713 3925 me
734 3867 840 3925 timore
862 3886 898 3925 ac
917 3869 1061 3941 religione
1083 3870 1230 3925 liberave-

84 3971 167 4022 runt.

129 4057 330 4114 Marklandus
363 4059 394 4114 in
427 4059 579 4135 Epistola,
609 4060 745 4115 subiecta
767 4058 891 4114 editioni
914 4057 1089 4133 Supplicum
1110 4059 1229 4133 Euripi-

86 4153 226 4224 dearum,
260 4154 334 4209 haec
370 4154 490 4210 scribit:
523 4150 566 4211 Ia
598 4154 744 4223 Horatia,
772 4161 840 4228 post
867 4153 980 4225 amala,
1012 4171 1087 4230 quae
1115 4155 1147 4212 la
1164 4172 1230 4212 eam

85 4248 202 4324 scripta
224 4246 299 4319 cidi,
321 4249 583 4324 innumerosam,
606 4267 680 4327 qaae
707 4267 765 4307 noa
794 4246 934 4325 intelligo.
979 4246 1019 4307 Ia
1052 4256 1112 4306 toto
1144 4268 1229 4326 opere

87 4342 142 4400 vic
162 4360 222 4400 aaa
244 4347 285 4400 est
308 4339 385 4415 Ode,
408 4340 513 4402 Sermo
538 4342 584 4401 vel
604 4342 759 4420 Epistola,
788 4343 819 4400 la
844 4343 946 4420 quibas
966 4342 1020 4400 boc
1040 4361 1098 4401 aon
1121 4343 1229 4415 scirtio,

1088 4455 1106 4492 a
