2916 5220
564 309 883 374 CAilMlNUM

340 499 455 563 Deliae
477 498 573 562 tutela
599 499 704 579 Deae,
718 496 857 582 sapaces

340 605 467 688 ancas
490 611 520 666 et
542 622 647 666 ceruos
671 597 835 664 collidentis
858 621 952 680 areu,

337 705 486 771 Lesbium
511 714 633 770 seruate
649 703 764 789 pedem
790 707 907 788 rnclque

424 807 559 873 Pollr'a's
583 811 694 888 ictum,

337 915 412 977 Rite
435 914 579 976 Latonae
595 932 732 996 paurum
756 918 920 990 canentes,

337 1017 411 1079 mu
433 1023 617 1078 crescentem
627 1012 709 1098 sace
731 1010 947 1093 Noctilucam,

336 1118 535 1202 Prosperum
546 1115 685 1201 sruqnm
709 1115 894 1199 celeremque
911 1135 1034 1199 premes

433 1219 559 1283 Volocre
581 1239 708 1283 meuses.

337 1325 451 1409 Nupta
474 1328 538 1388 e'am
562 1323 666 1387 elices:
701 1326 777 1408 “eqo
801 1324 867 1386 Dis
889 1325 1039 1403 amicum,

157 1540 255 1590 Saecul.
273 1541 296 1588 6.
327 1541 442 1601 Virqtnea
470 1541 546 1586 lectus
565 1551 705 1600 puerosque
780 1537 936 1586 Crescentem
955 1536 1018 1600 face
1038 1537 1211 1585 Noctilucam.
1242 1538 1297 1583 Fun

155 1624 247 1666 eustos.
287 1616 382 1665 Catuli.
408 1615 491 1665 Carm.
518 1618 557 1664 34.
591 1618 704 1665 Dianam
747 1617 873 1674 Praeter,
893 1617 970 1673 Solu,
987 1630 1034 1663 usu
1050 1615 1183 1677 poetarum
1200 1620 1297 1676 recepta

155 1698 230 1756 pueri
265 1696 358 1756 inteqri
392 1696 545 1757 Puellaeque
576 1709 704 1743 canantur.
745 1700 789 1740 est.
815 1693 902 1755 Neque
910 1694 1020 1751 Dianae,
1037 1693 1107 1741 clara
1123 1693 1183 1741 luce
1199 1693 1297 1750 nitenti,

156 1775 237 1823 Maior
257 1782 281 1823 et
301 1775 388 1823 iustior
405 1775 445 1821 hie
466 1782 503 1823 est
523 1775 705 1823 commendatio
744 1778 770 1819 et
787 1778 909 1819 astrorum
926 1773 1020 1829 decori,
1035 1773 1122 1837 facem
1146 1772 1297 1835 negaverim.

155 1869 170 1901 a
187 1856 310 1914 castitate,
329 1868 404 1917 quam
422 1869 437 1900 a
454 1868 550 1915 genere.

188 1935 289 1994 Lyncea
313 1939 338 1981 et
364 1949 447 1981 ceruos
471 1934 606 1981 celtibentls
634 1947 703 1981 arcu.

157 2013 303 2060 Celtibericus
328 2011 381 2059 iera
397 2010 529 2068 animalia,
554 2009 649 2067 leones,
671 2010 702 2056 ti-

155 2105 223 2152 gres,
241 2104 304 2152 quae
319 2091 439 2152 impetum
456 2088 564 2146 faciunt,
586 2104 636 2137 non
653 2103 703 2136 cer·

154 2185 197 2218 vos
214 2169 314 2231 fugaces
331 2184 376 2217 nec
392 2170 490 2216 timidos
501 2168 595 2232 lyncas.
604 2168 703 2229 Fugam

153 2250 219 2298 cervi
236 2249 392 2305 cohibemus,
409 2248 508 2311 quando
519 2262 574 2295 eam
586 2247 702 2294 sistimus.

154 2328 263 2378 Corvum
292 2344 352 2377 arcu
374 2330 495 2384 cohibere,
517 2341 566 2374 non
593 2327 701 2374 laudem.

153 2407 320 2469 Reprehendit
337 2407 411 2454 etiam
435 2405 547 2467 Scaliger
563 2403 612 2452 VI.
631 2405 701 2452 Poet.

154 2501 207 2549 cap.
224 2487 248 2537 7.
265 2502 322 2548 pag.
333 2485 390 2534 818.
408 2485 511 2532 “Verbo
527 2485 638 2532 celtibera
654 2483 702 2529 for·

153 2573 217 2613 tasse
238 2565 380 2613 duriuscule
400 2579 461 2611 usus
482 2562 535 2611 suit.
566 2563 639 2610 Neda
656 2561 701 2609 lus·

153 2660 191 2693 ces
217 2645 373 2701 cohibemus,
399 2657 496 2690 carcere
521 2647 546 2689 et
575 2640 701 2699 claustris,

152 2739 202 2772 non
224 2731 307 2772 autem
331 2722 422 2783 sagitta
439 2734 553 2778 certum,
575 2733 650 2782 quem
667 2719 702 2765 in-

747 1851 796 1899 Sed
813 1851 914 1914 quando
935 1852 1051 1900 audimus
1067 1852 1172 1900 Lunam
1189 1865 1297 1900 crescen-

745 1936 807 1988 tem,
825 1930 905 1978 aliena
921 1937 958 1978 est
982 1931 1098 1992 cogitatio
1108 1931 1191 1993 facia.
1225 1931 1299 1978 Luna

745 2009 834 2057 crescit
850 2009 919 2066 luce,
940 2008 1070 2066 cornibus,
1095 2009 1183 2056 orbem
1200 2009 1297 2073 implet:

744 2103 794 2136 non
828 2088 914 2136 crescit
936 2088 1004 2152 sace.
1038 2087 1103 2136 Veri
1131 2088 1222 2150 poetae
1250 2102 1297 2136 non

745 2174 830 2215 amant
847 2175 964 2216 naturam
985 2167 1053 2215 falsis
1074 2167 1230 2230 imaginibus
1247 2183 1297 2216 eor-

744 2263 867 2310 rumpere.

779 2328 934 2389 Proeperem
944 2329 1061 2393 fraqam.
1087 2329 1190 2377 Auctor
1207 2342 1297 2391 eogno-

743 2406 808 2454 visse
831 2407 914 2456 videre
940 2422 1039 2456 carmen
1062 2407 1158 2457 Catulli
1177 2407 1295 2456 XXXII.

743 2485 774 2532 In
791 2500 820 2533 eo
836 2488 906 2548 pueri
924 2493 948 2535 et
965 2487 1064 2549 puellae
1075 2493 1172 2535 canunt
1189 2487 1221 2535 ed
1238 2487 1297 2536 Dia·

744 2579 816 2611 nam:
845 2567 885 2614 Tu
902 2582 979 2615 curru
997 2568 1055 2615 Dea
1081 2572 1213 2616 nemmtruo
1238 2567 1295 2615 Me·

744 2646 808 2692 tiene
825 2647 875 2693 iter
892 2661 1018 2704 annuum,
1037 2647 1150 2696 Rustica
1173 2647 1298 2708 amiculae

744 2724 814 2770 bouis
833 2723 1136 2786 Tectafruqibuseuplea.
1153 2724 1223 2772 Nam
1239 2739 1297 2772 ean-

152 2804 309 2852 terfieimus.''
335 2801 442 2850 Meliora
463 2806 523 2847 sunt
544 2799 604 2845 haec
624 2798 702 2845 Plinii
743 2801 799 2849 dem
816 2800 964 2850 sententiam
980 2801 1061 2850 verbis
1072 2803 1177 2850 mutatis
1195 2817 1292 2864 expres·

152 2881 248 2943 Paneg.
274 2882 314 2929 81.
355 2880 461 2927 Certum
486 2894 542 2925 curn
564 2879 701 2938 suparibus
743 2881 781 2928 sit.
817 2880 865 2930 Sed
882 2887 973 2942 putans
995 2896 1021 2930 se
1041 2881 1179 2944 pulchrum
1196 2882 1296 2944 excogi-

145 2960 215 3022 serls
240 2976 331 3014 cursu,
360 2973 416 3006 cum
437 2957 575 3003 audacibus
600 2957 701 3016 robore,
743 2960 833 3007 tavisse
850 2959 1045 3019 Hellenismum,
1065 2976 1217 3022 prosperam
1231 2961 1295 3024 sm.

152 3055 208 3087 erem
225 3039 399 3088 ectttuuuua.
421 3034 541 3082 Horatius
556 3034 644 3082 saltem
656 3050 701 3097 pro
741 3055 800 3100 qum
822 3039 930 3100 scripsit,
947 3038 1013 3100 quod
1030 3037 1071 3085 hio
1082 3038 1181 3086 ·dubito
1199 3053 1231 3085 an
1248 3039 1296 3087 La·

152 3120 262 3166 cohibere
279 3118 379 3165 dixisset
395 3116 494 3172 cistere,
520 3118 548 3160 ut
571 3113 647 3162 Silius
664 3114 700 3162 11.
744 3116 825 3164 tinum
843 3118 881 3164 sit.
904 3119 997 3174 Terra,
1014 3131 1078 3180 quae
1095 3116 1180 3179 fruges
1204 3131 1298 3180 magna

152 3198 193 3248 97.
212 3199 264 3245 Ille
278 3199 367 3259 procul
388 3211 474 3257 campo
496 3197 647 3256 linquentem
664 3211 700 3244 re·
743 3197 813 3258 copia
834 3195 939 3258 profert,
959 3211 1092 3258 prospera,
1120 3198 1202 3253 laeta,
1218 3197 1297 3259 ferti-

153 3279 190 3326 tla
206 3292 306 3325 ceromn
321 3277 429 3324 Vulnere
439 3276 552 3334 sistebat,
569 3280 702 3336 rueretque
743 3276 787 3334 lr‘s,
798 3276 881 3339 felix,
892 3273 1099 3337 faciliusruqum
1112 3274 1216 3322 dicitur:
1234 3275 1296 3327 Dea

152 3359 256 3419 inopina
278 3357 324 3403 aab
345 3357 399 3403 ictu
423 3356 490 3401 Ante
500 3352 564 3416 fera
588 3355 701 3412 incauto,
743 3369 806 3417 qnae
828 3354 911 3416 fruges
934 3367 989 3401 rore
1014 3360 1137 3401 nocturno
1158 3353 1217 3411 alit,
1236 3370 1295 3417 pre-

152 3452 228 3497 quam
244 3437 319 3483 sibila
337 3439 440 3495 poneret
462 3448 544 3480 errares.
578 3433 628 3481 Ubi
653 3432 700 3480 for·
742 3448 818 3495 spera
834 3431 944 3495 fruqum
970 3446 1020 3479 non
1045 3431 1151 3493 dicitur,
1177 3433 1220 3481 sed
1236 3448 1295 3495 pra·

152 3520 217 3561 tasse
233 3513 334 3560 tolerari
351 3519 433 3574 posset
454 3514 575 3572 cohibere,
601 3519 701 3575 propter
742 3527 816 3573 spera
834 3511 968 3575 fruqibru,
993 3512 1077 3560 dativo
1102 3526 1170 3560 casn.
1206 3512 1296 3560 Horat.

153 3591 237 3639 addita
253 3593 357 3648 uulnus,
374 3597 440 3640 tetus
457 3596 481 3638 et
497 3593 572 3639 sibila
590 3607 672 3640 arcus.
744 3591 827 3641 Oarm.
857 3591 955 3641 Saecul.
981 3592 1022 3639 29.
1054 3593 1162 3640 Fertilis
1185 3592 1298 3655 sruqum

188 3672 301 3718 Lesbium
317 3675 415 3718 seruate
429 3671 523 3732 pedena
556 3670 645 3732 Imago
667 3670 699 3717 ri·
740 3671 886 3732 pecorisque
903 3672 984 3718 tellus.
1012 3670 1116 3720 Sallust.
1133 3671 1240 3732 Fragm.
1258 3670 1295 3720 11.

154 3750 243 3798 dieula.
287 3749 406 3798 Horatius
433 3764 520 3812 pueros
550 3756 574 3798 et
602 3751 700 3811 puellas
745 3751 859 3812 Fruqum
873 3751 1011 3811 pabulique
1028 3752 1110 3798 laetua
1131 3765 1198 3810 aqer.
1217 3749 1296 3800 Clau-

152 3829 260 3879 Carmen
285 3828 411 3877 saeculare
432 3829 463 3875 ad
484 3829 605 3876 citharam
630 3843 701 3877 suam
743 3827 808 3875 dian.
830 3828 899 3876 Laus
922 3827 1030 3876 Serenae
1052 3827 1091 3875 et.
1121 3829 1200 3877 Diues
1217 3830 1297 3891 equis,

152 3909 330 3964 caneredocet,
348 3907 501 3955 exclamans:
519 3908 640 3956 “Servate
648 3922 700 3955 me·
736 3904 848 3968 seuqum
857 3905 957 3969 facilis.

152 3996 220 4035 trum
239 3987 402 4049 sapphicum!
434 3988 519 4034 Aures
540 3992 565 4034 et
590 3988 701 4035 animum
776 3988 876 4034 Pronus
901 3987 996 4032 calcem
1017 3998 1117 4033 menses.
1157 3985 1200 4032 Ex
1226 3985 1297 4048 Epis·

153 4068 270 4117 attendite
284 4068 315 4114 ad
323 4068 398 4114 ictum
408 4065 501 4128 pollicis
514 4065 591 4113 meil'
608 4067 643 4114 Et
655 4066 702 4115 hoe
743 4064 795 4112 tola
811 4065 842 4112 ad
866 4063 970 4112 Pisones
987 4063 1027 4111 60.
1047 4078 1141 4125 pronae
1159 4070 1297 4113 mutentur

152 4148 196 4195 ille
212 4147 303 4195 diceret
320 4147 345 4193 in
362 4145 484 4203 camnine,
500 4144 570 4191 euius
591 4145 702 4192 maxima
742 4145 770 4191 ln
788 4159 873 4192 anuos.

153 4241 209 4290 pars
221 4225 252 4272 ad
268 4225 415 4287 gravitatem
432 4225 567 4287 composita
577 4224 701 4287 hymnum
776 4223 869 4284 Nupta
885 4222 937 4270 ium
954 4223 1028 4271 dices.
1050 4221 1122 4282 Quae
1139 4220 1295 4271 adhortatio!

154 4303 279 4366 Apollinis
296 4303 416 4352 continet!
743 4300 868 4351 “Strenue
889 4306 914 4350 et
932 4300 1047 4349 alacriter
1064 4301 1137 4350 disee.
1172 4301 1296 4366 Alioquin
