<?xml version="1.0" encoding="UTF-8"?>
<!DOCTYPE html PUBLIC "-//W3C//DTD XHTML 1.0 Transitional//EN"
    "http://www.w3.org/TR/xhtml1/DTD/xhtml1-transitional.dtd">
<html xmlns="http://www.w3.org/1999/xhtml" xml:lang="en" lang="en">
 <head>
  <title>
</title>
<meta http-equiv="Content-Type" content="text/html;charset=utf-8" />
  <meta name='ocr-system' content='tesseract 3.04.00' />
  <meta name='ocr-capabilities' content='ocr_page ocr_carea ocr_par ocr_line ocrx_word'/>
</head>
<body>
  <div class='ocr_page' id='page_1' title='image "./qhoratiiflaccic00horagoog_0219.png"; bbox 0 0 2916 5220; ppageno 0'>
   <div class='ocr_carea' id='block_1_1' title="bbox 557 304 874 370">
    <p class='ocr_par' dir='ltr' id='par_1_1' title="bbox 557 304 874 370">
     <span class='ocr_line' id='line_1_1' title="bbox 557 304 874 370; baseline -0.006 0"><span class='ocrx_word' id='word_1_1' title='bbox 557 304 874 370; x_wconf 82' lang='lat' dir='ltr'><em>CARMINUM</em></span> 
     </span>
    </p>
   </div>
   <div class='ocr_carea' id='block_1_2' title="bbox 329 501 1008 1727">
    <p class='ocr_par' dir='ltr' id='par_1_2' title="bbox 331 501 966 1107">
     <span class='ocr_line' id='line_1_2' title="bbox 377 501 837 594; baseline -0.02 -21"><span class='ocrx_word' id='word_1_2' title='bbox 377 510 538 594; x_wconf 79' lang='lat' dir='ltr'><em>Spurpeut</em></span> <span class='ocrx_word' id='word_1_3' title='bbox 560 503 680 569; x_wconf 79' lang='lat' dir='ltr'><em>olivetis</em></span> <span class='ocrx_word' id='word_1_4' title='bbox 698 501 837 582; x_wconf 82' lang='lat' dir='ltr'><em>odorem,</em></span> 
     </span>
     <span class='ocr_line' id='line_1_3' title="bbox 419 608 879 691; baseline -0.015 -15"><span class='ocrx_word' id='word_1_5' title='bbox 419 608 590 676; x_wconf 84' lang='lat' dir='ltr'><em>Fertilibus</em></span> <span class='ocrx_word' id='word_1_6' title='bbox 612 608 735 672; x_wconf 87' lang='lat' dir='ltr'><em>domiuo</em></span> <span class='ocrx_word' id='word_1_7' title='bbox 752 609 879 691; x_wconf 77' lang='lat' dir='ltr'><em>priori:</em></span> 
     </span>
     <span class='ocr_line' id='line_1_4' title="bbox 333 707 956 800; baseline -0.011 -22"><span class='ocrx_word' id='word_1_8' title='bbox 333 717 410 780; x_wconf 89' lang='lat' dir='ltr'><em>Tum</em></span> <span class='ocrx_word' id='word_1_9' title='bbox 434 717 540 800; x_wconf 89' lang='lat' dir='ltr'><em>spisso</em></span> <span class='ocrx_word' id='word_1_10' title='bbox 562 714 661 776; x_wconf 87' lang='lat' dir='ltr'><em>rumis</em></span> <span class='ocrx_word' id='word_1_11' title='bbox 685 709 794 773; x_wconf 85' lang='lat' dir='ltr'><em>luureu</em></span> <span class='ocrx_word' id='word_1_12' title='bbox 806 707 956 792; x_wconf 78' lang='lat' dir='ltr'><em>feruidus</em></span> 
     </span>
     <span class='ocr_line' id='line_1_5' title="bbox 331 800 944 883; baseline -0.016 0"><span class='ocrx_word' id='word_1_13' title='bbox 331 817 489 883; x_wconf 77' lang='lat' dir='ltr'><em>Excludet</em></span> <span class='ocrx_word' id='word_1_14' title='bbox 513 820 600 881; x_wconf 88' lang='lat' dir='ltr'><em>ictus.</em></span> <span class='ocrx_word' id='word_1_15' title='bbox 648 800 724 877; x_wconf 81' lang='lat' dir='ltr'><em>Nou</em></span> <span class='ocrx_word' id='word_1_16' title='bbox 747 815 793 876; x_wconf 90' lang='lat' dir='ltr'><em>itu</em></span> <span class='ocrx_word' id='word_1_17' title='bbox 816 809 944 875; x_wconf 82' lang='lat' dir='ltr'><em>Romul&#39;</em></span> 
     </span>
     <span class='ocr_line' id='line_1_6' title="bbox 373 913 966 1003; baseline -0.013 -19"><span class='ocrx_word' id='word_1_18' title='bbox 373 923 616 1003; x_wconf 83' lang='lat' dir='ltr'><em>Pruescmptum</em></span> <span class='ocrx_word' id='word_1_19' title='bbox 640 925 669 980; x_wconf 91' lang='lat' dir='ltr'><em>et</em></span> <span class='ocrx_word' id='word_1_20' title='bbox 693 917 809 979; x_wconf 91' lang='lat' dir='ltr'><em>iutousi</em></span> <span class='ocrx_word' id='word_1_21' title='bbox 836 913 966 978; x_wconf 80' lang='lat' dir='ltr'><em>Cutouis</em></span> 
     </span>
     <span class='ocr_line' id='line_1_7' title="bbox 418 1023 945 1107; baseline -0.017 -19"><span class='ocrx_word' id='word_1_22' title='bbox 418 1023 582 1107; x_wconf 71' lang='lat' dir='ltr'><em>Auspiciis</em></span> <span class='ocrx_word' id='word_1_23' title='bbox 611 1028 803 1102; x_wconf 76' lang='lat' dir='ltr'><em>veterumque</em></span> <span class='ocrx_word' id='word_1_24' title='bbox 825 1037 945 1081; x_wconf 88' lang='lat' dir='ltr'><em>uormu.</em></span> 
     </span>
    </p>

    <p class='ocr_par' dir='ltr' id='par_1_3' title="bbox 329 1118 1008 1727">
     <span class='ocr_line' id='line_1_8' title="bbox 329 1118 936 1201; baseline -0.015 -10"><span class='ocrx_word' id='word_1_25' title='bbox 329 1130 484 1193; x_wconf 77' lang='lat' dir='ltr'><em>Privatus</em></span> <span class='ocrx_word' id='word_1_26' title='bbox 507 1124 572 1190; x_wconf 83' lang='lat' dir='ltr'><em>iltis</em></span> <span class='ocrx_word' id='word_1_27' title='bbox 594 1142 704 1188; x_wconf 82' lang='lat' dir='ltr'><em>cerasus</em></span> <span class='ocrx_word' id='word_1_28' title='bbox 726 1129 796 1185; x_wconf 88' lang='lat' dir='ltr'><em>erut</em></span> <span class='ocrx_word' id='word_1_29' title='bbox 818 1118 936 1201; x_wconf 85' lang='lat' dir='ltr'><em>breuis,</em></span> 
     </span>
     <span class='ocr_line' id='line_1_9' title="bbox 334 1220 1008 1313; baseline -0.016 -17"><span class='ocrx_word' id='word_1_30' title='bbox 334 1231 497 1296; x_wconf 79' lang='lat' dir='ltr'><em>Commuue</em></span> <span class='ocrx_word' id='word_1_31' title='bbox 519 1248 680 1313; x_wconf 78' lang='lat' dir='ltr'><em>mupuum:</em></span> <span class='ocrx_word' id='word_1_32' title='bbox 704 1222 793 1288; x_wconf 82' lang='lat' dir='ltr'><em>uultu</em></span> <span class='ocrx_word' id='word_1_33' title='bbox 816 1220 1008 1306; x_wconf 77' lang='lat' dir='ltr'><em>decempedis</em></span> 
     </span>
     <span class='ocr_line' id='line_1_10' title="bbox 373 1332 810 1415; baseline -0.014 -20"><span class='ocrx_word' id='word_1_34' title='bbox 373 1334 497 1397; x_wconf 89' lang='lat' dir='ltr'><em>Metoto</em></span> <span class='ocrx_word' id='word_1_35' title='bbox 514 1332 656 1415; x_wconf 88' lang='lat' dir='ltr'><em>priuutis</em></span> <span class='ocrx_word' id='word_1_36' title='bbox 679 1347 810 1411; x_wconf 83' lang='lat' dir='ltr'><em>opaeum</em></span> 
     </span>
     <span class='ocr_line' id='line_1_11' title="bbox 419 1427 928 1515; baseline -0.016 -17"><span class='ocrx_word' id='word_1_37' title='bbox 419 1437 570 1499; x_wconf 75' lang='lat' dir='ltr'><em>Porticus</em></span> <span class='ocrx_word' id='word_1_38' title='bbox 592 1427 767 1515; x_wconf 79' lang='lat' dir='ltr'><em>excipiebat</em></span> <span class='ocrx_word' id='word_1_39' title='bbox 790 1428 928 1493; x_wconf 89' lang='lat' dir='ltr'><em>Aretou:</em></span> 
     </span>
     <span class='ocr_line' id='line_1_12' title="bbox 331 1534 927 1624; baseline -0.015 -21"><span class='ocrx_word' id='word_1_40' title='bbox 331 1539 400 1603; x_wconf 90' lang='lat' dir='ltr'><em>Nec</em></span> <span class='ocrx_word' id='word_1_41' title='bbox 412 1536 588 1624; x_wconf 80' lang='lat' dir='ltr'><em>fortuitum</em></span> <span class='ocrx_word' id='word_1_42' title='bbox 610 1553 759 1619; x_wconf 89' lang='lat' dir='ltr'><em>speruere</em></span> <span class='ocrx_word' id='word_1_43' title='bbox 781 1534 927 1616; x_wconf 75' lang='lat' dir='ltr'><em>cespitem</em></span> 
     </span>
     <span class='ocr_line' id='line_1_13' title="bbox 329 1633 902 1727; baseline -0.016 -21"><span class='ocrx_word' id='word_1_44' title='bbox 329 1643 428 1727; x_wconf 77' lang='lat' dir='ltr'><em>Lepos</em></span> <span class='ocrx_word' id='word_1_45' title='bbox 451 1639 611 1721; x_wconf 83' lang='lat' dir='ltr'><em>siuebout,</em></span> <span class='ocrx_word' id='word_1_46' title='bbox 636 1635 757 1721; x_wconf 83' lang='lat' dir='ltr'><em>oppidu</em></span> <span class='ocrx_word' id='word_1_47' title='bbox 774 1633 902 1720; x_wconf 86' lang='lat' dir='ltr'><em>publico</em></span> 
     </span>
    </p>
   </div>
   <div class='ocr_carea' id='block_1_3' title="bbox 90 1767 1295 2377">
    <p class='ocr_par' dir='ltr' id='par_1_4' title="bbox 149 1767 1295 1996">
     <span class='ocr_line' id='line_1_14' title="bbox 151 1767 1294 1832; baseline -0.005 -10"><span class='ocrx_word' id='word_1_48' title='bbox 151 1777 207 1824; x_wconf 88' lang='lat' dir='ltr'><em>dem</em></span> <span class='ocrx_word' id='word_1_49' title='bbox 230 1775 257 1822; x_wconf 94' lang='lat' dir='ltr'><em>in</em></span> <span class='ocrx_word' id='word_1_50' title='bbox 279 1774 383 1823; x_wconf 85' lang='lat' dir='ltr'><em>Timone</em></span> <span class='ocrx_word' id='word_1_51' title='bbox 407 1771 505 1820; x_wconf 83' lang='lat' dir='ltr'><em>ridiculi</em></span> <span class='ocrx_word' id='word_1_52' title='bbox 531 1785 618 1819; x_wconf 89' lang='lat' dir='ltr'><em>caussa</em></span> <span class='ocrx_word' id='word_1_53' title='bbox 644 1768 702 1817; x_wconf 89' lang='lat' dir='ltr'><em>facit</em></span> <span class='ocrx_word' id='word_1_54' title='bbox 742 1768 864 1816; x_wconf 81' lang='lat' dir='ltr'><em>orationes</em></span> <span class='ocrx_word' id='word_1_55' title='bbox 886 1775 911 1817; x_wconf 89' lang='lat' dir='ltr'><em>et</em></span> <span class='ocrx_word' id='word_1_56' title='bbox 930 1767 1052 1832; x_wconf 88' lang='lat' dir='ltr'><em>querelae.</em></span> <span class='ocrx_word' id='word_1_57' title='bbox 1089 1769 1212 1831; x_wconf 84' lang='lat' dir='ltr'><em>Auspicia</em></span> <span class='ocrx_word' id='word_1_58' title='bbox 1234 1783 1294 1817; x_wconf 91' lang='lat' dir='ltr'><em>non·</em></span> 
     </span>
     <span class='ocr_line' id='line_1_15' title="bbox 151 1845 1295 1912; baseline -0.003 -11"><span class='ocrx_word' id='word_1_59' title='bbox 151 1854 236 1903; x_wconf 78' lang='lat' dir='ltr'><em>Iovem</em></span> <span class='ocrx_word' id='word_1_60' title='bbox 254 1854 387 1902; x_wconf 83' lang='lat' dir='ltr'><em>dicentem:</em></span> <span class='ocrx_word' id='word_1_61' title='bbox 410 1851 446 1900; x_wconf 83' lang='grc' dir='ltr'><em>ἔτι</em></span> <span class='ocrx_word' id='word_1_62' title='bbox 468 1851 495 1899; x_wconf 81' lang='grc' dir='ltr'><em>ἐν</em></span> <span class='ocrx_word' id='word_1_63' title='bbox 512 1853 568 1906; x_wconf 81' lang='grc' dir='ltr'><em>ταῖς</em></span> <span class='ocrx_word' id='word_1_64' title='bbox 583 1846 635 1912; x_wconf 87' lang='grc' dir='ltr'>ῥισὶ</span> <span class='ocrx_word' id='word_1_65' title='bbox 652 1848 702 1906; x_wconf 85' lang='grc' dir='ltr'><em>τὴν</em></span> <span class='ocrx_word' id='word_1_66' title='bbox 743 1845 807 1894; x_wconf 92' lang='lat' dir='ltr'><em>nulli</em></span> <span class='ocrx_word' id='word_1_67' title='bbox 836 1860 880 1909; x_wconf 92' lang='lat' dir='ltr'><em>pro</em></span> <span class='ocrx_word' id='word_1_68' title='bbox 909 1849 1020 1909; x_wconf 75' lang='lat' dir='ltr'><em>exemplo</em></span> <span class='ocrx_word' id='word_1_69' title='bbox 1045 1855 1155 1896; x_wconf 87' lang='lat' dir='ltr'><em>sumunt.</em></span> <span class='ocrx_word' id='word_1_70' title='bbox 1197 1847 1295 1898; x_wconf 79' lang='lat' dir='ltr'>Contra</span> 
     </span>
     <span class='ocr_line' id='line_1_16' title="bbox 149 1924 912 1996; baseline -0.008 -15"><span class='ocrx_word' id='word_1_71' title='bbox 149 1933 254 1982; x_wconf 82' lang='lat' dir='ltr'><em>ruiooau</em></span> <span class='ocrx_word' id='word_1_72' title='bbox 269 1931 365 1996; x_wconf 82' lang='grc' dir='ltr'>μηρίων</span> <span class='ocrx_word' id='word_1_73' title='bbox 382 1928 438 1993; x_wconf 76' lang='grc' dir='ltr'><strong>ἐ’χω.</strong></span> <span class='ocrx_word' id='word_1_74' title='bbox 742 1924 912 1976; x_wconf 69' lang='lat' dir='ltr'><em>Latinitatem.</em></span> 
     </span>
    </p>

    <p class='ocr_par' dir='ltr' id='par_1_5' title="bbox 90 2004 1295 2377">
     <span class='ocr_line' id='line_1_17' title="bbox 184 2004 1293 2074; baseline -0.006 -15"><span class='ocrx_word' id='word_1_75' title='bbox 184 2011 417 2074; x_wconf 78' lang='lat' dir='ltr'><em>Spurpeutotimtis</em></span> <span class='ocrx_word' id='word_1_76' title='bbox 430 2010 535 2057; x_wconf 85' lang='lat' dir='ltr'><em>odorem.</em></span> <span class='ocrx_word' id='word_1_77' title='bbox 552 2007 623 2068; x_wconf 83' lang='lat' dir='ltr'><em>Ergo</em></span> <span class='ocrx_word' id='word_1_78' title='bbox 633 2019 700 2068; x_wconf 88' lang='lat' dir='ltr'><em>myr-</em></span> <span class='ocrx_word' id='word_1_79' title='bbox 777 2004 912 2054; x_wconf 83' lang='lat' dir='ltr'><em>Couuuuue</em></span> <span class='ocrx_word' id='word_1_80' title='bbox 920 2021 1043 2070; x_wconf 66' lang='lat' dir='ltr'><em>umquam.</em></span> <span class='ocrx_word' id='word_1_81' title='bbox 1061 2005 1157 2067; x_wconf 83' lang='lat' dir='ltr'><em>Nempe</em></span> <span class='ocrx_word' id='word_1_82' title='bbox 1165 2005 1220 2053; x_wconf 85' lang='lat' dir='ltr'><em>iliis</em></span> <span class='ocrx_word' id='word_1_83' title='bbox 1229 2010 1293 2053; x_wconf 87' lang='lat' dir='ltr'><em>erut.</em></span> 
     </span>
     <span class='ocr_line' id='line_1_18' title="bbox 151 2083 1295 2150; baseline -0.005 -12"><span class='ocrx_word' id='word_1_84' title='bbox 151 2097 206 2149; x_wconf 82' lang='lat' dir='ltr'><em>tus,</em></span> <span class='ocrx_word' id='word_1_85' title='bbox 227 2089 331 2138; x_wconf 86' lang='lat' dir='ltr'><em>violaria</em></span> <span class='ocrx_word' id='word_1_86' title='bbox 356 2095 381 2137; x_wconf 89' lang='lat' dir='ltr'><em>et</em></span> <span class='ocrx_word' id='word_1_87' title='bbox 405 2087 484 2136; x_wconf 90' lang='lat' dir='ltr'><em>onmis</em></span> <span class='ocrx_word' id='word_1_88' title='bbox 509 2085 579 2150; x_wconf 85' lang='lat' dir='ltr'><em>eopia</em></span> <span class='ocrx_word' id='word_1_89' title='bbox 603 2086 700 2134; x_wconf 88' lang='lat' dir='ltr'><em>narium</em></span> <span class='ocrx_word' id='word_1_90' title='bbox 742 2083 825 2146; x_wconf 81' lang='lat' dir='ltr'><em>Igitur</em></span> <span class='ocrx_word' id='word_1_91' title='bbox 845 2090 870 2133; x_wconf 87' lang='lat' dir='ltr'><em>et</em></span> <span class='ocrx_word' id='word_1_92' title='bbox 890 2085 992 2148; x_wconf 88' lang='lat' dir='ltr'><em>pauperi</em></span> <span class='ocrx_word' id='word_1_93' title='bbox 1008 2083 1126 2134; x_wconf 91' lang='lat' dir='ltr'><em>Romulo.</em></span> <span class='ocrx_word' id='word_1_94' title='bbox 1159 2085 1195 2133; x_wconf 83' lang='lat' dir='ltr'><em>Et</em></span> <span class='ocrx_word' id='word_1_95' title='bbox 1212 2084 1295 2133; x_wconf 88' lang='lat' dir='ltr'><em>dicere</em></span> 
     </span>
     <span class='ocr_line' id='line_1_19' title="bbox 90 2163 1292 2230; baseline -0.006 -13"><span class='ocrx_word' id='word_1_96' title='bbox 90 2188 93 2192; x_wconf 91' lang='lat'>·</span> <span class='ocrx_word' id='word_1_97' title='bbox 152 2170 218 2217; x_wconf 87' lang='lat' dir='ltr'><em>iuter</em></span> <span class='ocrx_word' id='word_1_98' title='bbox 234 2168 313 2217; x_wconf 84' lang='lat' dir='ltr'><em>olivas</em></span> <span class='ocrx_word' id='word_1_99' title='bbox 329 2166 513 2230; x_wconf 87' lang='lat' dir='ltr'><em>plantabantur.</em></span> <span class='ocrx_word' id='word_1_100' title='bbox 547 2164 619 2226; x_wconf 84' lang='lat' dir='ltr'><em>Quod</em></span> <span class='ocrx_word' id='word_1_101' title='bbox 643 2164 700 2213; x_wconf 90' lang='lat' dir='ltr'><em>alie·</em></span> <span class='ocrx_word' id='word_1_102' title='bbox 742 2163 861 2213; x_wconf 88' lang='lat' dir='ltr'><em>debuerat</em></span> <span class='ocrx_word' id='word_1_103' title='bbox 877 2165 1012 2213; x_wconf 84' lang='lat' dir='ltr'><em>eorumuuis</em></span> <span class='ocrx_word' id='word_1_104' title='bbox 1028 2179 1138 2226; x_wconf 81' lang='lat' dir='ltr'><em>umpuus.</em></span> <span class='ocrx_word' id='word_1_105' title='bbox 1172 2163 1231 2211; x_wconf 91' lang='lat' dir='ltr'><em>Non</em></span> <span class='ocrx_word' id='word_1_106' title='bbox 1248 2178 1292 2226; x_wconf 90' lang='lat' dir='ltr'><em>po·</em></span> 
     </span>
     <span class='ocr_line' id='line_1_20' title="bbox 150 2242 1294 2304; baseline -0.004 -8"><span class='ocrx_word' id='word_1_107' title='bbox 150 2263 212 2296; x_wconf 91' lang='lat' dir='ltr'><em>num</em></span> <span class='ocrx_word' id='word_1_108' title='bbox 240 2247 271 2294; x_wconf 93' lang='lat' dir='ltr'><em>ab</em></span> <span class='ocrx_word' id='word_1_109' title='bbox 300 2246 404 2293; x_wconf 82' lang='lat' dir='ltr'><em>Istorum</em></span> <span class='ocrx_word' id='word_1_110' title='bbox 425 2243 555 2292; x_wconf 91' lang='lat' dir='ltr'><em>hominum</em></span> <span class='ocrx_word' id='word_1_111' title='bbox 577 2243 701 2304; x_wconf 80' lang='lat' dir='ltr'><em>elegantia</em></span> <span class='ocrx_word' id='word_1_112' title='bbox 742 2242 791 2290; x_wconf 87' lang='lat' dir='ltr'><em>tuit</em></span> <span class='ocrx_word' id='word_1_113' title='bbox 808 2242 881 2290; x_wconf 87' lang='lat' dir='ltr'><em>metri</em></span> <span class='ocrx_word' id='word_1_114' title='bbox 897 2257 979 2291; x_wconf 90' lang='lat' dir='ltr'><em>causa.</em></span> <span class='ocrx_word' id='word_1_115' title='bbox 1010 2243 1111 2304; x_wconf 85' lang='lat' dir='ltr'><em>Quanto</em></span> <span class='ocrx_word' id='word_1_116' title='bbox 1127 2243 1218 2292; x_wconf 89' lang='lat' dir='ltr'><em>melius</em></span> <span class='ocrx_word' id='word_1_117' title='bbox 1235 2244 1294 2291; x_wconf 85' lang='lat' dir='ltr'><em>seri-</em></span> 
     </span>
     <span class='ocr_line' id='line_1_21' title="bbox 151 2321 702 2377; baseline -0.011 -1"><span class='ocrx_word' id='word_1_118' title='bbox 151 2332 176 2376; x_wconf 92' lang='lat' dir='ltr'><em>et</em></span> <span class='ocrx_word' id='word_1_119' title='bbox 193 2326 310 2374; x_wconf 89' lang='lat' dir='ltr'><em>arborum</em></span> <span class='ocrx_word' id='word_1_120' title='bbox 326 2329 423 2371; x_wconf 90' lang='lat' dir='ltr'><em>natura.</em></span> <span class='ocrx_word' id='word_1_121' title='bbox 452 2322 490 2370; x_wconf 86' lang='lat' dir='ltr'><em>At</em></span> <span class='ocrx_word' id='word_1_122' title='bbox 502 2321 604 2377; x_wconf 87' lang='lat' dir='ltr'><em>oliveta,</em></span> <span class='ocrx_word' id='word_1_123' title='bbox 616 2321 702 2370; x_wconf 86' lang='lat' dir='ltr'><em>dieunt</em></span> 
     </span>
    </p>
   </div>
   <div class='ocr_carea' id='block_1_4' title="bbox 150 2400 701 2923">
    <p class='ocr_par' dir='ltr' id='par_1_6' title="bbox 150 2400 701 2625">
     <span class='ocr_line' id='line_1_22' title="bbox 150 2400 701 2469; baseline -0.015 -14"><span class='ocrx_word' id='word_1_124' title='bbox 150 2408 308 2469; x_wconf 85' lang='lat' dir='ltr'><em>interpretes,</em></span> <span class='ocrx_word' id='word_1_125' title='bbox 330 2409 389 2450; x_wconf 91' lang='lat' dir='ltr'><em>sunt</em></span> <span class='ocrx_word' id='word_1_126' title='bbox 405 2400 461 2465; x_wconf 80' lang='lat' dir='ltr'><em>agri</em></span> <span class='ocrx_word' id='word_1_127' title='bbox 476 2401 537 2449; x_wconf 91' lang='lat' dir='ltr'><em>olim</em></span> <span class='ocrx_word' id='word_1_128' title='bbox 553 2401 626 2448; x_wconf 85' lang='lat' dir='ltr'><em>olivis</em></span> <span class='ocrx_word' id='word_1_129' title='bbox 642 2415 701 2448; x_wconf 88' lang='lat' dir='ltr'><em>con·</em></span> 
     </span>
     <span class='ocr_line' id='line_1_23' title="bbox 151 2479 701 2543; baseline -0.013 -11"><span class='ocrx_word' id='word_1_130' title='bbox 151 2487 196 2533; x_wconf 89' lang='lat' dir='ltr'><em>siti.</em></span> <span class='ocrx_word' id='word_1_131' title='bbox 237 2484 362 2534; x_wconf 82' lang='lat' dir='ltr'><em>Putabam</em></span> <span class='ocrx_word' id='word_1_132' title='bbox 387 2495 488 2543; x_wconf 82' lang='lat' dir='ltr'><em>agrum,</em></span> <span class='ocrx_word' id='word_1_133' title='bbox 514 2479 592 2527; x_wconf 88' lang='lat' dir='ltr'><em>erutis</em></span> <span class='ocrx_word' id='word_1_134' title='bbox 616 2479 701 2536; x_wconf 86' lang='lat' dir='ltr'><em>olivis,</em></span> 
     </span>
     <span class='ocr_line' id='line_1_24' title="bbox 152 2558 538 2625; baseline -0.008 -16"><span class='ocrx_word' id='word_1_135' title='bbox 152 2577 201 2610; x_wconf 92' lang='lat' dir='ltr'><em>non</em></span> <span class='ocrx_word' id='word_1_136' title='bbox 219 2561 326 2625; x_wconf 90' lang='lat' dir='ltr'><em>amplius</em></span> <span class='ocrx_word' id='word_1_137' title='bbox 343 2574 395 2609; x_wconf 88' lang='lat' dir='ltr'><em>esse</em></span> <span class='ocrx_word' id='word_1_138' title='bbox 412 2558 538 2607; x_wconf 85' lang='lat' dir='ltr'><em>olivetum.</em></span> 
     </span>
    </p>

    <p class='ocr_par' dir='ltr' id='par_1_7' title="bbox 153 2635 701 2859">
     <span class='ocr_line' id='line_1_25' title="bbox 187 2635 700 2699; baseline -0.004 -12"><span class='ocrx_word' id='word_1_139' title='bbox 187 2641 325 2688; x_wconf 81' lang='lat' dir='ltr'><em>Fertilitas</em></span> <span class='ocrx_word' id='word_1_140' title='bbox 351 2639 449 2686; x_wconf 79' lang='lat' dir='ltr'><em>douriuo</em></span> <span class='ocrx_word' id='word_1_141' title='bbox 472 2638 563 2699; x_wconf 81' lang='lat' dir='ltr'><em>priori.</em></span> <span class='ocrx_word' id='word_1_142' title='bbox 603 2635 700 2698; x_wconf 83' lang='lat' dir='ltr'><em>Gogav.</em></span> 
     </span>
     <span class='ocr_line' id='line_1_26' title="bbox 154 2714 701 2780; baseline -0.009 -13"><span class='ocrx_word' id='word_1_143' title='bbox 154 2717 291 2766; x_wconf 87' lang='lat' dir='ltr'><em>Praeterm.</em></span> <span class='ocrx_word' id='word_1_144' title='bbox 308 2732 365 2780; x_wconf 86' lang='lat' dir='ltr'><em>pag.</em></span> <span class='ocrx_word' id='word_1_145' title='bbox 382 2716 424 2764; x_wconf 80' lang='lat'><em>28.</em></span> <span class='ocrx_word' id='word_1_146' title='bbox 440 2717 557 2778; x_wconf 87' lang='lat' dir='ltr'><em>priorem.</em></span> <span class='ocrx_word' id='word_1_147' title='bbox 579 2714 635 2763; x_wconf 89' lang='lat' dir='ltr'><em>Hoc</em></span> <span class='ocrx_word' id='word_1_148' title='bbox 650 2723 701 2774; x_wconf 82' lang='lat' dir='ltr'><em>est,</em></span> 
     </span>
     <span class='ocr_line' id='line_1_27' title="bbox 153 2794 511 2859; baseline -0.011 -14"><span class='ocrx_word' id='word_1_149' title='bbox 153 2799 275 2859; x_wconf 87' lang='lat' dir='ltr'><em>potiorem</em></span> <span class='ocrx_word' id='word_1_150' title='bbox 291 2796 391 2844; x_wconf 89' lang='lat' dir='ltr'><em>odorem</em></span> <span class='ocrx_word' id='word_1_151' title='bbox 408 2794 511 2842; x_wconf 88' lang='lat' dir='ltr'><em>olivetis.</em></span> 
     </span>
    </p>

    <p class='ocr_par' dir='ltr' id='par_1_8' title="bbox 188 2871 700 2923">
     <span class='ocr_line' id='line_1_28' title="bbox 188 2871 700 2923; baseline -0.004 0"><span class='ocrx_word' id='word_1_152' title='bbox 188 2876 307 2923; x_wconf 79' lang='lat' dir='ltr'><em>Feretrios</em></span> <span class='ocrx_word' id='word_1_153' title='bbox 324 2874 452 2921; x_wconf 79' lang='lat' dir='ltr'><em>Euctuou</em></span> <span class='ocrx_word' id='word_1_154' title='bbox 468 2874 542 2921; x_wconf 87' lang='lat' dir='ltr'><em>ictus.</em></span> <span class='ocrx_word' id='word_1_155' title='bbox 576 2871 630 2920; x_wconf 89' lang='lat' dir='ltr'><em>Hoc</em></span> <span class='ocrx_word' id='word_1_156' title='bbox 643 2887 700 2921; x_wconf 88' lang='lat' dir='ltr'><em>vere</em></span> 
     </span>
    </p>
   </div>
   <div class='ocr_carea' id='block_1_5' title="bbox 65 2950 701 3014">
    <p class='ocr_par' dir='ltr' id='par_1_9' title="bbox 65 2950 701 3014">
     <span class='ocr_line' id='line_1_29' title="bbox 65 2950 701 3014; baseline 0.008 -19"><span class='ocrx_word' id='word_1_157' title='bbox 65 2992 66 2995; x_wconf 75' lang='grc'>,</span> <span class='ocrx_word' id='word_1_158' title='bbox 155 2952 274 3000; x_wconf 85' lang='lat' dir='ltr'><em>affirmari</em></span> <span class='ocrx_word' id='word_1_159' title='bbox 286 2957 377 3014; x_wconf 90' lang='lat' dir='ltr'><em>potest,</em></span> <span class='ocrx_word' id='word_1_160' title='bbox 388 2951 523 3007; x_wconf 87' lang='lat' dir='ltr'><em>neminem,</em></span> <span class='ocrx_word' id='word_1_161' title='bbox 534 2964 614 3012; x_wconf 90' lang='lat' dir='ltr'><em>neque</em></span> <span class='ocrx_word' id='word_1_162' title='bbox 625 2950 701 3001; x_wconf 79' lang='lat' dir='ltr'><em>Grae</em></span> 
     </span>
    </p>
   </div>
   <div class='ocr_carea' id='block_1_6' title="bbox 153 3029 701 3094">
    <p class='ocr_par' dir='ltr' id='par_1_10' title="bbox 153 3029 701 3094">
     <span class='ocr_line' id='line_1_30' title="bbox 153 3029 701 3094; baseline -0.004 -16"><span class='ocrx_word' id='word_1_163' title='bbox 153 3046 210 3079; x_wconf 90' lang='lat' dir='ltr'><em>cum</em></span> <span class='ocrx_word' id='word_1_164' title='bbox 227 3045 306 3094; x_wconf 89' lang='lat' dir='ltr'><em>neque</em></span> <span class='ocrx_word' id='word_1_165' title='bbox 327 3029 469 3078; x_wconf 85' lang='lat' dir='ltr'><em>Romanum</em></span> <span class='ocrx_word' id='word_1_166' title='bbox 490 3029 597 3091; x_wconf 86' lang='lat' dir='ltr'><em>posuisse</em></span> <span class='ocrx_word' id='word_1_167' title='bbox 617 3029 701 3091; x_wconf 85' lang='grc' dir='ltr'>βολὰς</span> 
     </span>
    </p>
   </div>
   <div class='ocr_carea' id='block_1_7' title="bbox 741 2320 1295 3096">
    <p class='ocr_par' dir='ltr' id='par_1_11' title="bbox 741 2320 1295 3096">
     <span class='ocr_line' id='line_1_31' title="bbox 741 2320 1294 2384; baseline 0.004 -16"><span class='ocrx_word' id='word_1_168' title='bbox 741 2320 839 2383; x_wconf 89' lang='lat' dir='ltr'><em>psisset:</em></span> <span class='ocrx_word' id='word_1_169' title='bbox 856 2324 993 2371; x_wconf 81' lang='lat' dir='ltr'><em>comurunis</em></span> <span class='ocrx_word' id='word_1_170' title='bbox 1007 2324 1101 2384; x_wconf 76' lang='lat' dir='ltr'><em>imperes.</em></span> <span class='ocrx_word' id='word_1_171' title='bbox 1134 2321 1208 2382; x_wconf 86' lang='lat' dir='ltr'><em>Quod</em></span> <span class='ocrx_word' id='word_1_172' title='bbox 1226 2337 1294 2370; x_wconf 89' lang='lat' dir='ltr'><em>nuuc</em></span> 
     </span>
     <span class='ocr_line' id='line_1_32' title="bbox 742 2400 1293 2463; baseline 0.005 -16"><span class='ocrx_word' id='word_1_173' title='bbox 742 2400 860 2462; x_wconf 81' lang='lat' dir='ltr'><em>legimus,</em></span> <span class='ocrx_word' id='word_1_174' title='bbox 877 2417 1003 2450; x_wconf 81' lang='lat' dir='ltr'><em>eorruuuue</em></span> <span class='ocrx_word' id='word_1_175' title='bbox 1016 2416 1145 2463; x_wconf 76' lang='lat' dir='ltr'><em>oropuum,</em></span> <span class='ocrx_word' id='word_1_176' title='bbox 1154 2400 1293 2462; x_wconf 82' lang='lat' dir='ltr'><em>signifieat:</em></span> 
     </span>
     <span class='ocr_line' id='line_1_33' title="bbox 742 2479 1294 2542; baseline -0.002 -14"><span class='ocrx_word' id='word_1_177' title='bbox 742 2482 833 2529; x_wconf 79' lang='lat' dir='ltr'><em>cia-itus</em></span> <span class='ocrx_word' id='word_1_178' title='bbox 849 2486 906 2528; x_wconf 87' lang='lat' dir='ltr'><em>erut</em></span> <span class='ocrx_word' id='word_1_179' title='bbox 923 2495 1014 2542; x_wconf 83' lang='lat' dir='ltr'><em>ruupuu</em></span> <span class='ocrx_word' id='word_1_180' title='bbox 1030 2485 1056 2528; x_wconf 87' lang='lat' dir='ltr'><em>et</em></span> <span class='ocrx_word' id='word_1_181' title='bbox 1071 2485 1167 2541; x_wconf 83' lang='lat' dir='ltr'><em>potere.</em></span> <span class='ocrx_word' id='word_1_182' title='bbox 1186 2479 1236 2530; x_wconf 89' lang='lat' dir='ltr'><em>Sed</em></span> <span class='ocrx_word' id='word_1_183' title='bbox 1248 2480 1294 2528; x_wconf 90' lang='lat' dir='ltr'><em>hoc</em></span> 
     </span>
     <span class='ocr_line' id='line_1_34' title="bbox 743 2557 1295 2622; baseline 0.005 -16"><span class='ocrx_word' id='word_1_184' title='bbox 743 2557 790 2606; x_wconf 86' lang='lat' dir='ltr'><em>fuit</em></span> <span class='ocrx_word' id='word_1_185' title='bbox 802 2559 942 2622; x_wconf 80' lang='lat' dir='ltr'><em>respublica</em></span> <span class='ocrx_word' id='word_1_186' title='bbox 950 2559 1065 2607; x_wconf 87' lang='lat' dir='ltr'><em>Romana</em></span> <span class='ocrx_word' id='word_1_187' title='bbox 1076 2557 1102 2606; x_wconf 91' lang='lat' dir='ltr'><em>in</em></span> <span class='ocrx_word' id='word_1_188' title='bbox 1109 2573 1217 2621; x_wconf 82' lang='lat' dir='ltr'><em>paupere</em></span> <span class='ocrx_word' id='word_1_189' title='bbox 1227 2574 1295 2608; x_wconf 87' lang='lat' dir='ltr'><em>aera·</em></span> 
     </span>
     <span class='ocr_line' id='line_1_35' title="bbox 743 2636 1294 2700; baseline 0.005 -16"><span class='ocrx_word' id='word_1_190' title='bbox 743 2637 786 2686; x_wconf 84' lang='lat' dir='ltr'><em>rio.</em></span> <span class='ocrx_word' id='word_1_191' title='bbox 807 2638 955 2700; x_wconf 83' lang='lat' dir='ltr'><em>Elegantius</em></span> <span class='ocrx_word' id='word_1_192' title='bbox 971 2636 1073 2686; x_wconf 89' lang='lat' dir='ltr'><em>eandem</em></span> <span class='ocrx_word' id='word_1_193' title='bbox 1090 2638 1238 2685; x_wconf 84' lang='lat' dir='ltr'><em>seutentiam</em></span> <span class='ocrx_word' id='word_1_194' title='bbox 1252 2654 1294 2687; x_wconf 82' lang='lat' dir='ltr'><em>ex·</em></span> 
     </span>
     <span class='ocr_line' id='line_1_36' title="bbox 742 2714 1293 2780; baseline 0.002 -16"><span class='ocrx_word' id='word_1_195' title='bbox 742 2718 832 2780; x_wconf 86' lang='lat' dir='ltr'><em>pressit</em></span> <span class='ocrx_word' id='word_1_196' title='bbox 855 2717 959 2767; x_wconf 84' lang='lat' dir='ltr'><em>Sallust.</em></span> <span class='ocrx_word' id='word_1_197' title='bbox 981 2714 1056 2766; x_wconf 84' lang='lat' dir='ltr'><em>Catil.</em></span> <span class='ocrx_word' id='word_1_198' title='bbox 1077 2717 1101 2765; x_wconf 88' lang='lat'><em>9.</em></span> <span class='ocrx_word' id='word_1_199' title='bbox 1139 2719 1175 2764; x_wconf 87' lang='lat' dir='ltr'><em>Iu</em></span> <span class='ocrx_word' id='word_1_200' title='bbox 1196 2719 1293 2779; x_wconf 86' lang='lat' dir='ltr'><em>suppti-</em></span> 
     </span>
     <span class='ocr_line' id='line_1_37' title="bbox 743 2795 1295 2858; baseline -0.005 -14"><span class='ocrx_word' id='word_1_201' title='bbox 743 2798 790 2844; x_wconf 82' lang='lat' dir='ltr'><em>ciis</em></span> <span class='ocrx_word' id='word_1_202' title='bbox 815 2799 929 2845; x_wconf 88' lang='lat' dir='ltr'><em>Deorum</em></span> <span class='ocrx_word' id='word_1_203' title='bbox 954 2795 1096 2858; x_wconf 76' lang='lat' dir='ltr'><em>mopuifici,</em></span> <span class='ocrx_word' id='word_1_204' title='bbox 1121 2796 1187 2843; x_wconf 76' lang='lat' dir='ltr'><em>doreti</em></span> <span class='ocrx_word' id='word_1_205' title='bbox 1211 2798 1295 2856; x_wconf 86' lang='lat' dir='ltr'><em>porci.</em></span> 
     </span>
     <span class='ocr_line' id='line_1_38' title="bbox 743 2873 1294 2925; baseline 0.002 -3"><span class='ocrx_word' id='word_1_206' title='bbox 743 2875 803 2924; x_wconf 91' lang='lat' dir='ltr'><em>Vid.</em></span> <span class='ocrx_word' id='word_1_207' title='bbox 816 2875 886 2925; x_wconf 84' lang='lat' dir='ltr'><em>Cort.</em></span> <span class='ocrx_word' id='word_1_208' title='bbox 895 2875 971 2924; x_wconf 86' lang='lat' dir='ltr'><em>Adde</em></span> <span class='ocrx_word' id='word_1_209' title='bbox 979 2873 1065 2922; x_wconf 86' lang='lat' dir='ltr'><em>Valer.</em></span> <span class='ocrx_word' id='word_1_210' title='bbox 1074 2873 1180 2921; x_wconf 87' lang='lat' dir='ltr'><em>Maxim.</em></span> <span class='ocrx_word' id='word_1_211' title='bbox 1192 2873 1294 2923; x_wconf 91' lang='lat' dir='ltr'><em>lib.IV.</em></span> 
     </span>
     <span class='ocr_line' id='line_1_39' title="bbox 744 2950 1178 3017; baseline 0.002 -16"><span class='ocrx_word' id='word_1_212' title='bbox 744 2967 796 3017; x_wconf 87' lang='lat' dir='ltr'><em>cap.</em></span> <span class='ocrx_word' id='word_1_213' title='bbox 815 2955 843 3014; x_wconf 80' lang='lat'><em>4,</em></span> <span class='ocrx_word' id='word_1_214' title='bbox 860 2955 890 3004; x_wconf 92' lang='lat' dir='ltr'><em>de</em></span> <span class='ocrx_word' id='word_1_215' title='bbox 906 2950 1053 3017; x_wconf 85' lang='lat' dir='ltr'><em>paupertate</em></span> <span class='ocrx_word' id='word_1_216' title='bbox 1069 2952 1178 3002; x_wconf 86' lang='lat' dir='ltr'><em>laudata.</em></span> 
     </span>
     <span class='ocr_line' id='line_1_40' title="bbox 774 3030 1295 3096; baseline -0.002 -14"><span class='ocrx_word' id='word_1_217' title='bbox 774 3036 935 3096; x_wconf 85' lang='lat' dir='ltr'><em>Deccmpedis</em></span> <span class='ocrx_word' id='word_1_218' title='bbox 946 3030 1046 3081; x_wconf 85' lang='lat' dir='ltr'><em>Metutu</em></span> <span class='ocrx_word' id='word_1_219' title='bbox 1055 3033 1171 3096; x_wconf 64' lang='lat' dir='ltr'><em>priuatus.</em></span> <span class='ocrx_word' id='word_1_220' title='bbox 1189 3033 1220 3080; x_wconf 93' lang='lat' dir='ltr'><em>In</em></span> <span class='ocrx_word' id='word_1_221' title='bbox 1230 3033 1295 3082; x_wconf 87' lang='lat' dir='ltr'><em>anti-</em></span> 
     </span>
    </p>
   </div>
   <div class='ocr_carea' id='block_1_8' title="bbox 153 3107 1296 4360">
    <p class='ocr_par' dir='ltr' id='par_1_12' title="bbox 153 3107 1296 3650">
     <span class='ocr_line' id='line_1_41' title="bbox 153 3107 1295 3174; baseline 0.003 -16"><span class='ocrx_word' id='word_1_222' title='bbox 153 3117 178 3158; x_wconf 88' lang='lat' dir='ltr'><em>et</em></span> <span class='ocrx_word' id='word_1_223' title='bbox 201 3113 268 3160; x_wconf 83' lang='lat' dir='ltr'><em>ictus</em></span> <span class='ocrx_word' id='word_1_224' title='bbox 288 3109 324 3157; x_wconf 88' lang='lat' dir='ltr'><em>ita</em></span> <span class='ocrx_word' id='word_1_225' title='bbox 344 3109 396 3157; x_wconf 92' lang='lat' dir='ltr'><em>sine</em></span> <span class='ocrx_word' id='word_1_226' title='bbox 418 3108 500 3156; x_wconf 91' lang='lat' dir='ltr'><em>addito</em></span> <span class='ocrx_word' id='word_1_227' title='bbox 516 3107 616 3157; x_wconf 91' lang='lat' dir='ltr'><em>nomine</em></span> <span class='ocrx_word' id='word_1_228' title='bbox 631 3110 701 3169; x_wconf 75' lang='lat' dir='ltr'><em>solis,</em></span> <span class='ocrx_word' id='word_1_229' title='bbox 744 3112 862 3174; x_wconf 87' lang='lat' dir='ltr'><em>quissima</em></span> <span class='ocrx_word' id='word_1_230' title='bbox 870 3111 976 3161; x_wconf 87' lang='lat' dir='ltr'><em>editione</em></span> <span class='ocrx_word' id='word_1_231' title='bbox 985 3110 1118 3170; x_wconf 86' lang='lat' dir='ltr'><em>Prisciani,</em></span> <span class='ocrx_word' id='word_1_232' title='bbox 1134 3111 1201 3159; x_wconf 90' lang='lat' dir='ltr'><em>huuc</em></span> <span class='ocrx_word' id='word_1_233' title='bbox 1209 3110 1295 3161; x_wconf 87' lang='lat' dir='ltr'><em>locum</em></span> 
     </span>
     <span class='ocr_line' id='line_1_42' title="bbox 156 3187 1295 3247; baseline 0.004 -12"><span class='ocrx_word' id='word_1_234' title='bbox 156 3188 382 3244; x_wconf 69' lang='lat' dir='ltr'><em>Phoebicaeteris.</em></span> <span class='ocrx_word' id='word_1_235' title='bbox 400 3187 472 3238; x_wconf 82' lang='lat' dir='ltr'><em>Cous.</em></span> <span class='ocrx_word' id='word_1_236' title='bbox 486 3187 702 3238; x_wconf 86' lang='lat' dir='ltr'><em>Heius.ad0vid.</em></span> <span class='ocrx_word' id='word_1_237' title='bbox 745 3190 855 3247; x_wconf 86' lang='lat' dir='ltr'><em>citantis,</em></span> <span class='ocrx_word' id='word_1_238' title='bbox 872 3196 909 3239; x_wconf 84' lang='lat' dir='ltr'><em>est</em></span> <span class='ocrx_word' id='word_1_239' title='bbox 925 3195 1033 3240; x_wconf 77' lang='lat' dir='ltr'><em>irrutcta.</em></span> <span class='ocrx_word' id='word_1_240' title='bbox 1059 3189 1135 3238; x_wconf 83' lang='lat' dir='ltr'><em>Forte</em></span> <span class='ocrx_word' id='word_1_241' title='bbox 1159 3191 1208 3238; x_wconf 91' lang='lat' dir='ltr'><em>iam</em></span> <span class='ocrx_word' id='word_1_242' title='bbox 1234 3190 1295 3241; x_wconf 87' lang='lat' dir='ltr'><em>Hic·</em></span> 
     </span>
     <span class='ocr_line' id='line_1_43' title="bbox 155 3267 1295 3332; baseline 0.001 -15"><span class='ocrx_word' id='word_1_243' title='bbox 155 3269 187 3317; x_wconf 93' lang='lat' dir='ltr'><em>V.</em></span> <span class='ocrx_word' id='word_1_244' title='bbox 205 3269 310 3317; x_wconf 87' lang='lat' dir='ltr'><em>Metam.</em></span> <span class='ocrx_word' id='word_1_245' title='bbox 327 3269 384 3318; x_wconf 84' lang='lat'><em>389.</em></span> <span class='ocrx_word' id='word_1_246' title='bbox 421 3269 461 3317; x_wconf 91' lang='lat' dir='ltr'><em>De</em></span> <span class='ocrx_word' id='word_1_247' title='bbox 480 3270 572 3326; x_wconf 82' lang='lat' dir='ltr'><em>radiis,</em></span> <span class='ocrx_word' id='word_1_248' title='bbox 589 3268 703 3328; x_wconf 74' lang='grc' dir='ltr'><em>ἀκτῖσιν,</em></span> <span class='ocrx_word' id='word_1_249' title='bbox 744 3283 863 3332; x_wconf 88' lang='lat' dir='ltr'><em>ronymus</em></span> <span class='ocrx_word' id='word_1_250' title='bbox 880 3270 946 3317; x_wconf 90' lang='lat' dir='ltr'><em>hunc</em></span> <span class='ocrx_word' id='word_1_251' title='bbox 962 3283 1064 3317; x_wconf 84' lang='lat' dir='ltr'><em>versum</em></span> <span class='ocrx_word' id='word_1_252' title='bbox 1075 3267 1148 3331; x_wconf 84' lang='lat' dir='ltr'><em>legit,</em></span> <span class='ocrx_word' id='word_1_253' title='bbox 1165 3283 1224 3318; x_wconf 90' lang='lat' dir='ltr'><em>nam</em></span> <span class='ocrx_word' id='word_1_254' title='bbox 1236 3271 1295 3318; x_wconf 88' lang='lat' dir='ltr'><em>scri·</em></span> 
     </span>
     <span class='ocr_line' id='line_1_44' title="bbox 155 3347 1296 3412; baseline 0.004 -17"><span class='ocrx_word' id='word_1_255' title='bbox 155 3348 257 3397; x_wconf 87' lang='lat' dir='ltr'><em>aliaest</em></span> <span class='ocrx_word' id='word_1_256' title='bbox 274 3347 343 3396; x_wconf 86' lang='lat' dir='ltr'><em>ratio.</em></span> <span class='ocrx_word' id='word_1_257' title='bbox 369 3349 435 3397; x_wconf 85' lang='lat' dir='ltr'><em>Vide</em></span> <span class='ocrx_word' id='word_1_258' title='bbox 452 3348 562 3399; x_wconf 81' lang='lat' dir='ltr'><em>Gronov,</em></span> <span class='ocrx_word' id='word_1_259' title='bbox 576 3348 702 3398; x_wconf 85' lang='lat' dir='ltr'><em>adScnec.</em></span> <span class='ocrx_word' id='word_1_260' title='bbox 745 3348 782 3396; x_wconf 91' lang='lat' dir='ltr'><em>bit</em></span> <span class='ocrx_word' id='word_1_261' title='bbox 798 3348 877 3410; x_wconf 83' lang='lat' dir='ltr'><em>Epist.</em></span> <span class='ocrx_word' id='word_1_262' title='bbox 894 3348 928 3398; x_wconf 90' lang='lat' dir='ltr'><em>V.</em></span> <span class='ocrx_word' id='word_1_263' title='bbox 965 3350 1005 3396; x_wconf 82' lang='lat' dir='ltr'><em>Tu</em></span> <span class='ocrx_word' id='word_1_264' title='bbox 1024 3351 1124 3410; x_wconf 86' lang='lat' dir='ltr'><em>amplus</em></span> <span class='ocrx_word' id='word_1_265' title='bbox 1138 3351 1254 3412; x_wconf 85' lang='lat' dir='ltr'><em>porticus</em></span> <span class='ocrx_word' id='word_1_266' title='bbox 1270 3357 1296 3399; x_wconf 88' lang='lat' dir='ltr'><em>et</em></span> 
     </span>
     <span class='ocr_line' id='line_1_45' title="bbox 155 3427 1295 3491; baseline 0 -14"><span class='ocrx_word' id='word_1_267' title='bbox 155 3427 240 3491; x_wconf 91' lang='lat' dir='ltr'><em>Oedip.</em></span> <span class='ocrx_word' id='word_1_268' title='bbox 267 3428 323 3476; x_wconf 83' lang='lat'><em>339.</em></span> <span class='ocrx_word' id='word_1_269' title='bbox 358 3428 424 3476; x_wconf 90' lang='lat' dir='ltr'><em>Hinc</em></span> <span class='ocrx_word' id='word_1_270' title='bbox 450 3428 603 3478; x_wconf 75' lang='lat' dir='ltr'><em>scholiastae</em></span> <span class='ocrx_word' id='word_1_271' title='bbox 628 3429 703 3477; x_wconf 91' lang='lat' dir='ltr'><em>etiam</em></span> <span class='ocrx_word' id='word_1_272' title='bbox 744 3428 856 3489; x_wconf 73' lang='lat' dir='ltr'><em>iupeutia</em></span> <span class='ocrx_word' id='word_1_273' title='bbox 876 3433 998 3476; x_wconf 87' lang='lat' dir='ltr'><em>tectorum</em></span> <span class='ocrx_word' id='word_1_274' title='bbox 1014 3428 1099 3489; x_wconf 82' lang='lat' dir='ltr'><em>spatio</em></span> <span class='ocrx_word' id='word_1_275' title='bbox 1115 3429 1221 3476; x_wconf 85' lang='lat' dir='ltr'><em>metiris.</em></span> <span class='ocrx_word' id='word_1_276' title='bbox 1254 3429 1295 3477; x_wconf 90' lang='lat' dir='ltr'><em>De</em></span> 
     </span>
     <span class='ocr_line' id='line_1_46' title="bbox 155 3505 1294 3572; baseline 0.002 -18"><span class='ocrx_word' id='word_1_277' title='bbox 155 3508 185 3556; x_wconf 90' lang='lat' dir='ltr'><em>de</em></span> <span class='ocrx_word' id='word_1_278' title='bbox 202 3508 252 3555; x_wconf 91' lang='lat' dir='ltr'><em>ictu</em></span> <span class='ocrx_word' id='word_1_279' title='bbox 269 3507 379 3556; x_wconf 87' lang='lat' dir='ltr'><em>fulminis</em></span> <span class='ocrx_word' id='word_1_280' title='bbox 397 3509 549 3572; x_wconf 83' lang='lat' dir='ltr'><em>cogitarunt,</em></span> <span class='ocrx_word' id='word_1_281' title='bbox 566 3509 606 3557; x_wconf 93' lang='lat' dir='ltr'><em>cui</em></span> <span class='ocrx_word' id='word_1_282' title='bbox 617 3509 703 3559; x_wconf 90' lang='lat' dir='ltr'><em>laurus</em></span> <span class='ocrx_word' id='word_1_283' title='bbox 745 3505 841 3567; x_wconf 90' lang='lat' dir='ltr'><em>porticu</em></span> <span class='ocrx_word' id='word_1_284' title='bbox 878 3505 943 3554; x_wconf 88' lang='lat' dir='ltr'><em>idem</em></span> <span class='ocrx_word' id='word_1_285' title='bbox 978 3507 1040 3555; x_wconf 85' lang='lat' dir='ltr'><em>dixit</em></span> <span class='ocrx_word' id='word_1_286' title='bbox 1066 3506 1153 3557; x_wconf 87' lang='lat' dir='ltr'><em>Sidon.</em></span> <span class='ocrx_word' id='word_1_287' title='bbox 1179 3507 1294 3569; x_wconf 85' lang='lat' dir='ltr'><em>Apollin.</em></span> 
     </span>
     <span class='ocr_line' id='line_1_47' title="bbox 156 3583 1294 3650; baseline 0 -16"><span class='ocrx_word' id='word_1_288' title='bbox 156 3601 209 3635; x_wconf 88' lang='lat' dir='ltr'><em>esse</em></span> <span class='ocrx_word' id='word_1_289' title='bbox 225 3587 354 3635; x_wconf 87' lang='lat' dir='ltr'><em>videbatur</em></span> <span class='ocrx_word' id='word_1_290' title='bbox 371 3595 429 3650; x_wconf 88' lang='lat' dir='ltr'><em>apta</em></span> <span class='ocrx_word' id='word_1_291' title='bbox 446 3587 605 3638; x_wconf 88' lang='lat' dir='ltr'><em>defendendo.</em></span> <span class='ocrx_word' id='word_1_292' title='bbox 746 3583 830 3634; x_wconf 82' lang='lat' dir='ltr'><em>carm.</em></span> <span class='ocrx_word' id='word_1_293' title='bbox 849 3585 938 3635; x_wconf 87' lang='lat' dir='ltr'><em>XXII.</em></span> <span class='ocrx_word' id='word_1_294' title='bbox 958 3586 1011 3637; x_wconf 83' lang='lat'><em>179.</em></span> <span class='ocrx_word' id='word_1_295' title='bbox 1046 3587 1168 3634; x_wconf 80' lang='lat' dir='ltr'><em>Porticus</em></span> <span class='ocrx_word' id='word_1_296' title='bbox 1185 3588 1220 3634; x_wconf 85' lang='lat' dir='ltr'><em>ud</em></span> <span class='ocrx_word' id='word_1_297' title='bbox 1235 3588 1294 3648; x_wconf 81' lang='lat' dir='ltr'><em>peli-</em></span> 
     </span>
    </p>

    <p class='ocr_par' dir='ltr' id='par_1_13' title="bbox 155 3665 1296 4360">
     <span class='ocr_line' id='line_1_48' title="bbox 189 3665 1295 3730; baseline 0 -16"><span class='ocrx_word' id='word_1_298' title='bbox 189 3669 248 3715; x_wconf 88' lang='lat' dir='ltr'><em>Nou</em></span> <span class='ocrx_word' id='word_1_299' title='bbox 273 3667 312 3715; x_wconf 89' lang='lat' dir='ltr'><em>ita</em></span> <span class='ocrx_word' id='word_1_300' title='bbox 339 3668 444 3715; x_wconf 77' lang='lat' dir='ltr'><em>Rouuuli</em></span> <span class='ocrx_word' id='word_1_301' title='bbox 465 3670 663 3730; x_wconf 82' lang='lat' dir='ltr'><em>Praescriptum</em></span> <span class='ocrx_word' id='word_1_302' title='bbox 679 3674 704 3718; x_wconf 87' lang='lat' dir='ltr'><em>et</em></span> <span class='ocrx_word' id='word_1_303' title='bbox 745 3668 877 3728; x_wconf 73' lang='lat' dir='ltr'><em>disputet</em></span> <span class='ocrx_word' id='word_1_304' title='bbox 895 3667 953 3714; x_wconf 75' lang='lat' dir='ltr'><em>iiiuc</em></span> <span class='ocrx_word' id='word_1_305' title='bbox 969 3665 1066 3715; x_wconf 85' lang='lat' dir='ltr'><em>aestiua</em></span> <span class='ocrx_word' id='word_1_306' title='bbox 1081 3666 1193 3714; x_wconf 78' lang='lat' dir='ltr'><em>Triones.</em></span> <span class='ocrx_word' id='word_1_307' title='bbox 1211 3665 1295 3726; x_wconf 85' lang='lat' dir='ltr'><em>Quam</em></span> 
     </span>
     <span class='ocr_line' id='line_1_49' title="bbox 156 3744 1296 3809; baseline 0.002 -17"><span class='ocrx_word' id='word_1_308' title='bbox 156 3747 251 3794; x_wconf 85' lang='lat' dir='ltr'><em>iutousi</em></span> <span class='ocrx_word' id='word_1_309' title='bbox 274 3744 380 3794; x_wconf 80' lang='lat' dir='ltr'><em>Catonis</em></span> <span class='ocrx_word' id='word_1_310' title='bbox 404 3747 540 3808; x_wconf 81' lang='lat' dir='ltr'><em>Auspiciis.</em></span> <span class='ocrx_word' id='word_1_311' title='bbox 575 3746 704 3808; x_wconf 84' lang='lat' dir='ltr'><em>Quantum</em></span> <span class='ocrx_word' id='word_1_312' title='bbox 745 3744 845 3808; x_wconf 84' lang='lat' dir='ltr'><em>ingrata</em></span> <span class='ocrx_word' id='word_1_313' title='bbox 860 3746 892 3793; x_wconf 88' lang='lat' dir='ltr'><em>sit</em></span> <span class='ocrx_word' id='word_1_314' title='bbox 907 3746 1020 3809; x_wconf 77' lang='lat' dir='ltr'><em>repetitIo</em></span> <span class='ocrx_word' id='word_1_315' title='bbox 1036 3746 1063 3793; x_wconf 92' lang='lat' dir='ltr'><em>in</em></span> <span class='ocrx_word' id='word_1_316' title='bbox 1079 3761 1166 3795; x_wconf 78' lang='lat' dir='ltr'><em>cursus</em></span> <span class='ocrx_word' id='word_1_317' title='bbox 1174 3748 1296 3808; x_wconf 66' lang='lat' dir='ltr'><em>mucius</em></span> 
     </span>
     <span class='ocr_line' id='line_1_50' title="bbox 156 3822 1295 3888; baseline -0.001 -17"><span class='ocrx_word' id='word_1_318' title='bbox 156 3824 243 3872; x_wconf 88' lang='lat' dir='ltr'><em>aetatis</em></span> <span class='ocrx_word' id='word_1_319' title='bbox 260 3822 373 3886; x_wconf 90' lang='lat' dir='ltr'><em>vitaeque</em></span> <span class='ocrx_word' id='word_1_320' title='bbox 390 3823 522 3872; x_wconf 89' lang='lat' dir='ltr'><em>discrimen</em></span> <span class='ocrx_word' id='word_1_321' title='bbox 533 3825 597 3873; x_wconf 88' lang='lat' dir='ltr'><em>inter</em></span> <span class='ocrx_word' id='word_1_322' title='bbox 610 3826 703 3875; x_wconf 85' lang='lat' dir='ltr'><em>Romu·</em></span> <span class='ocrx_word' id='word_1_323' title='bbox 746 3831 770 3873; x_wconf 86' lang='lat' dir='ltr'><em>et</em></span> <span class='ocrx_word' id='word_1_324' title='bbox 781 3825 931 3888; x_wconf 74' lang='lat' dir='ltr'><em>decempedis</em></span> <span class='ocrx_word' id='word_1_325' title='bbox 940 3825 1057 3888; x_wconf 82' lang='lat' dir='ltr'><em>priuatis,</em></span> <span class='ocrx_word' id='word_1_326' title='bbox 1065 3838 1139 3872; x_wconf 92' lang='lat' dir='ltr'><em>nemo</em></span> <span class='ocrx_word' id='word_1_327' title='bbox 1148 3838 1199 3872; x_wconf 92' lang='lat' dir='ltr'><em>non</em></span> <span class='ocrx_word' id='word_1_328' title='bbox 1210 3824 1295 3873; x_wconf 88' lang='lat' dir='ltr'><em>sentit.</em></span> 
     </span>
     <span class='ocr_line' id='line_1_51' title="bbox 156 3901 1296 3968; baseline 0.002 -18"><span class='ocrx_word' id='word_1_329' title='bbox 156 3903 210 3950; x_wconf 91' lang='lat' dir='ltr'><em>lum</em></span> <span class='ocrx_word' id='word_1_330' title='bbox 231 3909 256 3951; x_wconf 91' lang='lat' dir='ltr'><em>et</em></span> <span class='ocrx_word' id='word_1_331' title='bbox 276 3901 408 3952; x_wconf 83' lang='lat' dir='ltr'><em>Catonem!</em></span> <span class='ocrx_word' id='word_1_332' title='bbox 449 3906 578 3968; x_wconf 84' lang='lat' dir='ltr'><em>Auspiciis</em></span> <span class='ocrx_word' id='word_1_333' title='bbox 601 3907 705 3954; x_wconf 85' lang='lat' dir='ltr'><em>Romuli</em></span> <span class='ocrx_word' id='word_1_334' title='bbox 790 3905 841 3953; x_wconf 88' lang='lat' dir='ltr'><em>Nec</em></span> <span class='ocrx_word' id='word_1_335' title='bbox 864 3903 1009 3966; x_wconf 86' lang='lat' dir='ltr'><em>fortuitum</em></span> <span class='ocrx_word' id='word_1_336' title='bbox 1036 3917 1153 3965; x_wconf 70' lang='lat' dir='ltr'><em>operuere</em></span> <span class='ocrx_word' id='word_1_337' title='bbox 1178 3905 1296 3965; x_wconf 86' lang='lat' dir='ltr'><em>cespitem</em></span> 
     </span>
     <span class='ocr_line' id='line_1_52' title="bbox 155 3981 1295 4047; baseline 0.002 -19"><span class='ocrx_word' id='word_1_338' title='bbox 155 3981 217 4030; x_wconf 88' lang='lat' dir='ltr'><em>nihil</em></span> <span class='ocrx_word' id='word_1_339' title='bbox 243 3982 375 4044; x_wconf 81' lang='lat' dir='ltr'><em>praescribi</em></span> <span class='ocrx_word' id='word_1_340' title='bbox 400 3981 487 4045; x_wconf 91' lang='lat' dir='ltr'><em>potuit.</em></span> <span class='ocrx_word' id='word_1_341' title='bbox 532 3984 613 4047; x_wconf 86' lang='lat' dir='ltr'><em>Leges</em></span> <span class='ocrx_word' id='word_1_342' title='bbox 637 3985 704 4033; x_wconf 87' lang='lat' dir='ltr'><em>enim</em></span> <span class='ocrx_word' id='word_1_343' title='bbox 747 3983 823 4043; x_wconf 79' lang='lat' dir='ltr'><em>Lepes</em></span> <span class='ocrx_word' id='word_1_344' title='bbox 838 3983 962 4029; x_wconf 80' lang='lat' dir='ltr'><em>sinebant.</em></span> <span class='ocrx_word' id='word_1_345' title='bbox 983 3981 1046 4029; x_wconf 80' lang='lat' dir='ltr'><em>Fere</em></span> <span class='ocrx_word' id='word_1_346' title='bbox 1060 3995 1157 4038; x_wconf 86' lang='lat' dir='ltr'><em>omnes,</em></span> <span class='ocrx_word' id='word_1_347' title='bbox 1173 3996 1236 4044; x_wconf 92' lang='lat' dir='ltr'><em>quos</em></span> <span class='ocrx_word' id='word_1_348' title='bbox 1252 3996 1295 4030; x_wconf 91' lang='lat' dir='ltr'><em>no·</em></span> 
     </span>
     <span class='ocr_line' id='line_1_53' title="bbox 156 4059 1295 4124; baseline 0.001 -16"><span class='ocrx_word' id='word_1_349' title='bbox 156 4062 309 4109; x_wconf 89' lang='lat' dir='ltr'><em>sumtuariae</em></span> <span class='ocrx_word' id='word_1_350' title='bbox 335 4066 389 4108; x_wconf 91' lang='lat' dir='ltr'><em>tum</em></span> <span class='ocrx_word' id='word_1_351' title='bbox 411 4062 510 4110; x_wconf 90' lang='lat' dir='ltr'><em>demum</em></span> <span class='ocrx_word' id='word_1_352' title='bbox 532 4061 610 4112; x_wconf 84' lang='lat' dir='ltr'><em>factae</em></span> <span class='ocrx_word' id='word_1_353' title='bbox 630 4069 704 4124; x_wconf 89' lang='lat' dir='ltr'><em>sunt,</em></span> <span class='ocrx_word' id='word_1_354' title='bbox 746 4061 840 4118; x_wconf 79' lang='lat' dir='ltr'><em>vimus,</em></span> <span class='ocrx_word' id='word_1_355' title='bbox 862 4060 961 4109; x_wconf 87' lang='lat' dir='ltr'><em>tertiam</em></span> <span class='ocrx_word' id='word_1_356' title='bbox 983 4059 1106 4122; x_wconf 89' lang='lat' dir='ltr'><em>syllabam</em></span> <span class='ocrx_word' id='word_1_357' title='bbox 1126 4059 1151 4106; x_wconf 90' lang='lat' dir='ltr'><em>in</em></span> <span class='ocrx_word' id='word_1_358' title='bbox 1162 4059 1295 4122; x_wconf 73' lang='lat' dir='ltr'><em>forteritus</em></span> 
     </span>
     <span class='ocr_line' id='line_1_54' title="bbox 155 4137 1295 4202; baseline 0 -16"><span class='ocrx_word' id='word_1_359' title='bbox 155 4154 233 4202; x_wconf 86' lang='lat' dir='ltr'><em>quum</em></span> <span class='ocrx_word' id='word_1_360' title='bbox 249 4138 356 4187; x_wconf 89' lang='lat' dir='ltr'><em>Romani</em></span> <span class='ocrx_word' id='word_1_361' title='bbox 373 4140 474 4187; x_wconf 90' lang='lat' dir='ltr'><em>modum</em></span> <span class='ocrx_word' id='word_1_362' title='bbox 492 4148 654 4190; x_wconf 85' lang='lat' dir='ltr'><em>excesserant.</em></span> <span class='ocrx_word' id='word_1_363' title='bbox 671 4142 706 4190; x_wconf 81' lang='lat' dir='ltr'><em>Et</em></span> <span class='ocrx_word' id='word_1_364' title='bbox 746 4139 891 4202; x_wconf 87' lang='lat' dir='ltr'><em>corripiunt.</em></span> <span class='ocrx_word' id='word_1_365' title='bbox 917 4139 987 4200; x_wconf 85' lang='lat' dir='ltr'><em>Quae</em></span> <span class='ocrx_word' id='word_1_366' title='bbox 998 4137 1023 4185; x_wconf 91' lang='lat' dir='ltr'><em>in</em></span> <span class='ocrx_word' id='word_1_367' title='bbox 1035 4138 1186 4186; x_wconf 88' lang='lat' dir='ltr'><em>contrariam</em></span> <span class='ocrx_word' id='word_1_368' title='bbox 1197 4144 1295 4201; x_wconf 90' lang='lat' dir='ltr'><em>partem</em></span> 
     </span>
     <span class='ocr_line' id='line_1_55' title="bbox 156 4217 1295 4280; baseline -0.001 -14"><span class='ocrx_word' id='word_1_369' title='bbox 156 4218 282 4266; x_wconf 84' lang='lat' dir='ltr'><em>Romanos</em></span> <span class='ocrx_word' id='word_1_370' title='bbox 304 4223 413 4280; x_wconf 89' lang='lat' dir='ltr'><em>tempore</em></span> <span class='ocrx_word' id='word_1_371' title='bbox 430 4217 531 4268; x_wconf 85' lang='lat' dir='ltr'><em>Catonis</em></span> <span class='ocrx_word' id='word_1_372' title='bbox 547 4234 597 4268; x_wconf 93' lang='lat' dir='ltr'><em>non</em></span> <span class='ocrx_word' id='word_1_373' title='bbox 614 4220 674 4269; x_wconf 88' lang='lat' dir='ltr'><em>adeo</em></span> <span class='ocrx_word' id='word_1_374' title='bbox 691 4236 706 4268; x_wconf 90' lang='lat' dir='ltr'><em>a</em></span> <span class='ocrx_word' id='word_1_375' title='bbox 748 4217 897 4276; x_wconf 87' lang='lat' dir='ltr'><em>afferuntur,</em></span> <span class='ocrx_word' id='word_1_376' title='bbox 912 4217 984 4266; x_wconf 89' lang='lat' dir='ltr'><em>valde</em></span> <span class='ocrx_word' id='word_1_377' title='bbox 993 4224 1107 4280; x_wconf 89' lang='lat' dir='ltr'><em>suspecta</em></span> <span class='ocrx_word' id='word_1_378' title='bbox 1114 4223 1180 4265; x_wconf 90' lang='lat' dir='ltr'><em>sunt.</em></span> <span class='ocrx_word' id='word_1_379' title='bbox 1191 4217 1295 4267; x_wconf 86' lang='lat' dir='ltr'><em>Servius</em></span> 
     </span>
     <span class='ocr_line' id='line_1_56' title="bbox 157 4294 1295 4360; baseline 0.002 -17"><span class='ocrx_word' id='word_1_380' title='bbox 157 4296 221 4343; x_wconf 85' lang='lat' dir='ltr'><em>luxu</em></span> <span class='ocrx_word' id='word_1_381' title='bbox 239 4294 406 4355; x_wconf 80' lang='lat' dir='ltr'><em>abhorruisse,</em></span> <span class='ocrx_word' id='word_1_382' title='bbox 427 4296 487 4343; x_wconf 90' lang='lat' dir='ltr'><em>satis</em></span> <span class='ocrx_word' id='word_1_383' title='bbox 507 4296 618 4346; x_wconf 86' lang='lat' dir='ltr'><em>indicant</em></span> <span class='ocrx_word' id='word_1_384' title='bbox 636 4298 705 4348; x_wconf 90' lang='lat' dir='ltr'><em>illius</em></span> <span class='ocrx_word' id='word_1_385' title='bbox 747 4299 779 4346; x_wconf 87' lang='lat' dir='ltr'><em>ad</em></span> <span class='ocrx_word' id='word_1_386' title='bbox 796 4298 843 4347; x_wconf 93' lang='lat' dir='ltr'><em>VI.</em></span> <span class='ocrx_word' id='word_1_387' title='bbox 856 4298 921 4346; x_wconf 91' lang='lat' dir='ltr'><em>Aen.</em></span> <span class='ocrx_word' id='word_1_388' title='bbox 936 4298 993 4345; x_wconf 77' lang='lat'>169:</span> <span class='ocrx_word' id='word_1_389' title='bbox 1012 4297 1094 4345; x_wconf 84' lang='lat' dir='ltr'><em>“Hinc</em></span> <span class='ocrx_word' id='word_1_390' title='bbox 1109 4302 1147 4345; x_wconf 88' lang='lat' dir='ltr'><em>est</em></span> <span class='ocrx_word' id='word_1_391' title='bbox 1163 4297 1295 4360; x_wconf 85' lang='lat' dir='ltr'><em>quodfer-</em></span> 
     </span>
    </p>
   </div>
   <div class='ocr_carea' id='block_1_9' title="bbox 0 0 1468 5220">
    <p class='ocr_par' dir='ltr' id='par_1_14' title="bbox 0 0 1468 5220">
     <span class='ocr_line' id='line_1_57' title="bbox 0 0 1468 5220; baseline 0 0"><span class='ocrx_word' id='word_1_392' title='bbox 0 0 1468 5220; x_wconf 95' lang='lat' dir='ltr'><em> </em></span> 
     </span>
    </p>
   </div>
  </div>
 </body>
</html>
