2916 5220
539 315 714 378 LIBllR
759 315 804 378 H.
1176 317 1237 378 167

281 526 365 608 Nec,
390 530 420 591 si
440 535 604 612 resumat,
630 529 823 590 centimanus
852 526 952 610 (impes

324 627 464 694 Dioellet
486 648 637 712 nusquam
685 629 739 693 Sic
756 631 882 712 potenti

373 734 520 796 Iustitiae
544 731 759 817 placitumque
782 733 910 796 Parcis.

284 835 347 898 Seu
369 833 487 917 Libra,
515 855 569 900 seu
590 857 638 900 me
661 836 813 920 Scorpius
836 834 974 919 adspicit

285 938 518 1003 Formidolesus
530 985 539 1020 ‚
559 960 644 1024 pars
667 939 829 1004 uiolentior

329 1040 464 1106 Natalis
485 1042 598 1123 lunae,
623 1063 678 1107 seu
701 1051 856 1126 tyrannus

374 1145 553 1229 Hesperiae
580 1144 797 1230 Capricornus
820 1143 943 1208 umiae:

109 1321 279 1370 centinmnam
296 1325 321 1368 ct
339 1321 460 1382 spiritum
490 1322 577 1383 igneae
598 1320 658 1369 Chi·
698 1319 825 1381 putatione
846 1333 907 1382 opus
924 1320 972 1375 est',
994 1325 1022 1366 ut
1043 1318 1170 1373 ostendas,
1187 1330 1246 1378 qno·

110 1412 208 1447 macrae
225 1399 349 1446 sumsisse.
699 1398 771 1445 modo
788 1397 849 1446 haec
865 1411 922 1445 cum
939 1396 1019 1445 ultera
1034 1401 1105 1459 parte
1119 1395 1246 1452 carminis,

142 1477 208 1532 Nec,
220 1479 244 1524 si
254 1480 385 1538 resurgat,
395 1476 556 1524 centimanus
568 1477 658 1539 Gyaes.
698 1492 775 1540 qnam
792 1475 928 1539 genuinam
944 1481 1076 1538 putemus,
1092 1474 1246 1522 conveniant.

109 1554 178 1603 Vere
193 1555 320 1604 Bentleius
340 1556 435 1617 Gnaeo,
460 1568 505 1616 pro
523 1556 602 1618 Gipas
620 1554 660 1604 vel
700 1555 750 1605 Sed
767 1556 925 1618 exploremus
945 1553 1052 1615 singula.

113 1635 191 1696 Gyas.
212 1633 279 1682 Vide
303 1639 328 1682 et
353 1632 458 1683 Suidsm
482 1633 508 1681 in
534 1632 659 1698 Τριτοπά-
733 1633 854 1682 Horatius
875 1641 955 1682 artem
977 1633 1176 1681 mathematicam
1194 1647 1250 1680 con·

111 1729 193 1774 τορες,
219 1717 243 1760 et
259 1711 391 1760 valesium
418 1712 449 1759 ud
474 1711 661 1774 Harpocration.
701 1712 833 1761 temnebat.
859 1711 973 1762 Ostendit
990 1711 1010 1759 I.
1029 1709 1113 1761 Germ.
1135 1711 1172 1759 ll.
1199 1711 1248 1761 Sed

111 1804 167 1853 pag.
196 1790 254 1839 224.
296 1789 355 1838 Non
385 1797 469 1838 autem
498 1796 579 1839 metus
608 1795 662 1838 arat
701 1790 826 1854 homines,
842 1791 907 1839 dicat
928 1789 1030 1852 aliquis,
1051 1797 1178 1838 mutamus
1198 1791 1248 1852 opi-

111 1883 143 1918 ne
164 1876 316 1931 resurgeret,
339 1869 384 1932 qui
405 1869 509 1918 fulmine
531 1870 562 1917 ad
583 1870 662 1918 imum
701 1870 793 1919 niones.
821 1869 912 1918 Audio.
938 1869 1039 1917 Etiam
1056 1869 1251 1918 Horatiuamul·

113 1947 214 1997 Tartari
230 1947 408 1998 fundumesset
424 1948 540 1997 deiectus.
558 1949 661 2008 Mirum,
702 1955 756 1997 tum
773 1947 886 1997 tribuerit
896 1947 1033 2010 astrologis.
1058 1947 1107 1998 Sed
1120 1949 1250 2011 quomodo,

112 2026 138 2073 ni
154 2027 300 2088 cogitaverit
319 2025 475 2075 Enceladum
492 2025 594 2088 Virgilii
615 2025 663 2074 snb
702 2027 789 2076 sliam
806 2027 915 2075 multum
937 2027 1062 2085 tribuerit,
1079 2029 1193 2089 ignorare
1211 2043 1251 2090 po·

113 2105 199 2154 Aetna
214 2108 284 2153 latus
300 2110 446 2154 mutantem.
703 2107 752 2154 tuit
769 2120 843 2154 suum
860 2105 958 2154 thema?
985 2105 1137 2169 scripsisset:
1156 2109 1253 2155 “Libra

146 2183 271 2232 Iustitiae
288 2184 462 2246 plantamque
484 2184 584 2232 Parcis.
606 2185 664 2231 Ius-
702 2199 741 2232 sne
760 2183 901 2246 adspicit:”
928 2184 968 2231 vel
986 2185 1124 2246 “Scorpius
1147 2203 1184 2234 nm
1209 2187 1252 2233 esd·

114 2265 176 2311 titia
191 2263 322 2326 poetarum
339 2261 510 2310 Romanorum
527 2262 664 2311 estendam
703 2263 802 2325 epicit.''
849 2260 904 2309 Hoc
934 2261 966 2308 ab
995 2262 1124 2324 astrologis
1161 2263 1252 2311 indica-

113 2355 179 2403 quue
207 2343 329 2397 Astraea,
354 2353 444 2387 curans
469 2338 508 2386 ius
535 2345 560 2386 ct
584 2339 663 2400 leges:
706 2348 773 2397 tum,
808 2339 916 2388 Romani
943 2339 1019 2401 probe
1045 2342 1164 2388 memoria
1188 2349 1253 2390 tene-

113 2419 186 2467 cuiua
202 2419 338 2481 imaginem
354 2433 388 2466 ax
396 2417 535 2481 Chrysippo
552 2418 664 2479 depinxit
704 2404 772 2467 bunt.
785 2418 886 2468 Sueten.
896 2418 921 2464 in
930 2417 1001 2480 Aug.
1013 2419 1057 2467 94:
1070 2422 1186 2483 Aprippa
1199 2435 1253 2468 ean-

115 2498 149 2546 A.
159 2497 254 2547 Gellius
262 2497 335 2547 Noct.
347 2497 403 2549 Aut.
415 2495 491 2546 XIV.
500 2497 524 2544 4.
535 2496 664 2558 Quomodo
704 2501 786 2547 saluit
805 2499 954 2559 Tleoaemm
979 2500 1191 2548 anathematicum.
1223 2501 1255 2547 Is

115 2576 173 2624 talis
188 2575 288 2624 Iustitia
304 2591 357 2625 uua
376 2589 435 2623 cum
458 2574 544 2623 Parcis
560 2575 665 2624 Horatio
705 2579 835 2640 Aprippae
851 2591 943 2638 amana
959 2581 984 2625 et
998 2591 1078 2638 panse
1094 2578 1254 2626 incredibilia

115 2669 187 2702 suam
212 2662 303 2703 sortem
330 2654 507 2711 destinaverit,
536 2654 664 2702 intellectu
704 2655 843 2720 praedicit.
862 2653 993 2718 Aupustus
1004 2657 1124 2704 reticebat
1135 2670 1206 2704 suam
1214 2671 1253 2719 aa·

115 2733 216 2782 difficile
243 2741 288 2782 est.
325 2733 393 2791 Dea,
420 2747 483 2795 quae
508 2733 664 2795 singulorum
704 2737 826 2793 nituram,
843 2741 911 2784 meta
928 2750 958 2784 ac
972 2737 1069 2798 pudore
1085 2738 1254 2785 meminoriu-

116 2813 262 2872 hominum,
299 2826 434 2874 eorumque
471 2810 664 2870 sceleratorum,
705 2815 840 2863 veniretur.
878 2815 990 2862 Tandem
1011 2816 1093 2870 edita,
1119 2817 1256 2878 Timoaenes

117 2888 183 2938 facta
198 2889 265 2938 videt
280 2894 306 2938 at
321 2889 406 2953 punit,
427 2903 476 2938 non
493 2889 605 2949 Iustitia,
622 2890 665 2939 sed
705 2893 809 2942 exsiluit
824 2894 1057 2957 admamtqaeeum.
1079 2895 1256 2941 Tantammou

118 2970 232 3018 Nemesis
246 2968 286 3017 vel
300 2971 387 3018 Poena
403 2968 550 3032 appellatur.
578 2968 666 3018 Graeci
698 2971 1022 3036 fiduciamsatidnpastus
1031 2973 1126 3030 habuit,
1136 2977 1164 3020 ut
1173 2972 1257 3018 tineam

118 3053 262 3110 utramque,
278 3054 303 3096 et
318 3047 444 3095 Iustitiam
456 3054 482 3098 et
492 3047 613 3107 Poenam,
625 3063 666 3096 vo·
706 3063 782 3098 saum
798 3051 951 3113 culpaverit,
970 3065 1146 3112 nummumque
1170 3064 1256 3110 arpen-

118 3132 178 3175 smnt
193 3127 280 3186 Δίκην.
708 3133 775 3176 teum
792 3135 853 3177 nota
868 3129 959 3177 uiduis
978 3128 1137 3190 Capricorni,
1153 3142 1204 3189 qua
1212 3141 1256 3173 na-

154 3207 205 3255 Seu
224 3207 314 3264 Libra,
331 3221 376 3255 seu
393 3223 431 3255 nse
449 3208 569 3270 Scorpium
583 3208 667 3270 adspi-
708 3212 749 3255 tas
765 3213 813 3268 est,
826 3208 988 3270 percusserit.
1006 3206 1051 3256 An
1062 3205 1141 3268 igitur
1152 3205 1257 3267 Augus-

119 3281 300 3331 cievidemnt
311 3283 373 3331 haec
384 3283 504 3346 figmenta
519 3283 619 3334 Servius
636 3283 668 3330 ud
708 3293 749 3334 tus
771 3300 882 3348 unquam
904 3283 1018 3333 dixisset:
1042 3286 1093 3334 Seu
1109 3300 1148 3332 me
1167 3285 1257 3345 Capri·

120 3362 141 3410 I.
159 3360 252 3425 Georg.
263 3363 319 3411 336.
337 3369 362 3412 et
372 3362 422 3411 IV.
440 3363 505 3412 Aen.
520 3363 573 3412 180.
591 3363 667 3413 Scho-
708 3379 810 3421 cornus,
840 3380 882 3413 seu
908 3366 988 3412 Libra
1016 3363 1139 3424 emptast
1180 3362 1258 3411 Novit

89 3430 95 3448 ‘
120 3440 195 3490 liasta
222 3439 302 3490 Persii
326 3440 379 3490 Sat.
400 3440 435 3489 V.
461 3443 500 3491 45.
527 3440 669 3490 Priscianus
709 3442 831 3492 Horatius
851 3442 937 3490 thema
956 3440 1120 3490 Maecenatis:
1146 3441 1177 3489 de
1201 3456 1257 3497 suo,

65 3552 72 3571 0
121 3533 178 3582 pag.
199 3520 268 3571 1175.
286 3525 311 3568 et
328 3519 377 3569 alii.
404 3520 454 3570 Sed
475 3521 501 3569 hi
520 3536 577 3570 suas
598 3536 669 3570 eures
710 3520 782 3585 quasi
798 3520 893 3569 nullius
910 3521 1042 3580 momenti,
1059 3521 1165 3579 dubitat,
1182 3528 1207 3570 ct
1223 3528 1258 3570 te·

121 3599 148 3647 iu
173 3599 288 3648 notandis
313 3599 455 3649 huiusmodi
480 3600 591 3648 versibus
619 3615 669 3649 nou
710 3615 767 3651 men
777 3600 899 3658 affirmat,
912 3608 1047 3665 utrumqne
1060 3601 1196 3650 incredibili
1207 3616 1258 3648 mo-

121 3683 297 3735 exercuerant,
322 3679 425 3741 stipsi,
450 3679 523 3727 nullo
544 3686 670 3735 monente,
711 3681 743 3729 do
759 3681 896 3730 convenire.
914 3680 1047 3730 Praeterea
1065 3679 1113 3729 ista
1129 3681 1259 3728 stellarum

123 3756 185 3805 nihil
203 3757 254 3806 tale
273 3757 471 3819 suspicabuntur.
497 3759 535 3807 At
555 3758 670 3821 suspicio·
711 3761 820 3809 recensio
836 3759 960 3808 contraria
976 3766 1013 3807 est
1024 3758 1168 3821 disciplinae
1181 3764 1258 3804 astro-

122 3849 183 3884 uem
194 3849 291 3885 movere
301 3836 352 3884 ium
364 3836 450 3884 debuit
461 3836 671 3900 sententia,quue
713 3837 818 3900 logicae,
840 3852 915 3900 quam
941 3839 1087 3900 interpretes
1109 3835 1148 3882 hic
1173 3835 1260 3883 dieunt

122 3928 157 3962 ex
172 3914 340 3964 additamento
360 3915 493 3964 redundat:
516 3916 671 3977 “Quaecum-
712 3918 845 3965 Horatium
862 3915 901 3964 vel
918 3930 1008 3978 parum
1025 3930 1137 3974 curasse,
1154 3915 1194 3962 vel
1211 3929 1261 3962 non

124 4007 174 4055 que
196 3994 277 4043 sidera
300 3993 415 4043 natalitia
441 3995 503 4044 mihi
526 3995 672 4058 obtigerint‚
713 3995 816 4044 novisse.
850 3995 908 4042 Non
924 3994 1021 4042 novisse
1042 3996 1140 4055 poetam
1157 4002 1261 4048 constat,

123 4073 224 4135 egregie
239 4087 297 4121 eum
310 4072 360 4121 tuis
376 4074 534 4123 conveniunt.
560 4075 626 4123 Nam
644 4082 672 4122 tu
714 4089 746 4122 an
763 4088 851 4121 curare
868 4071 990 4127 debuerit,
1008 4072 1122 4119 vidimus.
1158 4072 1207 4121 Sed
1224 4071 1262 4119 fac

124 4159 150 4202 et
166 4166 213 4214 ego
229 4151 287 4201 olim
304 4151 408 4201 feliciter
424 4152 451 4201 iu
471 4153 593 4214 praesenti
609 4151 673 4200 vitae
714 4166 764 4199 non
781 4164 887 4198 curasse.
913 4149 984 4198 Nihil
1000 4150 1050 4197 iam
1067 4157 1185 4214 superest,
1197 4151 1262 4214 quod

126 4231 333 4295 periculoservati
346 4229 447 4279 suimus.
465 4232 535 4293 Ergo
543 4231 599 4281 Diis
607 4231 674 4280 solve
694 4234 696 4295 j
715 4232 834 4286 dicamus,
852 4229 897 4276 nisi
915 4228 976 4276 hacc
987 4243 1044 4277 eum
1062 4230 1115 4277 ioco
1132 4229 1262 4292 scripsisse.

127 4318 194 4361 vcta.
227 4312 284 4374 Ego
301 4311 390 4360 faciam
408 4311 496 4373 agua.''
523 4313 612 4374 Longa
628 4313 675 4360 dis·
694 4300 697 4384 i
717 4312 774 4360 loa
792 4313 889 4357 autem?
907 4309 938 4357 In
956 4322 982 4356 re
999 4315 1050 4357 tam
1063 4309 1137 4367 scria,
1154 4308 1184 4356 ad
1204 4309 1262 4356 ami-
