2916 5220
566 264 910 373 territoriorum

339 498 401 578 Qui
424 517 495 561 rore
512 517 599 581 piare
628 494 789 560 Castaliae
812 496 888 561 lauit

339 600 453 664 Crines
475 598 608 678 solutos,
632 601 686 683 qui
708 599 826 682 Lpeiae
849 606 929 662 tenet

377 703 515 766 Dameta
537 701 730 786 natalemque
752 700 885 786 sylvam,

424 806 540 871 Delius
563 814 592 870 et
615 807 778 869 Patareus
800 804 924 889 Apoll.

345 909 401 973 Vis
423 907 534 973 consili
557 928 672 992 erepere
694 906 772 972 arole
794 911 860 971 ruit
882 928 957 972 sua:

343 1012 411 1076 l'im
434 1018 638 1095 temperatam
659 1011 709 1074 Di
731 1031 847 1095 quoque
863 1010 1039 1094 prevaleant

380 1118 422 1180 In
445 1118 563 1180 maius:
588 1114 669 1179 telem
692 1114 784 1179 erlem
807 1119 890 1180 eires

432 1219 527 1282 Omne
550 1217 643 1302 nefas
666 1221 770 1282 animo
792 1226 952 1283 meantes.

342 1324 443 1387 Testis
465 1343 603 1386 mearum
627 1324 820 1386 eerettmanus
848 1321 950 1407 Gppee

338 1426 587 1507 Sententiarum,
611 1433 702 1488 notus
725 1433 754 1488 et
777 1427 917 1511 inteprae

157 1553 244 1601 laudes
261 1551 418 1614 impudenter
434 1551 581 1613 compositae
598 1557 657 1597 sunt
674 1550 705 1599 ‹le
746 1552 799 1599 abit
815 1565 856 1599 ree
872 1567 889 1599 a
905 1552 1007 1600 conuitio
1023 1553 1058 1599 ad
1068 1553 1134 1600 eires
1145 1553 1247 1614 atriaque
1256 1567 1303 1613 pa-

158 1631 266 1682 inventis
274 1631 367 1681 alienis.
384 1631 553 1680 Italloratius
561 1630 610 1680 IV.
620 1629 704 1680 Germ.
745 1631 885 1692 peantium.
919 1630 1001 1678 Locus
1017 1629 1120 1692 Nepotis
1136 1630 1238 1678 videtur
1249 1643 1302 1677 cor-

158 1715 181 1761 6.
222 1714 320 1762 Placete
344 1712 388 1772 qul
413 1711 519 1758 Xantho
543 1711 610 1757 lanis
634 1724 707 1756 unane
747 1715 849 1769 ruptus,
875 1708 917 1756 alii
941 1722 991 1755 non
1016 1714 1082 1756 sunt.
1117 1709 1153 1757 Et
1184 1714 1225 1757 est
1250 1709 1306 1758 sine

158 1792 248 1840 crines.
282 1790 317 1838 Et
346 1787 441 1837 Statius
470 1787 506 1836 II.
536 1786 615 1835 Theb.
649 1787 705 1834 696.
747 1786 822 1835 dubio
838 1785 940 1849 aliquod
958 1786 1088 1835 discrimen
1105 1787 1170 1835 inter
1188 1786 1305 1849 singula·

160 1868 210 1917 iam
235 1884 251 1916 a
275 1866 421 1917 Scholiastis
449 1866 577 1913 laudans:
606 1867 705 1915 Phoebe
748 1880 801 1914 rem
817 1874 842 1915 ct
857 1866 996 1929 pluralem,
1010 1865 1184 1914 nisidieamus
1198 1865 1305 1927 scripto-

160 1961 264 2011 parenr,
287 1961 330 1994 sea
349 1951 373 1993 te
389 1946 483 2007 Lyciae
500 1946 617 1992 Patarea
633 1947 706 1994 raiae·
748 1959 786 1993 res
804 1946 928 1995 interdum
945 1960 1002 1994 usos
1019 1959 1072 1994 esse
1091 1944 1198 2008 plurali,
1221 1958 1305 1993 neow-

162 2027 197 2074 sis
224 2027 352 2075 Exercent
370 2026 473 2073 diurnata
489 2025 568 2085 iupis,
590 2039 709 2072 sacrare
748 2023 819 2074 titate
836 2025 944 2088 qualum
960 2031 1064 2073 coactos.
1093 2024 1182 2072 Livius
1200 2023 1305 2087 quidem

159 2106 250 2167 pudico
274 2104 405 2154 Castaliae
418 2102 503 2162 flauas
520 2118 591 2152 arnor
607 2108 645 2151 est
662 2105 708 2151 titi
748 2104 829 2153 dicere
845 2118 897 2152 non
912 2103 994 2166 potuit
1010 2105 1139 2152 canalium
1155 2104 1182 2150 ei
1199 2103 1305 2150 addita·

161 2199 269 2246 rirerpere
289 2185 377 2232 emeres.
410 2182 498 2230 Horat.
521 2181 542 2230 Ι.
564 2181 648 2232 Germ.
666 2180 706 2229 21.
748 2198 812 2230 rani.
847 2183 915 2231 Tum
940 2183 1028 2231 melius
1049 2184 1146 2230 airihra
1166 2181 1303 2229 omisisset.

163 2263 283 2310 Natalem
309 2263 392 2310 Delon
416 2261 550 2322 Apollinis.
584 2260 707 2322 Interprc-
750 2261 799 2311 Sed
816 2263 867 2317 vis,
893 2264 955 2319 viru,
981 2264 1046 2310 vires
1070 2261 1113 2323 qui
1138 2261 1173 2308 ita
1195 2259 1304 2308 coniun-

161 2348 197 2389 tes
214 2347 321 2388 utuntur
337 2340 393 2388 loco
415 2339 489 2389 Statii
509 2338 536 2386 in
556 2339 707 2386 contrariam
748 2340 826 2399 uerit,
843 2340 895 2388 ridi
912 2340 1044 2389 neuunem.
1078 2339 1145 2389 Cum
1162 2340 1305 2388 eaeeruilt

161 2427 270 2483 partem,
295 2433 370 2482 quam
395 2434 442 2482 ego
467 2433 528 2466 usus
553 2432 615 2465 sum.
659 2417 708 2467 Sed
750 2434 839 2481 erpere
855 2427 1012 2482 comparetur
1030 2418 1111 2467 Orosii
1127 2417 1162 2465 Π.
1178 2419 1218 2466 16,
1245 2419 1303 2466 Ee-

163 2506 215 2547 tam
233 2513 318 2548 sersus
335 2498 446 2546 imitator
464 2497 559 2547 Statius
578 2511 708 2559 nunquam
747 2514 806 2562 pers
822 2500 919 2546 consuti
932 2498 1024 2561 ferror,
1045 2500 1153 2546 dolorem
1177 2499 1305 2545 virtatem

162 2577 217 2626 fuit.
250 2579 285 2626 Et
302 2579 367 2641 apud
384 2577 457 2624 illum
474 2577 522 2624 ista
539 2577 569 2625 dc
586 2576 708 2638 Apolline
746 2583 832 2638 putat.
868 2576 1052 2625 Grammaticus
1069 2575 1142 2624 Ovid.
1161 2575 1181 2622 Ι.
1196 2576 1303 2623 Metam.

163 2657 217 2704 loeo
234 2654 642 2720 perquamopportunolepuntur.
659 2654 708 2703 Hic
752 2656 805 2704 156.
831 2655 857 2703 in
879 2670 952 2703 suam
973 2656 1120 2704 sententiam
1139 2655 1243 2702 ridetur
1260 2655 1302 2703 de·

161 2736 236 2798 plane
253 2735 340 2783 alieno.
374 2736 415 2783 Ac
440 2733 497 2782 vide
522 2740 648 2795 praeterea
672 2733 708 2780 in·
750 2733 857 2782 flexisse:
884 2735 1014 2795 piperatum
1047 2735 1148 2782 Obruta
1170 2735 1235 2781 rurale
1257 2749 1305 2781 aaa

162 2814 264 2877 genium
281 2814 450 2864 Grammatiei.
485 2814 576 2860 Delius
587 2818 612 2860 et
624 2814 707 2859 Pata·
748 2829 805 2862 caeni
821 2827 926 2874 corpora
943 2814 1001 2861 dira
1017 2813 1135 2861 iacerent.
1169 2810 1305 2871 Quomodo

162 2910 221 2943 reas
246 2893 343 2955 Apelle.
386 2894 427 2941 Ita
455 2892 631 2952 interpretatur
659 2891 710 2952 ipse
749 2900 832 2940 autem
849 2891 910 2938 haee
926 2890 1048 2938 sententia
1065 2891 1116 2940 sive
1133 2904 1191 2938 eum
1203 2897 1303 2938 antece·

162 2986 249 3020 versus
270 2973 448 3020 antecedentes.
481 2971 548 3019 Nam
570 2975 607 3016 cst
628 2969 710 3031 glossa
750 2971 862 3018 dentibus
884 2970 936 3018 sive
958 2983 1016 3017 cum
1033 2969 1194 3032 sequentibus
1212 2969 1304 3017 cohae-

162 3050 251 3099 “Unde
276 3049 372 3112 Apollo
397 3048 537 3111 appellatur
566 3048 655 3097 Delius
685 3056 710 3098 et
750 3055 813 3105 reat,
839 3049 971 3097 obscurum
996 3054 1040 3097 est.
1087 3048 1215 3097 Laudavit
1244 3049 1306 3096 haec

163 3128 294 3178 Patareus.
328 3129 418 3177 Delius
443 3144 459 3175 a
483 3128 562 3176 natali
589 3128 663 3191 sylva
682 3130 709 3176 in
750 3128 911 3176 Hildebertus
942 3127 1037 3176 Philas.
1067 3128 1132 3177 Mor.
1158 3143 1217 3190 pag.
1247 3128 1304 3178 sio.

162 3208 239 3266 Delo,
264 3208 388 3256 Patareus
414 3207 552 3264 aPatars,
579 3207 641 3256 urba
658 3209 708 3271 Ly·
750 3208 794 3256 ubi
810 3207 876 3256 male
893 3206 986 3270 legitur
1003 3210 1070 3256 earini
1087 3207 1170 3270 nesus.

162 3287 235 3336 eiae.”
261 3287 331 3336 Haec
348 3293 401 3335 erat
419 3286 591 3336 Glossatorum
608 3301 708 3336 consue·
787 3289 870 3336 Testis
896 3302 1009 3334 rnearum
1034 3289 1191 3336 centimanus
1219 3289 1306 3349 Gppes

162 3366 232 3415 tudo.
257 3365 324 3415 Vide
345 3383 368 3415 r.
380 3382 401 3416 c.
414 3367 497 3417 schol.
510 3366 583 3416 Statii
596 3367 617 3414 Ι.
630 3366 709 3415 Theb.
757 3367 955 3414 Sententiarum.
973 3366 1043 3414 Haec
1056 3366 1105 3413 iam
1114 3379 1165 3412 non
1174 3365 1219 3412 uni
1228 3366 1305 3413 inter-

161 3446 219 3493 686.
268 3446 377 3509 “Lyciae
409 3447 494 3495 civitas
528 3452 565 3494 est
601 3446 709 3503 Patara,
751 3443 815 3506 preti
823 3442 949 3491 fastidium
957 3451 1096 3493 moverunt.
1107 3444 1306 3494 Suntenimtam

163 3523 278 3586 Apollini
295 3532 443 3574 ciinseerata.
477 3525 551 3574 Unde
572 3524 635 3573 Hor,
657 3526 710 3587 Lp-
736 3513 905 3585 ¹insipida,ut
913 3522 1008 3571 callum
1017 3523 1168 3571 obduxerint
1176 3522 1307 3570 stomacho

162 3604 215 3650 eius
232 3609 258 3650 et
275 3605 405 3652 Patareus
422 3604 536 3664 Apollo.”
751 3615 849 3650 necesse
869 3601 912 3657 sit,
933 3601 976 3664 qui
992 3600 1080 3650 ferant.
1114 3601 1229 3649 Pulchre
1246 3615 1307 3649 vero

200 3683 245 3728 Vis
269 3683 357 3730 coresili
381 3697 471 3744 eapers
495 3684 558 3730 rnele
583 3684 639 3729 ruit
657 3697 709 3729 sua.
751 3683 948 3730 sententiarum!
974 3680 1052 3741 Quasi
1070 3681 1147 3728 dicat:
1166 3679 1252 3741 Supra
1263 3694 1306 3742 po·

163 3759 231 3808 Mira
258 3760 393 3808 eorundem
417 3759 542 3822 repetitio:
573 3761 617 3807 Vis
643 3762 710 3817 rriit,
753 3760 790 3806 sui
807 3765 858 3806 tres
876 3759 1018 3808 sententias.
1048 3759 1101 3808 Has
1114 3758 1236 3821 exemplis
1249 3772 1307 3806 eon·

168 3841 224 3887 Vini
244 3845 419 3900 temperatam,
439 3841 511 3889 Vires
527 3842 606 3898 odere,
623 3839 649 3886 in
666 3839 709 3886 tri-
752 3838 863 3885 firmabo.
900 3840 989 3886 Testor
1008 3838 1108 3898 Gppea,
1126 3837 1199 3884 testa
1215 3837 1307 3897 Gppes,

164 3919 211 3965 bus
232 3918 357 3967 continuis
379 3919 499 3968 versibus.
537 3922 582 3968 Vis
603 3926 627 3968 et
646 3921 711 3968 uires
751 3918 798 3966 hoc
826 3924 879 3966 erat
906 3917 1026 3966 Latinum
1055 3916 1080 3963 in
1111 3916 1158 3964 hoe
1186 3915 1306 3964 carmine.

163 4012 236 4060 saepe
260 3999 458 4061 coniunguntur:
483 3998 557 4061 Virg.
582 3998 616 4046 X.
643 3998 709 4047 Aen.
754 3999 837 4046 Testis
855 4013 921 4046 aeteae
937 3997 1088 4052 sententiae,
1110 3995 1208 4057 placere
1224 4000 1307 4056 potest

163 4079 220 4128 750.
238 4080 288 4126 airu
309 4080 406 4126 uiribus
430 4080 490 4126 enit.
525 4078 582 4127 Lir.
608 4077 644 4126 11.
670 4078 710 4126 56.
751 4077 777 4124 in
793 4076 843 4125 leri
860 4090 972 4124 sermone
983 4074 1127 4123 fabularum
1138 4088 1166 4122 ac
1177 4074 1245 4121 vitae
1258 4088 1307 4122 usu

167 4161 224 4206 Noa
244 4157 295 4205 inin
319 4170 391 4204 suain
412 4157 466 4205 illis
483 4163 582 4219 tempas
598 4159 710 4205 aduratu-
752 4154 880 4211 familiari,
906 4171 921 4202 a
946 4155 1070 4216 gravitate
1090 4153 1165 4216 lyrici
1188 4151 1307 4199 carminis

166 4252 230 4292 rarii,
247 4237 289 4284 sed
305 4218 435 4283 renalium
446 4237 542 4285 mribus
554 4237 709 4284 ricla-itanum.
752 4234 815 4281 absit
831 4248 908 4297 quam
925 4233 1075 4295 longissimo.
1109 4232 1243 4280 Phaedrus
1257 4231 1307 4279 IV.

164 4314 248 4376 Nepos
266 4313 389 4375 Thrasyb.
401 4313 422 4362 Ι,
443 4315 477 4362 In
486 4315 577 4375 proelii
588 4329 709 4364 emerrirsa
752 4313 799 4360 sab.
816 4313 852 4361 12.
882 4314 979 4361 Utilius
992 4312 1085 4360 aeritimi
1096 4312 1161 4360 nihil
1172 4315 1218 4367 est,
1229 4325 1305 4373 quam
