2916 5220
715 305 754 312 -
1264 291 1300 330 xl

159 451 241 505 intra
272 447 407 522 parietes
438 446 688 502 monasteriorum
719 447 938 515 contineretur,
973 446 1139 506 Christiani
1173 447 1300 508 Codices¹

160 543 351 609 scribebant,
384 554 414 597 et
445 541 590 615 pleraque
622 539 756 609 Scholia,
784 540 898 597 inedita
934 560 1054 616 quoque
1081 543 1243 600 Leidensia
1270 559 1299 601 et

160 638 392 705 F‘ranekerana,
416 637 469 692 *hie
496 636 559 692 illic
584 635 716 710 produnt
742 648 881 692 auctores
915 636 1119 707 Christianos,
1148 639 1298 712 iidemque

160 732 331 809 Florileqin
361 750 433 801 sua,
461 729 629 801 viridario,
660 728 796 806 speculo,
812 739 924 806 puato,
945 731 1059 801 hortos,
1082 745 1111 789 et
1133 734 1245 791 similes
1266 735 1300 791 li·

160 829 258 884 bellos
279 827 449 895 sententiis,
483 845 522 881 ex
547 825 676 880 Horatio
702 825 820 898 petitis.
849 827 1010 891 ornabant,
1038 826 1235 886 Grammatiei
1256 846 1300 884 re-

160 924 263 997 gulas,
296 925 424 996 figuras,
457 931 487 976 et
519 930 682 995 praecepta
707 921 832 977 metrica
856 921 926 977 inde
955 922 1120 993 ducebant,
1151 924 1299 981 Rhetores

161 1036 247 1074 suam
268 1027 365 1073 artem
385 1017 589 1072 illustrabant.
633 1016 681 1070 Ita
702 1015 865 1086 Horatius,
891 1016 960 1072 inde
982 1019 1022 1074 ab
1042 1021 1183 1092 Augusto
1203 1036 1297 1091 usque

160 1114 201 1168 ad
214 1112 369 1168 inventam
383 1122 414 1167 et
428 1111 520 1184 vulgo
533 1120 708 1184 usurpatam
723 1107 1009 1186 Chalcogmphiam,
1024 1131 1178 1186 nunquam
1192 1115 1296 1189 plane,

162 1227 199 1264 ne
232 1218 297 1264 tum
322 1206 444 1279 quidem
469 1205 526 1262 suit
551 1206 721 1280 neglectus,
749 1224 841 1278 quum
865 1208 960 1264 multa
986 1210 1112 1266 aliorum
1141 1215 1297 1284 poetarum

161 1303 284 1358 nomina
305 1303 531 1375 ignorarentur,
559 1317 657 1372 neque
685 1300 779 1356 ullum
800 1318 866 1356 esse
887 1301 978 1358 eredo
999 1303 1190 1378 scriptorem,
1212 1304 1298 1360 cuius

161 1417 256 1473 opera
277 1408 339 1454 tam
359 1397 470 1470 insigni
491 1415 615 1452 numero
636 1396 749 1470 scripta
769 1397 858 1452 hodie
881 1408 1012 1454 exstent.

202 1493 301 1548 Poeta
328 1501 390 1547 tam
415 1490 566 1564 frequenti
591 1490 721 1546 lectione
748 1509 802 1565 per
828 1501 873 1547 tot
901 1493 1024 1548 saecula
1045 1494 1192 1567 repetitus
1213 1504 1244 1549 et
1264 1494 1296 1548 in

160 1588 272 1645 scholis
294 1587 477 1660 explicatus,
504 1603 603 1658 neque
625 1586 664 1641 ad
685 1586 916 1659 intelligentiam
937 1588 1069 1644 omnium
1090 1589 1191 1644 statim
1213 1605 1297 1662 aper·

159 1694 224 1753 tus,
246 1700 352 1738 manus
371 1682 618 1756 interpolantium
640 1680 772 1754 effugere
793 1700 853 1738 non
875 1682 981 1755 potuit.
1015 1683 1080 1739 Iam
1101 1693 1171 1739 ante
1193 1683 1298 1741 Sueto·

160 1779 243 1835 nium
265 1777 440 1834 ferebantur
459 1776 549 1850 Elegi
570 1784 601 1832 et
620 1776 760 1851 Epistola
781 1777 837 1833 sub
856 1777 946 1832 titulo
960 1777 1097 1848 Horatii,
1113 1778 1199 1851 quasi
1213 1776 1298 1833 Mae·

159 1874 261 1930 cenati
281 1892 313 1929 se
335 1872 579 1929 commendantis.
622 1871 683 1930 Sed
710 1882 837 1944 utraque
864 1871 941 1928 falsa
966 1874 1094 1947 putabat
1121 1872 1295 1940 Suetonius,

159 1971 233 2042 quia
258 1969 346 2042 Elegi
372 1969 530 2042 vulgares,
559 1966 711 2042 Epistola,
744 1985 834 2041 prosa
860 1967 1012 2036 oratione,
1038 1968 1128 2024 etiam
1156 1978 1221 2024 erat
1247 1968 1298 2023 cb·

159 2083 259 2121 scura.
302 2063 492 2136 Quamquam
517 2072 637 2119 veteres
664 2068 772 2136 poetae
799 2062 830 2117 in
851 2081 912 2118 uno
933 2062 1109 2137 plerumque
1131 2061 1296 2118 carminum

158 2178 285 2234 genere,
317 2159 465 2228 Heroico,
494 2157 653 2232 Elegiaco,
682 2157 857 2227 Didactico,
879 2157 928 2213 vel
950 2156 1074 2231 Lyrico,
1097 2156 1295 2223 excellerent,

157 2274 258 2328 neque
284 2255 372 2310 simul
398 2253 542 2310 facultate
571 2253 715 2310 orationis
742 2253 854 2327 ligatae
875 2270 911 2308 ae
932 2253 1049 2308 solutae
1071 2253 1196 2309 multum
1218 2251 1298 2307 vale·

158 2358 241 2419 rent,
269 2368 338 2405 nam
364 2349 468 2422 lingua
493 2347 613 2422 poetica
639 2358 669 2404 et
690 2365 781 2422 prosa
802 2356 873 2403 sunt
893 2347 979 2418 quasi
1000 2347 1122 2420 linguae
1145 2347 1296 2414 diversae,

158 2443 305 2502 Suetonio
336 2452 453 2512 tamen,
480 2443 533 2514 qui
559 2442 671 2516 Elegos
697 2451 729 2499 et
749 2441 918 2516 Epistulam
938 2441 1062 2510 viderit,
1085 2439 1173 2496 facile
1196 2441 1296 2496 credo.

158 2539 250 2595 Talia
269 2540 425 2612 fingebant
445 2539 595 2609 homines,
617 2547 652 2595 ut
672 2537 845 2613 bibliopolis
861 2537 1036 2593 venderent.
1078 2538 1108 2592 A
1123 2536 1296 2610 bibliopolis

157 2636 269 2691 iterum
291 2635 444 2704 emebant,
460 2634 513 2707 qui
535 2634 705 2708 exemplum
726 2633 843 2689 auctius
859 2632 971 2688 habere
988 2632 1159 2707 cupiebant.
1181 2632 1297 2688 Eodem

158 2729 237 2786 lucri
258 2728 390 2785 faciendi
411 2728 510 2784 studio
531 2736 595 2784 tota
620 2729 753 2786 carmina
777 2729 981 2801 fingebantur,
1009 2744 1134 2800 quorum
1159 2736 1297 2784 auctores

160 2827 249 2883 simul
270 2826 355 2882 taciti
375 2826 564 2898 gaudebant,
591 2844 646 2883 sua
673 2845 728 2901 pro
749 2825 926 2882 Horatianis
952 2825 1068 2881 haberi.
1110 2824 1238 2882 Vossius
1258 2825 1297 2881 ad

161 2920 317 2980 Catullum
345 2939 414 2995 pag.
442 2921 511 2977 284.
543 2921 654 2977 vidisse
680 2938 712 2977 se
739 2921 783 2976 ait
807 2919 875 2978 MS.
897 2920 928 2975 in
956 2937 1015 2992 quo
1041 2919 1157 2978 Seneca
1176 2921 1298 2992 quidam

160 3017 320 3072 dicebatur
341 3023 447 3071 auctor
468 3033 534 3071 esse
557 3024 687 3088 quatuor
707 3034 848 3072 versuum
863 3015 948 3071 initio
963 3014 1151 3089 Virgilianae
1167 3015 1298 3071 Aeneidi

160 3111 332 3167 additorum
358 3106 419 3165 Ille
443 3127 494 3186 eqo
520 3111 571 3187 qui
595 3109 761 3188 quondam:
790 3129 878 3184 quem
907 3111 1053 3170 Senecam
1078 3111 1158 3167 idem
1178 3112 1209 3168 in
1231 3111 1298 3168 aliis

160 3205 269 3261 iecisse
292 3205 366 3261 dicit
385 3205 528 3276 VossiuS,
556 3215 586 3262 et
611 3225 752 3281 magnum
778 3207 871 3264 fuisse
903 3209 1049 3264 bonorum
1080 3207 1224 3264 librorum
1256 3209 1299 3264 in-

160 3318 309 3356 sessorem
330 3310 360 3357 et
380 3301 628 3375 interpolatorem
644 3302 665 3358 ¹.
707 3304 757 3361 Ita
782 3304 966 3378 bibliopolae
995 3305 1159 3360 utebantur
1186 3304 1299 3377 cupidi-

160 3404 223 3451 tate
246 3404 277 3451 et
298 3397 459 3453 ambitione
481 3397 700 3468 Romanorum,
727 3399 792 3471 qui,
821 3399 957 3470 quamvis
983 3397 1122 3472 publicae
1144 3405 1299 3455 exstarent

160 3491 384 3562 Bibliothecae,
411 3492 602 3549 instruebant
627 3493 776 3567 privatas,
804 3493 889 3549 libris
914 3493 1184 3549 innumerabilibus
1208 3492 1299 3550 refer-

159 3593 222 3655 tas,
256 3603 382 3657 quorum
408 3587 560 3658 dominus,
589 3596 623 3644 ut
653 3588 726 3644 dicit
758 3588 887 3659 Seneca,
915 3606 952 3644 ne
979 3587 1094 3646 indices
1120 3588 1241 3660 quidem
1266 3588 1298 3644 in

159 3687 224 3736 tota
245 3680 309 3735 vita
330 3681 485 3755 perlegere
507 3691 622 3757 posset:
645 3691 757 3740 ettam
779 3683 887 3740 attenti
915 3691 1002 3740 erant
1030 3684 1067 3739 ad
1094 3702 1171 3754 rem,
1201 3692 1233 3740 ut
1260 3701 1297 3739 ne

160 3774 258 3830 doctis
281 3775 401 3846 quidem
422 3777 592 3834 hominibus
615 3797 653 3834 ex
675 3778 843 3850 antiquiore
866 3777 967 3849 aliquo
989 3776 1055 3836 MS.
1079 3779 1194 3852 copiam
1211 3779 1299 3835 unius

196 3967 203 3998 ¹
227 3967 259 4014 In
283 3967 340 4016 MS.
367 3965 464 4015 Tibull.
483 3967 508 4023 1,
525 3967 557 4024 2,
574 3973 629 4030 post
650 3982 686 4016 vs.
703 3969 743 4017 24.
769 3968 890 4015 insertum
914 3975 951 4016 est
977 3968 1099 4016 distichon
1124 3982 1181 4015 cum
1207 3968 1298 4031 duplici

160 4052 326 4110 pentametro:
343 4047 380 4094 Ea
397 4061 438 4109 eqo
456 4061 508 4093 cum
525 4047 627 4094 tenebris
644 4052 696 4095 totu
713 4046 892 4110 vaporaretur
909 4046 976 4104 urbe,
995 4045 1122 4094 Praesidio
1134 4045 1212 4094 coelia
1222 4046 1298 4094 scirtio

160 4127 245 4172 adesse
262 4125 350 4172 Deam.
385 4126 496 4174 Securum
517 4126 544 4173 ia
564 4126 666 4175 tenebris
686 4141 723 4174 me
737 4126 803 4190 faeti
824 4141 875 4174 ecee
901 4125 986 4174 Venus.
1022 4127 1065 4175 Ad
1085 4126 1193 4189 priorem
1215 4134 1299 4190 penta·

162 4211 270 4252 metrum
286 4206 403 4268 scripturn
420 4213 488 4254 erat:
515 4207 609 4256 Seneca
634 4208 668 4255 sic
693 4208 830 4270 supplevit,
856 4208 887 4254 ad
913 4207 1031 4255 alterum:
1055 4207 1166 4271 Aurispa
1183 4223 1241 4255 vcro
1258 4208 1298 4256 sic.

162 4284 229 4332 Vide
245 4284 374 4346 Heynium
391 4285 500 4334 Praelat.
522 4303 546 4349 p.
564 4287 640 4335 XXI.
657 4288 699 4350 qui
716 4294 740 4336 et
761 4287 879 4334 Vossium
898 4288 929 4334 ad
951 4287 1045 4337 Catull.
1068 4288 1097 4335 tle
1115 4287 1209 4336 Seneca
1225 4288 1299 4336 inter·

162 4363 275 4426 polatorc
291 4362 411 4410 laudavit.
