2916 5220
178 318 241 381 256
588 311 907 375 CAltMINUM

265 506 372 588 llr'paua
394 512 424 566 ct
447 522 574 566 emaum
597 521 703 564 creatus

309 607 432 670 iterari
455 603 534 670 libet.
587 604 613 668 Ο
635 602 802 667 Naiadum
818 613 934 688 poleas

174 757 341 818 prospicimus
353 755 505 803 citicensem
522 757 635 800 merrtem.
660 751 721 800 Vim
764 752 845 800 mulas
870 760 975 803 exercet.
1014 757 1099 805 Haud
1122 771 1195 807 sacru
1218 759 1308 822 ipuipo·

176 835 243 884 verbi
258 836 398 898 prospicere
408 832 600 895 explicaverunt
610 830 678 880 Cort.
691 831 722 878 ad
763 837 818 880 terra
843 860 875 867 -
899 848 975 896 opera
995 836 1031 883 ad
1042 834 1158 898 fabrilia
1173 837 1263 898 carpit.
1288 835 1308 883 Ι.

177 913 280 962 Sallust.
304 914 334 962 B.
352 913 409 974 lug.
426 912 466 959 60.
492 916 516 957 et
534 909 672 958 Burmann.
691 910 722 957 ad
763 910 828 958 Aen.
846 911 903 959 399.
938 914 1046 973 Adspice
1067 929 1160 978 cppaea
1181 940 1213 950 -
1231 917 1310 964 Haud

178 991 286 1040 Phaedri
317 992 354 1040 11.
382 993 404 1039 5.
442 989 515 1045 silla,
549 1004 612 1050 qrtee
642 994 723 1037 amate
763 991 840 1038 aliter
861 1006 1006 1055 puppesque
1030 998 1090 1043 tace
1111 997 1237 1058 paterque
1258 1001 1309 1045 tuo-

174 1073 298 1132 prcapc'cit
320 1072 427 1118 Tuccam
449 1083 525 1115 carcre.
547 1067 581 1114 Et
592 1080 637 1114 eur
647 1065 723 1114 Evias
763 1084 821 1116 ram
836 1096 867 1104 -
883 1076 972 1132 portus
982 1077 1055 1119 tenet.
1077 1072 1166 1121 Horat.
1180 1073 1262 1136 Epod.
1275 1074 1310 1122 lt.

176 1150 326 1212 prospiceret
346 1145 494 1207 Rhodopen,
516 1143 558 1206 qui
581 1158 652 1191 mons
672 1145 723 1206 ipse
765 1147 824 1194 Noa
844 1149 920 1196 aliter
937 1150 1023 1197 Seruio
1041 1151 1130 1199 dicuat
1147 1153 1243 1202 crasse
1259 1155 1311 1202 Ba·

177 1229 252 1276 saeris
272 1227 356 1276 Liberi
380 1224 457 1287 patris
483 1229 507 1272 et
528 1229 600 1270 coetu
622 1223 723 1271 Maena·
766 1226 845 1287 lhpllc
860 1227 1022 1278 Arrucreonta
1039 1230 1136 1279 Teium.
1160 1229 1256 1280 Tibull.
1265 1233 1311 1282 IV.

176 1310 235 1357 dum
248 1311 302 1356 erat
311 1305 461 1362 celebratus,
478 1302 504 1349 in
516 1317 566 1365 quo
576 1309 660 1350 monte
671 1301 725 1365 ipsa
764 1306 787 1352 2.
825 1306 941 1355 Tallaia
959 1306 1140 1370 ueteruoseliu
1162 1312 1313 1362 Vertumnus

176 1387 253 1435 Erias
273 1386 348 1432 saeris
368 1389 470 1446 operata
490 1382 584 1429 versari
602 1380 724 1429 debebat?
768 1385 875 1447 Olympo
900 1386 977 1435 Mille
1001 1388 1075 1435 babet
1099 1396 1223 1448 ornatus,
1249 1393 1314 1440 mille

176 1462 312 1521 Horatius,
327 1462 457 1511 nominans
474 1459 642 1522 iugaEdona,
658 1460 724 1508 Rho·
765 1463 878 1513 &certer
899 1467 979 1516 babet.
1009 1467 1103 1530 Virgil.
1124 1469 1215 1533 Eclog.
1236 1469 1312 1520 [Ἀ

176 1545 255 1607 ‹lepeu
272 1542 397 1604 cogitavit.
431 1539 591 1601 Quamquam
613 1539 724 1588 enimin
767 1541 810 1589 Sic
831 1546 935 1593 cunibus
956 1547 1053 1595 catulae
1073 1548 1186 1608 similes,
1205 1552 1244 1599 alc
1261 1566 1311 1598 ura·

176 1624 285 1673 Thracia
301 1621 351 1670 sint
368 1620 410 1668 alii
426 1625 534 1679 montes,
555 1625 583 1666 ut
600 1618 725 1678 Haemus,
765 1621 847 1668 tribua
872 1624 959 1672 haedos
977 1625 1082 1674 Noram.
1115 1626 1167 1674 Hic
1192 1642 1313 1692 nusquam

175 1703 200 1750 in
209 1701 330 1750 Bacchico
341 1707 425 1747 tamen
436 1696 507 1745 cultu
519 1697 651 1759 praecipua
661 1697 724 1746 ratio
764 1701 915 1761 comparatio
944 1703 970 1750 in
998 1703 1202 1754 antecedentibus
1227 1707 1313 1757 diserte

176 1780 281 1828 habetur
294 1778 439 1840 Rhodopes,
456 1776 567 1824 Haemus
578 1775 724 1838 plerumque
763 1791 807 1839 per
824 1795 861 1836 ac,
877 1783 965 1838 celati,
976 1788 1114 1844 tamquam,
1127 1798 1181 1843 cea,
1191 1799 1312 1848 expressa,

176 1858 321 1908 describitur
346 1857 415 1905 sedes
440 1855 536 1904 Martis.
574 1854 630 1916 Ego
655 1869 723 1917 repo·
763 1857 805 1904 sed
815 1872 847 1905 ex
855 1859 1117 1909 sententiaverborum
1126 1864 1262 1924 repetenda
1271 1870 1312 1913 est.

175 1937 386 2000 nendumputavi
405 1935 723 1994 marcomanicum
797 1939 896 1987 Mirari
914 1942 980 1990 libet.
1006 1940 1090 1990 “Volo
1106 1943 1204 1992 mirari.
1238 1943 1310 1992 Nunc

175 2021 247 2081 lupia.
281 2017 328 2064 “In
345 2030 407 2079 quae
424 2028 525 2063 nemora
542 2026 611 2076 agor,
624 2012 723 2061 Baccho
764 2017 824 2065 mihi
841 2017 922 2081 placet
938 2019 1048 2067 mirari.''
1074 2019 1116 2068 Ita
1132 2021 1263 2084 loquimur
1278 2037 1312 2072 se·

176 2097 272 2160 plenus,
305 2096 364 2145 Non
389 2109 478 2151 secus,
504 2094 552 2148 sic,
577 2105 627 2138 non
652 2090 724 2139 aliter
764 2097 822 2144 data
838 2104 932 2157 mente,
949 2099 1048 2161 quando
1065 2099 1162 2163 aliquid
1179 2100 1260 2150 facere
1276 2115 1312 2150 co·

176 2183 259 2238 stupet
275 2174 363 2231 Evissss
384 2173 490 2230 wilm,
511 2177 540 2219 ut
561 2185 607 2234 ⁰8⁰
624 2177 723 2233 fliupws
764 2177 884 2238 gitamus,
901 2183 926 2226 et
943 2177 1022 2226 faeere
1037 2178 1184 2242 incipimus,
1201 2186 1230 2227 ut
1242 2181 1312 2229 rusti·

175 2256 211 2304 ita
228 2255 344 2317 abreptus
369 2259 394 2303 et
417 2252 505 2300 videns
522 2249 578 2298 illos
596 2262 682 2311 specus
699 2255 723 2297 et
764 2268 807 2300 cus
827 2255 852 2301 in
875 2254 962 2317 Epodo
983 2261 1101 2317 capturus
1118 2270 1249 2316 somnum,
1274 2261 1312 2308 eui

175 2334 301 2383 nemora.''
319 2332 386 2380 Huic
397 2329 592 2393 interpretationi
601 2326 722 2390 imprimis
765 2331 839 2380 Libet
859 2335 939 2381 iacere
959 2336 1028 2383 ruodo
1051 2336 1097 2383 aab
1117 2339 1227 2399 antiqua
1246 2341 1313 2395 ilice,

176 2414 242 2463 favet
259 2413 390 2469 Scholion,
415 2410 480 2473 qued
505 2409 598 2471 legitur
619 2407 645 2453 in
666 2406 721 2454 reli·
765 2411 841 2459 Modo
866 2413 894 2458 ln
918 2411 1000 2461 tenaci
1023 2412 1144 2473 maraine.
1179 2413 1271 2464 Horat.
1291 2415 1313 2463 I.

176 2495 240 2558 quiis
257 2492 376 2541 Acronis:
395 2492 541 2539 Naualiter
552 2488 723 2549 Bacclrapro-
763 2488 844 2552 Epist.
866 2491 889 2541 7.
911 2490 952 2538 60.
987 2491 1084 2539 Scituri
1109 2492 1169 2540 libet
1194 2509 1226 2542 ea
1252 2495 1313 2556 ipae.

175 2576 284 2636 apiciana
300 2573 416 2620 Hebrum
433 2570 724 2628 delectatar‚qaamepo
764 2568 846 2631 Nepos
867 2567 954 2630 Pelop.
976 2569 1000 2616 3.
1034 2570 1092 2618 Hoc
1104 2570 1164 2696 {pcc
1186 2571 1248 2620 lieet
1274 2574 1313 2621 in·

175 2654 262 2701 videns
277 2664 385 2699 manera.
418 2646 504 2709 Quum
514 2644 605 2693 dixerit
615 2658 724 2700 acrama,
765 2653 906 2709 tr‘rpcaere,
927 2649 975 2694 etsi
995 2649 1109 2697 cataracta
1156 2651 1190 2697 ab
1210 2665 1239 2698 re
1253 2648 1321 2714 pro·'

176 2729 283 2792 respexit
294 2725 475 2776 antecedentia:
492 2740 556 2788 qaue
566 2738 675 2771 aremare.
696 2721 724 2772 Si
762 2728 847 2787 posita
862 2730 907 2774 eat.
940 2724 1091 2788 Interpretas
1117 2732 1148 2775 ut
1170 2715 1232 2779 tit
1257 2729 1313 2777 red-

176 2808 301 2856 retulisset
322 2806 353 2853 ad
374 2802 502 2867 sequentia
518 2808 548 2851 ct
565 2804 627 2849 aiibi
643 2803 724 2858 devie,
764 2806 839 2853 dunt:
856 2810 887 2852 et
902 2806 992 2868 volupe
1007 2812 1051 2856 eat.
1077 2806 1144 2864 Hoc,
1159 2729 1245 2934 gilo,
1262 2809 1315 2858 Ho-

176 2885 312 2948 scripsisset
332 2883 425 2946 potius:
450 2896 526 2943 quam
547 2882 611 2927 milri
633 2881 725 2928 ruirari
764 2884 842 2932 ratius
859 2883 973 2931 dixisset:
999 2890 1029 2932 ut
1049 2885 1146 2945 iuvat„
1161 2901 1178 2933 u
1209 2889 1315 2949 pandam

176 2967 236 3013 libet
255 2977 341 3011 ueniae
362 2967 386 3010 et
407 2961 486 3022 ripae.
520 2957 648 3007 Bentleius
670 2958 724 3021 qui·
764 2970 892 3025 tamquam
913 2962 938 3010 in
959 2962 1058 3025 Epedot
1087 2965 1124 3011 Ut
1144 2960 1239 3027 paccdet
1255 2968 1316 3015 inei-

176 3043 233 3090 dcm
250 3040 371 3100 affirmat,
394 3052 529 3088 mnaseas
559 3051 656 3100 semper
681 3038 724 3086 ali·
765 3043 818 3090 tica
840 3044 972 3104 decerpens
991 3045 1066 3103 pira!
1100 3041 1151 3090 Per
1170 3048 1202 3092 ut
1219 3045 1315 3107 signifi·

176 3120 237 3184 quid
259 3126 304 3168 aut
326 3124 384 3167 ante
405 3131 430 3165 se
448 3122 491 3164 aut
507 3121 563 3179 post
579 3131 605 3164 se
621 3116 724 3177 habere,
764 3121 828 3169 catio
852 3121 921 3168 verbi
946 3123 1005 3170 libet
1029 3121 1055 3169 in
1082 3121 1129 3169 hae
1153 3136 1245 3171 caussa
1265 3139 1317 3173 non

175 3215 232 3249 eum
254 3213 303 3263 quo
324 3199 470 3247 instituatur
491 3195 658 3258 comparatio:
684 3195 724 3243 hic
765 3202 824 3248 satis
840 3200 984 3249 intenditur,

176 3286 259 3326 autem
284 3275 346 3324 nihil
371 3274 533 3338 praecedere,
557 3287 607 3336 quo
633 3271 724 3321 referas
807 3280 938 3327 Naiadum
964 3284 1052 3342 patena
1094 3279 1317 3344 Baccharumque.

175 3373 225 3406 aaa
240 3372 321 3414 accus,
342 3368 402 3417 ergo
423 3368 475 3402 esse
491 3352 672 3401 adnectendum
689 3367 724 3401 se·
765 3358 898 3421 Nymphae
908 3365 966 3406 sunt
976 3358 1077 3405 comites
1087 3357 1190 3415 Bacchi,
1202 3360 1318 3409 earmina

176 3435 311 3499 quentibus
345 3440 370 3482 et
399 3432 548 3496 legendum:
580 3447 628 3480 aaa
654 3447 724 3482 aecae
763 3436 831 3485 illius
853 3437 978 3486 discentes.
1012 3437 1070 3485 Non
1092 3445 1176 3485 tamen
1198 3438 1230 3486 iis
1247 3438 1316 3488 luro-

175 3519 278 3576 etapet,
303 3528 333 3560 ac
357 3513 420 3560 aiibi
446 3512 538 3560 intrari
564 3511 632 3559 libet.
675 3510 724 3559 Sed
765 3530 817 3563 rem
842 3514 925 3564 iniieit.
959 3515 1073 3564 Bacchus
1097 3521 1184 3578 potens
1204 3516 1318 3565 Baccha-

175 3597 283 3649 eonstat,
307 3606 357 3639 aaa
381 3604 462 3646 accae,
484 3605 534 3638 aaa
559 3591 648 3648 aliter,
675 3591 723 3648 sic,
765 3609 834 3652 rum,
851 3595 932 3650 tenuis
948 3594 1004 3643 laus
1021 3601 1069 3652 est,
1086 3595 1160 3642 ctiam
1178 3594 1200 3642 si
1218 3596 1250 3645 de
1267 3594 1318 3644 fra-

176 3675 236 3722 tulc'a
252 3685 324 3734 saepe
340 3669 452 3718 absolute
463 3669 533 3732 poni,
551 3669 649 3732 quando
660 3684 725 3718 eom·
764 3674 809 3721 etis
821 3689 898 3723 manu
910 3674 1038 3722 arboribus
1049 3673 1164 3722 addatur.
1182 3673 1316 3723 Bacchum

174 3752 271 3816 paratio
292 3766 324 3800 ex
340 3750 539 3798 antecedentibus
556 3749 661 3812 petenda
677 3755 722 3797 est.
764 3767 816 3802 esse
832 3768 915 3816 regem
932 3752 1105 3812 Baccharum,
1125 3766 1217 3802 nomen
1234 3755 1318 3817 ipsum

175 3833 248 3894 “Quo
270 3845 309 3880 me
330 3830 408 3893 rapis,
425 3830 535 3889 Bacche,
553 3830 589 3877 tui
608 3829 723 3891 plenum,
763 3833 862 3880 indicat.
896 3832 931 3880 Et
945 3837 1035 3893 potens
1053 3831 1230 3892 Baccharum,
1248 3848 1318 3896 pere-

175 3926 236 3974 quos
258 3925 319 3974 agor
340 3909 366 3956 in
388 3911 489 3972 specus?
523 3909 581 3959 Nou
600 3923 670 3957 secus
687 3909 724 3956 tui
765 3913 865 3974 grinum
882 3916 960 3958 sonat.
989 3910 1039 3959 Dei
1055 3910 1121 3972 apud
1137 3910 1224 3972 pobtas
1238 3912 1318 3976 vulgo

175 3998 213 4039 cst
238 3989 312 4053 plena
336 3988 425 4046 Evias,
451 3994 476 4037 et
500 3993 584 4050 stupet
608 3988 633 4035 in
659 3987 723 4049 iugis
764 3990 880 4037 dicuntur
900 3994 1011 4051 potentes
1032 4005 1118 4038 reram
1136 3999 1162 4036 et
1178 3992 1317 4053 reqionum.

174 4072 291 4120 Edonis.”
299 4068 642 4132 VirgiliusVIIl.Aen.414:
661 4068 724 4115 Erat
764 4068 839 4118 Ceres
853 4068 962 4132 srupum
982 4075 1081 4132 potens,
1104 4067 1240 4130 Neptunus
1258 4072 1316 4118 lito-

175 4150 238 4198 illud
263 4154 371 4210 tempus,
398 4147 490 4209 inquit,
513 4161 563 4209 quo
583 4160 678 4209 pauper
700 4152 724 4194 et
765 4164 834 4206 rum,
857 4147 939 4196 Diana
960 4150 1091 4196 siluarum.
1125 4145 1255 4209 Exempla
1275 4149 1317 4198 de-

175 4228 279 4290 diligens
300 4232 380 4272 mater
400 4223 519 4282 familias,
542 4230 597 4286 post
614 4224 723 4286 primum
766 4227 856 4274 derunt
873 4224 982 4274 Gronov.
1000 4225 1031 4273 ad
1049 4225 1156 4275 Senecae
1174 4224 1250 4273 Herc.
1269 4226 1316 4275 ihr.

176 4319 290 4353 somnum
311 4303 401 4365 sopitos
422 4303 493 4365 ignes
514 4304 617 4351 suscitat
640 4311 664 4352 et
689 4303 724 4352 la·
765 4305 822 4354 300.
839 4310 864 4354 ct
880 4304 966 4353 Heius.
983 4304 1089 4355 Advers.
1107 4320 1164 4368 pag.
1182 4305 1241 4354 219.
