2916 5220
563 303 880 366 (irl'liill'Nb'lll

336 485 437 569 [ἤραο
458 489 641 569 scripserit?
663 496 718 550 oet
735 486 867 571 poioere
894 490 985 552 trote

336 588 469 672 illiorum
494 589 677 653 Merionen?
698 599 754 653 rtet
772 611 830 674 ope
850 590 1001 654 Palladis·

380 690 522 775 Tydiden
542 691 676 776 Superis
693 698 830 777 peremi

153 904 275 951 ritorrtinn.
309 903 428 951 Horatius
445 903 529 951 Deum
547 902 586 951 vel
598 901 697 949 heroim

154 980 314 1028 Homericum
331 994 482 1037 memorans,
503 982 539 1027 uti
562 981 624 1028 solet
645 982 695 1042 epiv

154 1059 227 1106 thetis
247 1059 391 1107 Homericis.
430 1059 502 1120 Quod
527 1059 639 1121 inprimis
660 1060 695 1108 fa·

152 1154 207 1187 cere
232 1139 316 1187 debuit
342 1139 389 1186 hoc
413 1138 477 1194 loco,
507 1137 549 1185 nbi
577 1146 698 1188 memorat

153 1218 249 1273 Deum,
266 1218 301 1264 ita
318 1223 346 1265 ut
366 1217 412 1265 iste
437 1218 507 1265 Deus
533 1217 564 1264 ab
589 1218 698 1267 Homero

152 1297 228 1358 digne
245 1297 348 1359 scriptus
365 1302 414 1355 est,
436 1297 509 1359 idque
531 1297 556 1344 in
574 1296 653 1346 Iliade
671 1304 697 1346 E.

154 1375 196 1424 Sic
219 1378 359 1424 stornuebot
386 1377 491 1425 Pelidae
518 1375 592 1424 refert
620 1380 698 1440 μῆνιν

153 1452 281 1517 Ἀχιλῆος,
304 1461 328 1503 et
352 1470 441 1503 carries
466 1457 577 1517 duplicia
598 1458 697 1518 Uipsrei

152 1532 234 1594 ἄνδρα
250 1533 430 1597 πολύτροπον,
443 1533 471 1591 ὅς
482 1533 551 1598 μάλα
562 1534 696 1598 πλάγχθη.

153 1612 202 1660 Sed
218 1611 312 1660 frustra
327 1614 353 1661 in
375 1613 483 1661 Homero
504 1627 608 1675 quaeras
628 1614 697 1663 Mar-

152 1700 202 1738 tem
218 1692 244 1738 in
262 1694 350 1741 tortian
370 1694 544 1740 uduornntino.
578 1693 635 1741 Non
658 1708 697 1742 mc

151 1769 212 1816 latet
229 1771 295 1832 apud
310 1771 425 1833 antiquos
436 1771 566 1834 scriptores
577 1773 696 1820 adeamn-

151 1854 201 1896 tem
218 1863 268 1895 non
289 1849 319 1897 dc
338 1866 433 1911 pentima
455 1851 637 1913 accipiendum,
654 1852 696 1899 sed

151 1927 282 1974 durissima
307 1942 418 1990 quaeque
446 1929 494 1976 dici
518 1932 697 1990 ndnnrnrtino,

152 2005 246 2054 Graece
262 2012 287 2054 et
303 2007 404 2063 Latine,
422 2014 446 2055 et
463 2011 597 2057 adamante
613 2011 697 2070 lipari,

150 2097 213 2144 qnae
230 2083 293 2131 solvi
309 2099 360 2133 non
382 2094 490 2148 possunt.
520 2087 583 2152 ⁴Vid.
606 2087 696 2137 Graev.

151 2163 182 2209 ad
204 2162 304 2211 Hesiod.
322 2180 378 2226 pag.
396 2166 436 2213 95.
453 2166 579 2228 interpret.
597 2167 628 2213 ad
646 2168 696 2216 Ae-

151 2241 229 2305 schyl.
255 2243 381 2291 Prometh.
408 2244 492 2293 Vinci.
519 2246 541 2293 6.
569 2244 638 2294 Delr.
665 2247 696 2292 ad

150 2319 280 2370 Claudian.
299 2322 334 2370 II.
352 2323 436 2373 Rufin.
454 2324 511 2376 470.
528 2331 553 2371 et
564 2324 695 2372 Munrlrer.

148 2401 179 2447 ad
202 2400 297 2463 Hygin.
322 2417 346 2464 p.
373 2404 413 2450 59.
455 2403 586 2451 Exstitisse
611 2410 694 2452 tamen

148 2480 247 2527 videtur
263 2479 392 2528 metallum
412 2481 524 2544 aliquod,
536 2483 638 2529 caeteris
649 2483 694 2529 du-

148 2557 198 2604 rius
215 2564 239 2605 et
255 2559 348 2614 rarius,
364 2561 429 2621 quod
441 2563 599 2609 rrdnrnorttem
613 2561 694 2623 appel-

148 2634 240 2684 labant.
275 2636 301 2685 si
323 2637 446 2685 Homerus
468 2638 593 2687 thoracem
615 2654 628 2686 e
651 2639 695 2686 tali

148 2715 250 2763 materie
269 2714 362 2762 factum
384 2717 460 2764 Marti
481 2731 530 2764 non
548 2718 626 2774 dedit,
644 2719 694 2765 Ho-

148 2794 226 2840 ratius
242 2807 292 2841 non
308 2794 426 2841 finxisset.
453 2796 487 2842 lit
501 2797 625 2857 quomodo
636 2796 695 2843 dare

149 2874 230 2934 potuit
246 2874 383 2931 Homerus,
399 2873 442 2936 qui
454 2873 609 2922 adamantem
622 2875 692 2936 igno-

149 2952 254 3000 raverit?
287 2953 419 3014 Nusquam
442 2951 489 2999 hoc
509 2952 693 3001 substantivum

148 3044 229 3092 neque
245 3030 395 3079 adiectivum
415 3032 440 3078 in
458 3031 609 3079 carminibus
627 3031 693 3079 illius

148 3109 261 3157 occurrit.
296 3110 421 3166 Adamas,
441 3111 468 3157 in
490 3109 562 3158 Iliad.
587 3110 618 3158 N.
637 3111 693 3159 560.

148 3195 186 3237 est
201 3203 290 3237 nomen
307 3189 434 3252 proprium
447 3186 557 3252 Ἀδάμας
568 3187 692 3249 Ἀσιάδης.

148 3269 182 3315 Et
198 3268 312 3316 Eustath.
330 3276 355 3316 et
371 3268 421 3326 hic,
439 3274 465 3316 et
481 3267 541 3315 alibi
554 3270 693 3318 annotavit:

148 3347 230 3395 “Huic
237 3348 331 3395 nomini
341 3348 440 3410 proprio
448 3348 517 3410 παρὰ
528 3347 693 3412 τοῖςῦστερον

148 3424 279 3489 ὁμώνυμος
300 3426 400 3483 hibor.u
442 3426 531 3488 Itaque
547 3426 639 3474 erravit
655 3427 694 3474 vir

147 3503 351 3565 diligentissimus
360 3503 694 3567 GoguetusinlibroFranco

148 3582 178 3630 dc
198 3582 302 3644 ortatui
319 3583 413 3644 Leptam
427 3584 529 3630 Artium
541 3591 602 3631 caet.
615 3584 646 3632 T.
658 3584 692 3632 II.

148 3658 191 3707 lib.
209 3673 237 3707 11.
261 3673 284 3720 p.
313 3660 367 3707 loe.
393 3660 518 3709 affirmans
544 3661 645 3726 ἀδάμας
670 3669 695 3711 et

147 3737 321 3803 ἀδαμάντινος
342 3738 471 3801 aliquoties
493 3739 518 3786 in
539 3741 649 3789 Homero
670 3750 694 3790 et

146 3817 256 3867 Hesiodo
276 3817 390 3866 inveniri.
425 3819 560 3877 Hesiodus,
581 3819 693 3883 Aeschy-

146 3898 198 3957 lus,
216 3897 341 3946 Pindarus
357 3904 382 3945 et
399 3898 442 3946 alii
459 3899 497 3946 usi
514 3908 586 3957 sunt,
601 3899 693 3948 Home-

146 3991 188 4024 rus
205 3991 255 4026 non
271 3993 332 4026 usus
349 3984 392 4026 est.
426 3977 477 4040 Qui
498 3979 519 4027 si
539 3979 694 4042 cognovisset

146 4063 242 4105 nostras
264 4071 385 4119 gemmas,
407 4058 562 4115 adamantes,
582 4059 693 4117 robinos,

146 4135 285 4196 sapphiros,
307 4150 353 4184 sua
372 4137 483 4185 carmina
499 4138 552 4185 sine
568 4138 644 4186 dubio
663 4139 692 4186 iis

145 4219 263 4261 ornasset.
296 4213 367 4263 Cous.
391 4216 507 4264 Millinns
532 4217 558 4264 in
577 4215 691 4265 Mittere-

146 4293 211 4353 lopio
220 4293 336 4353 Homeri,
344 4307 417 4355 quem
430 4293 544 4342 libellum
553 4310 584 4343 ex
593 4295 691 4343 Franco

741 903 766 948 in
789 902 944 952 Germanum
965 915 1102 950 sermonem
1123 906 1245 953 convertit
1266 914 1291 953 et

741 980 942 1028 annotationibus
960 980 1031 1028 auxit
1047 981 1166 1038 Rinkius,
1184 983 1251 1046 Lips.
1267 1001 1290 1032 n.

744 1059 813 1109 1793.
849 1059 965 1108 Graviter
987 1059 1048 1106 adeo
1069 1062 1178 1121 peccavit
1199 1062 1289 1112 Gram-

741 1137 857 1193 maticus,
878 1137 937 1184 dum
959 1139 1097 1199 exprimere
1118 1139 1217 1187 volebat
1237 1142 1289 1189 Ho·
1330 1195 1333 1200 ,

741 1217 860 1264 moricum
874 1217 1036 1279 χαλκοχίτων
1048 1216 1088 1264 vel
1097 1218 1277 1282 χαλκεοθώρηξ
1283 1257 1290 1279 ‚

741 1295 824 1343 dicens
848 1296 933 1343 tunica
956 1297 1134 1351 ridnnrnntino,
1159 1296 1217 1358 quia
1246 1298 1290 1346 lex

741 1375 813 1421 metri
835 1389 883 1421 non
905 1375 1064 1437 permittebat
1084 1377 1184 1424 aheneo.
1220 1375 1291 1425 Male

740 1453 814 1499 etium
835 1458 931 1516 χιτῶνα
949 1456 974 1502 in
993 1469 1052 1503 voce
1068 1455 1165 1505 Graeca
1181 1455 1290 1503 reddidit

741 1534 859 1583 tereticam.
893 1533 1027 1581 Debuisset
1049 1535 1152 1582 loricam
1173 1533 1213 1581 vel
1236 1536 1290 1582 tho-

740 1625 829 1660 racem.
866 1613 966 1661 Tunica
983 1613 1029 1659 hac
1046 1611 1226 1672 significatione
1237 1613 1289 1660 Ro·

740 1690 820 1736 manis
840 1690 926 1752 ignota
949 1696 993 1738 est.
1036 1690 1117 1738 Video
1142 1691 1290 1754 interpretes

740 1768 770 1814 ad
792 1767 816 1815 h.
838 1769 855 1817 l.
874 1769 1010 1817 admovisse
1027 1768 1157 1818 Claudian.
1175 1770 1206 1818 de
1223 1769 1289 1820 Con-

739 1847 787 1894 sul.
805 1847 882 1895 Probi
899 1854 924 1896 ct
941 1846 1038 1911 Olybrii
1055 1863 1090 1895 vs.
1108 1849 1147 1897 99.
1182 1848 1290 1899 Morere

739 1928 875 1975 (tinniente
891 1933 1012 1976 corruent.
1047 1927 1173 1977 Gesnerus
1194 1930 1289 1991 pariter

740 2005 849 2052 admovit
870 2021 968 2054 uersum
992 2006 1102 2062 Horatii,
1123 2013 1151 2053 ut
1171 2008 1289 2070 putabat,

740 2084 771 2131 ad
792 2083 967 2134 Claudianum.
1006 2085 1087 2133 Nulla
1106 2086 1170 2134 inter
1190 2093 1288 2136 utrum·

739 2176 786 2223 quc
808 2170 844 2210 est
868 2163 1010 2211 similitudo.
1044 2165 1110 2212 Nam
1132 2165 1289 2215 Claudianus

738 2240 774 2286 itu
798 2240 986 2302 intelligendus:
1012 2244 1101 2306 Ιοιαρο
1132 2245 1230 2294 Mortis
1259 2251 1289 2296 ia

739 2319 836 2381 clypeo,
853 2336 924 2381 qoem
941 2322 976 2368 ibi
992 2322 1121 2382 describit,
1139 2329 1289 2375 conterrebat

739 2400 886 2457 amarante,
903 2400 981 2462 seete
1006 2407 1063 2448 eret
1079 2419 1093 2450 e
1108 2418 1209 2452 sorresco
1226 2408 1288 2453 ndn-

739 2482 836 2538 mrmte‚
852 2479 925 2526 sicuti
937 2480 1033 2527 Tiberis
1045 2480 1145 2538 electro,
1161 2483 1287 2532 Romulus

738 2561 763 2603 et
779 2556 873 2604 Remum
891 2571 965 2614 auro,
983 2558 1042 2620 lupa
1059 2574 1121 2607 acre.

771 2637 856 2697 Dipne
875 2638 1022 2698 scripserit?
1055 2637 1143 2686 Oratio
1167 2641 1288 2701 pedestris

737 2728 783 2775 pro
800 2715 846 2762 hoc
862 2716 978 2763 carmine.
1007 2715 1094 2766 Cicero
1112 2718 1132 2765 1.
1150 2717 1287 2767 deScnoct.

739 2794 884 2856 Numquam
903 2797 968 2843 setis
985 2797 1058 2858 dique
1075 2798 1177 2845 londoni
1192 2800 1289 2860 poterit

736 2873 901 2935 philosophie.

774 2952 827 3012 Ope
845 2954 966 3000 Palladis
995 2955 1108 3016 Tydiden
1125 2956 1225 3016 eriperis
1241 2971 1287 3016 ρα-

737 3032 804 3077 rem?
821 3029 946 3078 Homerus
959 3033 984 3080 in
994 3032 1073 3080 Iliade
1082 3037 1108 3080 E.
1123 3040 1209 3080 narrat
1218 3034 1287 3082 Mar·

738 3112 788 3154 tem
805 3122 863 3155 cum
881 3110 1013 3169 Diomede,
1034 3127 1049 3158 a
1066 3110 1171 3159 Pallade
1188 3112 1287 3170 adiuro,

737 3200 911 3249 congressum,
947 3190 1083 3238 discessisse
1116 3188 1285 3239 vulneratum.

737 3266 840 3315 Diceres
861 3268 908 3315 hoc
929 3274 1052 3316 certamen
1074 3268 1105 3315 ab
1124 3268 1234 3316 Homero
1251 3270 1288 3317 ita

738 3359 790 3394 esse
810 3354 953 3405 narratum,
978 3354 1006 3394 ut
1031 3348 1057 3394 in
1078 3361 1107 3394 eo
1127 3347 1240 3394 ornando
1261 3362 1288 3396 se

737 3425 788 3486 ipse
801 3427 961 3488 superaverit.
979 3427 1045 3474 Num
1059 3427 1131 3488 poeta
1142 3433 1227 3474 noster
1240 3427 1287 3475 hoc

738 3511 865 3567 tamquam
892 3506 1005 3568 exemplo
1034 3506 1114 3553 utitur
1139 3505 1287 3555 Homericae

737 3585 913 3645 praestantiae,
927 3600 942 3632 a
956 3586 1054 3633 nemine
1065 3585 1213 3647 aequandae.
1234 3585 1287 3634 Ho-

737 3663 814 3710 ratius
839 3664 889 3711 alia
912 3666 993 3726 potius
1014 3663 1129 3725 exempla
1149 3663 1288 3723 laudasset,

737 3742 873 3791 Diomedeo
884 3743 1018 3790 certamine
1031 3742 1106 3805 longe
1118 3742 1246 3804 pulchrius
1258 3759 1288 3792 ac

737 3821 826 3868 melius
837 3823 959 3883 exposita:
975 3837 997 3869 v.
1007 3837 1027 3870 c.
1037 3822 1152 3869 Hectoris
1164 3829 1189 3870 et
1198 3821 1287 3870 Achil·

737 3899 775 3948 lis.
802 3900 934 3949 Certamen
951 3901 1040 3948 Martis
1052 3915 1108 3948 cum
1118 3903 1240 3951 Diomede
1252 3903 1286 3951 ef-

738 3980 788 4027 ficit
801 3994 876 4027 unam
889 3984 914 4026 et
928 3979 1031 4027 eandem
1046 3979 1182 4028 historiam.
1201 3980 1287 4042 Quare

737 4059 866 4108 Merionen
877 4059 960 4105 minus
972 4065 1037 4106 recte
1051 4059 1161 4106 medium
1178 4060 1286 4122 interpo-

737 4138 792 4185 suit.
806 4137 930 4186 Homerus
940 4135 964 4183 in
974 4137 1060 4185 eadem
1068 4138 1286 4201 pugnaMerioncn

737 4217 890 4265 memoravit.
926 4215 975 4264 Sed
996 4217 1134 4279 quomodo?
1157 4216 1286 4281 Μηριόνης

737 4294 762 4342 δὲ
779 4294 901 4358 Φέρεκλον
914 4293 1033 4357 ἐνήρατο.
1064 4296 1134 4343 Nihil
1153 4295 1268 4358 amplius.
