2916 5220
518 317 693 381 LIBER
739 318 797 381 lV.

316 509 491 589 Permisit,
516 517 666 592 acepertus
677 507 808 593 fidelem

359 611 485 694 Iupiter
510 613 543 674 iu
573 610 754 694 Ganymede
763 609 871 693 flam

271 709 361 776 Olim
383 711 533 776 iuventas
561 716 595 775 et
616 711 742 796 patrius
767 711 860 796 vigor

270 813 360 877 Nido
384 812 525 878 laborum
542 813 692 898 propulit
715 817 849 879 inscium

315 915 479 1001 Vernique
510 916 576 980 iarn
601 915 722 980 nimbis
747 916 881 981 remotis

360 1019 516 1085 Insolitos
541 1019 678 1084 docuere
702 1018 795 1083 nisus

271 1123 372 1187 Venti
395 1128 586 1209 paventem,
613 1144 691 1187 mox
714 1122 749 1185 in
773 1121 876 1186 ovilia

275 1227 419 1292 Demisit
442 1228 571 1292 hostem
594 1225 724 1290 vividus
749 1225 910 1321 impetus,

319 1330 416 1395 Nunc
440 1330 475 1393 in
498 1329 700 1394 reluctantes
724 1314 879 1393 dracones

366 1433 447 1519 Egit
470 1454 561 1497 amor
586 1431 680 1516 dapis
704 1437 802 1515 atque
825 1451 974 1516 pugnae:

275 1535 455 1616 Qualemve
478 1535 574 1599 laetis
598 1555 714 1618 caprea
735 1532 866 1617 pascuis

272 1639 425 1721 intenta,
450 1637 559 1702 fulvae
584 1637 698 1702 matris
723 1635 764 1700 ab
789 1636 887 1700 ubere

91 1790 164 1852 prior
180 1789 208 1835 in
224 1794 300 1837 acuta
316 1804 380 1852 rupe
394 1794 498 1851 penates
509 1789 645 1852 Aedificat,
685 1789 774 1837 Horat.
791 1787 814 1836 1.
832 1786 917 1836 Germ.
941 1789 982 1837 23.
1022 1791 1094 1837 Vitae
1119 1791 1235 1841 hinnuleo

92 1869 233 1930 aridasque
249 1869 297 1916 sihi
311 1874 391 1931 parat
408 1870 479 1917 edere
489 1867 583 1930 foetus.
685 1883 723 1916 me
738 1868 843 1923 sinaitis,
861 1867 951 1928 Chloe',
965 1869 1106 1927 Quaerenti
1114 1871 1234 1932 paridam

128 1948 321 1996 Nidolaborum
330 1947 573 2008 promittentium.
591 1947 642 1994 La-
685 1948 810 1995 montibus
827 1948 893 1994 auiis
910 1947 1032 1995 Matrem.
1065 1947 1159 2010 Virgil.
1170 1948 1233 1998 VII.

92 2027 161 2073 hores
178 2027 278 2087 aquilae
294 2025 428 2082 Horatius,
445 2023 644 2083 cred0,hicnon
685 2025 750 2073 Aen.
768 2024 825 2072 484.
842 2040 914 2086 quern
940 2024 1060 2088 (cervum)
1086 2029 1180 2075 matria
1203 2030 1235 2076 ab

91 2101 200 2151 dixisset.
234 2102 328 2151 Factus
345 2103 445 2152 videtur
461 2117 548 2152 versus
565 2118 644 2169 exse·
685 2105 758 2152 ubere
774 2109 879 2161 raptum
913 2104 1062 2153 Nutrihant.
1097 2104 1168 2153 Idem
1185 2105 1233 2154 IX.

92 2181 193 2245 quenti,
210 2182 314 2230 docuere
331 2185 403 2230 nisus
419 2183 538 2230 insolitos.
685 2182 751 2230 Aen.
770 2182 826 2231 565.
848 2183 999 2241 Quaesitum
1016 2188 1063 2231 aut
1080 2186 1158 2231 aratri
1172 2186 1235 2233 urul-

125 2262 250 2320 Intenta,
273 2260 365 2322 fulvae
393 2262 485 2308 matris
510 2263 542 2309 uh
573 2262 646 2309 ubere

92 2339 155 2386 Iam
172 2339 237 2386 lacte
254 2340 386 2400 depulsum
403 2341 504 2387 leonem.
538 2338 591 2386 Leo
601 2340 643 2386 de·

686 2264 721 2311 tia
749 2264 876 2311 balatibus
904 2278 1004 2325 equum.
1038 2263 1152 2311 Iuvenal.
1182 2262 1233 2312 Sat.

686 2341 749 2390 XII.
766 2342 789 2393 7.
827 2343 930 2404 Quippe
948 2342 1027 2404 seror
1052 2345 1158 2399 uitulus,
1176 2348 1235 2392 teur-

88 2418 183 2476 pulsus
205 2416 269 2464 laete
292 2421 317 2464 et
333 2417 365 2463 ah
382 2418 456 2464 ubere
472 2417 565 2464 neutris
581 2414 645 2463 nihil
683 2421 736 2483 plis
752 2426 868 2468 maturus
884 2427 910 2469 et
930 2436 1004 2482 arae,
1026 2422 1236 2483 spargendusque

91 2495 193 2542 omnino
213 2491 302 2540 differt.
326 2493 386 2541 Vid.
403 2493 509 2542 Bentlei.
521 2501 546 2542 et
556 2494 644 2542 Ruhn-

92 2573 149 2622 ken.
168 2572 200 2620 ad
222 2570 324 2620 Sueten.
345 2587 403 2634 pag.
425 2573 482 2620 238.
509 2578 533 2619 et
558 2573 644 2620 Mark-

92 2651 161 2699 land.
180 2652 211 2698 ud
230 2650 304 2701 Statii
320 2650 370 2700 IV.
389 2650 452 2699 Silv.
479 2652 502 2699 h.
528 2651 569 2699 35.
602 2650 644 2698 In-

92 2735 213 2792 terpretes
245 2729 309 2777 hanc
333 2728 513 2790 tautologiam,
539 2729 645 2779 Horatio

91 2809 235 2871 indignam,
252 2807 327 2855 variis
344 2807 489 2855 coniecturis
506 2807 595 2857 tollere
606 2824 645 2857 co-

93 2887 147 2934 nati
170 2892 237 2935 sunt.
271 2887 412 2935 Bentlcius:
437 2889 489 2934 iarn
510 2903 583 2936 nrane
603 2891 644 2937 de·

89 2968 209 3028 pulsum,
243 2965 283 3014 vel
311 2967 362 3014 iam
390 2971 478 3029 sponte
507 2968 645 3028 depulsum.

686 2514 765 2556 mero,
788 2515 858 2562 quem
883 2501 935 2547 iarn
955 2502 1034 2562 pudet
1049 2502 1127 2548 ubera
1144 2501 1235 2548 neutris

688 2581 795 2627 Ducere.
829 2577 958 2626 Ennodius
983 2577 1067 2627 Carm.
1093 2592 1150 2641 pag.
1178 2578 1234 2627 581.

688 2657 753 2704 Cum
766 2658 857 2706 aratris
870 2660 900 2706 ab
912 2659 984 2706 ubere
995 2659 1095 2719 raptis,
1106 2657 1235 2705 Blandior

686 2751 703 2782 a
732 2742 815 2786 tenero
843 2751 932 2785 saccus
956 2737 1107 2784 subducitur
1132 2737 1234 2784 haustu.

688 2812 778 2862 Suidas
798 2814 829 2863 T.
852 2814 901 2863 III.
924 2829 980 2877 pag.
999 2815 1054 2862 445.
1072 2815 1180 2863 servavit
1197 2815 1234 2863 lo·

686 2906 743 2939 curn
761 2892 904 2940 Iamblichi:
921 2891 969 2952 ἤδη
986 2892 1028 2940 καὶ
1045 2891 1153 2950 θήσουσι
1164 2891 1236 2941 λύκοι

687 2971 768 3034 ἄρνας
785 2972 811 3020 ἐκ
829 2977 881 3021 τῶν
899 2970 1046 3034 στομάτων,
1069 2972 1111 3020 καὶ
1133 2970 1235 3028 λέοντες

92 3043 162 3103 Alii,
188 3046 241 3092 ianr
266 3047 378 3107 iamque,
404 3047 435 3093 alr
466 3046 569 3092 uberum
594 3046 645 3093 iarn
687 3049 740 3097 ἀπὸ
758 3055 809 3098 τῶν
827 3050 940 3099 ὀδόντων
958 3048 1117 3097 ἀπολύσουσι
1129 3048 1235 3114 νεβροὺς

93 3123 173 3180 lacte,
193 3125 280 3185 paullo
300 3129 372 3184 unte,
389 3126 528 3181 laniante,
545 3123 646 3186 etquid
686 3131 743 3185 ταῖς
776 3128 915 3193 μητράσιν,
950 3127 1027 3175 ὁπότε
1056 3128 1097 3176 καὶ
1123 3129 1235 3187 τελώνης

92 3205 159 3252 non?
184 3202 242 3264 Ego
258 3202 320 3250 mihi
336 3202 420 3250 locum
437 3201 590 3264 expedivisse
607 3198 653 3251 vi=⁸
686 3204 780 3270 ἀφῆκεν
797 3207 880 3271 ἄγραν
897 3204 1027 3263 τοιαύτην.
1053 3203 1134 3253 Cerva
1151 3212 1234 3254 autem

93 3279 168 3338 deor,
190 3285 289 3327 mutata
310 3279 476 3328 distinctione:
510 3281 646 3338 Qualemue
686 3283 747 3331 bene
764 3284 854 3332 dieitur
868 3283 955 3347 suloa.
990 3281 1039 3331 Sed
1065 3297 1143 3345 quum
1170 3283 1235 3332 illud

94 3359 171 3407 weris
195 3372 286 3420 copem
306 3360 410 3421 pascuis
431 3361 539 3407 Intentu
554 3359 647 3421 fulvae
686 3362 811 3424 epitheton
832 3361 904 3425 quasi
923 3361 1051 3423 proprium
1071 3367 1135 3408 esset
1155 3360 1232 3410 leoni·

94 3439 187 3486 aratris
203 3439 235 3486 ab
252 3441 337 3496 utere,
355 3440 415 3486 Iam
431 3441 496 3488 lacte
513 3440 645 3501 depulsum
687 3441 745 3498 bus,
762 3449 890 3504 propterea
905 3441 1050 3502 interpretes
1067 3441 1146 3502 magis
1162 3441 1187 3488 in
1205 3456 1234 3490 ea

94 3517 199 3573 leonem,
223 3519 306 3566 Dente
331 3534 391 3567 novo
412 3521 546 3580 peritura,
572 3519 644 3566 uidit.
687 3519 800 3583 opinione
820 3520 959 3568 umfirmati
979 3526 1049 3577 sunt,
1074 3526 1102 3566 ut
1128 3527 1235 3571 matrem
1282 3509 1286 3516 ¹

95 3593 205 3657 Caprea,
233 3596 353 3644 exsultim
382 3597 484 3654 ludens,
509 3605 534 3645 et
559 3612 645 3646 errans
681 3599 785 3662 suh-arn
806 3598 942 3647 tribuerent
962 3598 1035 3646 leoni.
1069 3597 1161 3660 Virgil.
1182 3600 1234 3650 III.

94 3689 140 3738 per
156 3674 221 3723 laeta
237 3690 340 3738 pascua,
357 3675 388 3723 ab
406 3676 482 3724 ubere
497 3675 582 3724 fulvae
594 3691 644 3724 ma·
688 3678 779 3742 Georg.
796 3681 852 3729 383.
868 3681 990 3742 pecudum
1009 3679 1092 3741 fuluis
1117 3681 1234 3728 uelantur

95 3753 153 3812 tris,
178 3754 264 3816 procul
291 3769 307 3801 a
329 3761 420 3813 matre,
445 3762 526 3803 matre
550 3756 643 3805 relicta.
686 3773 791 3821 corpora
799 3761 867 3807 setis.
884 3756 957 3807 Ovid.
966 3758 1002 3806 11.
1012 3759 1069 3807 Art.
1082 3757 1169 3805 Amat.
1177 3759 1233 3809 373.

96 3830 189 3881 Suavis
206 3832 289 3896 imago
306 3847 409 3896 capreae
430 3834 593 3898 imprudentis
620 3842 645 3884 et
679 3836 771 3899 saluus
788 3853 857 3898 aper.
882 3837 934 3886 Ubi
950 3836 1016 3884 male
1033 3835 1171 3883 Burmann.
1184 3842 1232 3885 tor-

95 3910 128 3958 ad
144 3909 337 3960 misericordiam
348 3913 496 3962 mouendam
509 3919 577 3977 apta:
590 3929 644 3962 sua·
685 3930 738 3964 our.
755 3914 814 3964 Vid.
831 3915 919 3963 Heius.
940 3915 971 3961 ad
988 3915 1038 3963 111.
1056 3915 1158 3962 Metam.
1175 3916 1232 3967 273.

95 3989 150 4037 rior
166 3989 249 4052 imago
266 3982 352 4039 matris
369 3992 395 4038 in
412 4006 512 4054 caprea,
528 4008 604 4056 quam
619 3995 645 4041 in
685 3991 773 4055 Nequc
798 3993 891 4041 frustra
914 3995 940 4040 in
965 3992 1078 4054 linguam
1108 3992 1232 4041 Francam

95 4068 179 4117 leone:
196 4074 221 4117 et
245 4069 323 4132 politis
348 4069 463 4130 solitum,
488 4077 594 4121 matrem
619 4073 645 4120 in
686 4071 732 4119 hoc
749 4085 797 4119 usu
814 4071 892 4130 venit,
909 4078 939 4118 ut
955 4086 1041 4120 cervos
1058 4070 1178 4119 etdamas
1191 4087 1231 4135 ap·

95 4146 142 4197 tali
154 4163 181 4198 re
192 4149 290 4198 addere.
308 4149 442 4199 Anacreon
454 4151 557 4213 Fragm.
568 4150 644 4200 XXI.
685 4149 832 4212 pellaverint
848 4150 914 4198 bites
924 4150 1024 4213 fauces.
1057 4150 1171 4213 Denique
1192 4167 1232 4200 ea·

95 4228 128 4276 de
152 4227 285 4286 hinnuleo,
318 4228 361 4292 qui
389 4229 418 4278 tv
442 4228 490 4293 ὕλῃ
515 4228 645 4294 κεροέσσης
684 4245 746 4291 pren
763 4229 861 4278 intenta
876 4232 980 4294 pascuis
996 4231 1028 4278 ah
1048 4231 1121 4278 ubere
1140 4231 1232 4279 matres

96 4304 270 4370 Ἀπολειφᾶεὶς
298 4305 351 4355 ὑπὸ
379 4308 472 4372 μητρὸς
504 4306 644 4367 Ἐπτοὴθψ
685 4309 831 4371 est,procul
843 4308 874 4356 ab
886 4309 1095 4372 ubere,separutu
1107 4309 1138 4358 ab
1149 4308 1232 4367 ubere,
