<?xml version="1.0" encoding="UTF-8"?>
<!DOCTYPE html PUBLIC "-//W3C//DTD XHTML 1.0 Transitional//EN"
    "http://www.w3.org/TR/xhtml1/DTD/xhtml1-transitional.dtd">
<html xmlns="http://www.w3.org/1999/xhtml" xml:lang="en" lang="en">
 <head>
  <title>
</title>
<meta http-equiv="Content-Type" content="text/html;charset=utf-8" />
  <meta name='ocr-system' content='tesseract 3.04.00' />
  <meta name='ocr-capabilities' content='ocr_page ocr_carea ocr_par ocr_line ocrx_word'/>
</head>
<body>
  <div class='ocr_page' id='page_1' title='image "./qhoratiiflaccic00horagoog_0406.png"; bbox 0 0 2916 5220; ppageno 0'>
   <div class='ocr_carea' id='block_1_1' title="bbox 615 308 840 371">
    <p class='ocr_par' dir='ltr' id='par_1_1' title="bbox 615 308 840 371">
     <span class='ocr_line' id='line_1_1' title="bbox 615 308 840 371; baseline -0.004 -1"><span class='ocrx_word' id='word_1_1' title='bbox 615 308 840 371; x_wconf 75' lang='lat' dir='ltr'>LIBER.</span> 
     </span>
    </p>
   </div>
   <div class='ocr_carea' id='block_1_2' title="bbox 338 486 1032 1188">
    <p class='ocr_par' dir='ltr' id='par_1_2' title="bbox 338 486 1032 1188">
     <span class='ocr_line' id='line_1_2' title="bbox 383 486 883 570; baseline -0.004 -20"><span class='ocrx_word' id='word_1_2' title='bbox 383 486 529 551; x_wconf 82' lang='lat' dir='ltr'>Echinus</span> <span class='ocrx_word' id='word_1_3' title='bbox 561 492 619 551; x_wconf 89' lang='lat' dir='ltr'>aut</span> <span class='ocrx_word' id='word_1_4' title='bbox 644 507 774 550; x_wconf 88' lang='lat' dir='ltr'>currens</span> <span class='ocrx_word' id='word_1_5' title='bbox 799 507 883 570; x_wconf 88' lang='lat' dir='ltr'>aper.</span> 
     </span>
     <span class='ocr_line' id='line_1_3' title="bbox 338 586 926 668; baseline -0.005 -15"><span class='ocrx_word' id='word_1_6' title='bbox 338 588 466 653; x_wconf 84' lang='lat' dir='ltr'>Abacta</span> <span class='ocrx_word' id='word_1_7' title='bbox 488 588 582 653; x_wconf 90' lang='lat' dir='ltr'>nulla</span> <span class='ocrx_word' id='word_1_8' title='bbox 605 586 688 653; x_wconf 81' lang='lat' dir='ltr'>Veia</span> <span class='ocrx_word' id='word_1_9' title='bbox 710 587 926 668; x_wconf 85' lang='lat' dir='ltr'>conscientia,</span> 
     </span>
     <span class='ocr_line' id='line_1_4' title="bbox 384 690 846 777; baseline -0.002 -22"><span class='ocrx_word' id='word_1_10' title='bbox 384 692 568 777; x_wconf 89' lang='lat' dir='ltr'>Ligonibus</span> <span class='ocrx_word' id='word_1_11' title='bbox 592 690 682 756; x_wconf 87' lang='lat' dir='ltr'>duris</span> <span class='ocrx_word' id='word_1_12' title='bbox 707 691 846 755; x_wconf 91' lang='lat' dir='ltr'>humum</span> 
     </span>
     <span class='ocr_line' id='line_1_5' title="bbox 338 792 985 879; baseline -0.002 -21"><span class='ocrx_word' id='word_1_13' title='bbox 338 795 580 876; x_wconf 85' lang='lat' dir='ltr'>Exhauriebat,</span> <span class='ocrx_word' id='word_1_14' title='bbox 604 793 775 879; x_wconf 81' lang='lat' dir='ltr'>ingemens</span> <span class='ocrx_word' id='word_1_15' title='bbox 800 792 985 874; x_wconf 86' lang='lat' dir='ltr'>laboribus,</span> 
     </span>
     <span class='ocr_line' id='line_1_6' title="bbox 385 897 864 983; baseline -0.004 -21"><span class='ocrx_word' id='word_1_16' title='bbox 385 899 456 978; x_wconf 80' lang='lat' dir='ltr'>Quo</span> <span class='ocrx_word' id='word_1_17' title='bbox 480 902 592 983; x_wconf 86' lang='lat' dir='ltr'>posset</span> <span class='ocrx_word' id='word_1_18' title='bbox 616 897 760 962; x_wconf 83' lang='lat' dir='ltr'>infossus</span> <span class='ocrx_word' id='word_1_19' title='bbox 783 918 864 982; x_wconf 87' lang='lat' dir='ltr'>puer</span> 
     </span>
     <span class='ocr_line' id='line_1_7' title="bbox 340 998 1032 1085; baseline -0.007 -19"><span class='ocrx_word' id='word_1_20' title='bbox 340 1003 455 1085; x_wconf 86' lang='lat' dir='ltr'>Longo</span> <span class='ocrx_word' id='word_1_21' title='bbox 479 1000 532 1064; x_wconf 93' lang='lat' dir='ltr'>die</span> <span class='ocrx_word' id='word_1_22' title='bbox 555 999 606 1064; x_wconf 91' lang='lat' dir='ltr'>bis</span> <span class='ocrx_word' id='word_1_23' title='bbox 631 1005 743 1084; x_wconf 88' lang='lat' dir='ltr'>terque</span> <span class='ocrx_word' id='word_1_24' title='bbox 767 1004 914 1063; x_wconf 87' lang='lat' dir='ltr'>mutatae</span> <span class='ocrx_word' id='word_1_25' title='bbox 938 998 1032 1082; x_wconf 85' lang='lat' dir='ltr'>dapis</span> 
     </span>
     <span class='ocr_line' id='line_1_8' title="bbox 383 1103 757 1188; baseline -0.005 -19"><span class='ocrx_word' id='word_1_26' title='bbox 383 1103 526 1169; x_wconf 85' lang='lat' dir='ltr'>inemori</span> <span class='ocrx_word' id='word_1_27' title='bbox 551 1103 757 1188; x_wconf 87' lang='lat' dir='ltr'>spectaculo,</span> 
     </span>
    </p>
   </div>
   <div class='ocr_carea' id='block_1_3' title="bbox 158 1306 712 3490">
    <p class='ocr_par' dir='ltr' id='par_1_3' title="bbox 158 1306 712 3490">
     <span class='ocr_line' id='line_1_9' title="bbox 193 1306 707 1367; baseline -0.008 -12"><span class='ocrx_word' id='word_1_28' title='bbox 193 1311 248 1355; x_wconf 80' lang='lat' dir='ltr'>Ant</span> <span class='ocrx_word' id='word_1_29' title='bbox 272 1322 375 1357; x_wconf 73' lang='lat' dir='ltr'>carrera</span> <span class='ocrx_word' id='word_1_30' title='bbox 402 1321 471 1367; x_wconf 82' lang='lat' dir='ltr'>aper.</span> <span class='ocrx_word' id='word_1_31' title='bbox 516 1306 629 1354; x_wconf 86' lang='lat' dir='ltr'>Carreas</span> <span class='ocrx_word' id='word_1_32' title='bbox 656 1319 707 1353; x_wconf 93' lang='lat' dir='ltr'>non</span> 
     </span>
     <span class='ocr_line' id='line_1_10' title="bbox 158 1384 706 1448; baseline -0.005 -14"><span class='ocrx_word' id='word_1_33' title='bbox 158 1393 196 1434; x_wconf 87' lang='lat' dir='ltr'>est</span> <span class='ocrx_word' id='word_1_34' title='bbox 213 1386 318 1435; x_wconf 75' lang='lat' dir='ltr'>Horatii.</span> <span class='ocrx_word' id='word_1_35' title='bbox 352 1387 423 1448; x_wconf 89' lang='lat' dir='ltr'>Aper</span> <span class='ocrx_word' id='word_1_36' title='bbox 443 1386 509 1432; x_wconf 90' lang='lat' dir='ltr'>enim</span> <span class='ocrx_word' id='word_1_37' title='bbox 531 1385 609 1432; x_wconf 90' lang='lat' dir='ltr'>iratus</span> <span class='ocrx_word' id='word_1_38' title='bbox 630 1384 706 1447; x_wconf 89' lang='lat' dir='ltr'>capil-</span> 
     </span>
     <span class='ocr_line' id='line_1_11' title="bbox 158 1463 708 1525; baseline -0.004 -13"><span class='ocrx_word' id='word_1_39' title='bbox 158 1465 197 1512; x_wconf 90' lang='lat' dir='ltr'>los</span> <span class='ocrx_word' id='word_1_40' title='bbox 214 1465 308 1525; x_wconf 87' lang='lat' dir='ltr'>horret,</span> <span class='ocrx_word' id='word_1_41' title='bbox 326 1471 350 1514; x_wconf 86' lang='lat' dir='ltr'>et</span> <span class='ocrx_word' id='word_1_42' title='bbox 366 1465 456 1512; x_wconf 84' lang='lat' dir='ltr'>resistit</span> <span class='ocrx_word' id='word_1_43' title='bbox 471 1464 570 1512; x_wconf 85' lang='lat' dir='ltr'>adortis.</span> <span class='ocrx_word' id='word_1_44' title='bbox 604 1463 708 1511; x_wconf 87' lang='lat' dir='ltr'>Veteres</span> 
     </span>
     <span class='ocr_line' id='line_1_12' title="bbox 159 1543 708 1608; baseline -0.005 -15"><span class='ocrx_word' id='word_1_45' title='bbox 159 1543 314 1594; x_wconf 86' lang='lat' dir='ltr'>Scholiastae</span> <span class='ocrx_word' id='word_1_46' title='bbox 325 1546 530 1608; x_wconf 76' lang='lat' dir='ltr'>interpretantur:</span> <span class='ocrx_word' id='word_1_47' title='bbox 542 1543 708 1606; x_wconf 57' lang='lat' dir='ltr'>memonaste-</span> 
     </span>
     <span class='ocr_line' id='line_1_13' title="bbox 161 1623 708 1686; baseline -0.007 -14"><span class='ocrx_word' id='word_1_48' title='bbox 161 1638 225 1672; x_wconf 87' lang='lat' dir='ltr'>rens.</span> <span class='ocrx_word' id='word_1_49' title='bbox 259 1623 389 1672; x_wconf 88' lang='lat' dir='ltr'>Bentleius</span> <span class='ocrx_word' id='word_1_50' title='bbox 406 1630 478 1686; x_wconf 88' lang='lat' dir='ltr'>putat</span> <span class='ocrx_word' id='word_1_51' title='bbox 488 1623 585 1686; x_wconf 82' lang='lat' dir='ltr'>ferens</span> <span class='ocrx_word' id='word_1_52' title='bbox 601 1635 653 1670; x_wconf 87' lang='lat' dir='ltr'>esse</span> <span class='ocrx_word' id='word_1_53' title='bbox 667 1635 708 1683; x_wconf 92' lang='lat' dir='ltr'>po·</span> 
     </span>
     <span class='ocr_line' id='line_1_14' title="bbox 158 1700 707 1763; baseline -0.004 -14"><span class='ocrx_word' id='word_1_54' title='bbox 158 1703 209 1750; x_wconf 91' lang='lat' dir='ltr'>tius</span> <span class='ocrx_word' id='word_1_55' title='bbox 227 1702 323 1749; x_wconf 84' lang='lat' dir='ltr'>variam</span> <span class='ocrx_word' id='word_1_56' title='bbox 340 1701 484 1760; x_wconf 89' lang='lat' dir='ltr'>lectionem,</span> <span class='ocrx_word' id='word_1_57' title='bbox 501 1715 575 1763; x_wconf 89' lang='lat' dir='ltr'>quam</span> <span class='ocrx_word' id='word_1_58' title='bbox 587 1700 707 1762; x_wconf 87' lang='lat' dir='ltr'>interpre-</span> 
     </span>
     <span class='ocr_line' id='line_1_15' title="bbox 158 1778 709 1842; baseline -0.013 -12"><span class='ocrx_word' id='word_1_59' title='bbox 158 1781 291 1838; x_wconf 87' lang='lat' dir='ltr'>tationem,</span> <span class='ocrx_word' id='word_1_60' title='bbox 312 1787 337 1829; x_wconf 89' lang='lat' dir='ltr'>et</span> <span class='ocrx_word' id='word_1_61' title='bbox 353 1780 465 1842; x_wconf 88' lang='lat' dir='ltr'>inprimis</span> <span class='ocrx_word' id='word_1_62' title='bbox 482 1779 569 1827; x_wconf 89' lang='lat' dir='ltr'>laudat</span> <span class='ocrx_word' id='word_1_63' title='bbox 586 1778 709 1825; x_wconf 89' lang='lat' dir='ltr'>coniectu-</span> 
     </span>
     <span class='ocr_line' id='line_1_16' title="bbox 158 1858 709 1919; baseline -0.009 -10"><span class='ocrx_word' id='word_1_64' title='bbox 158 1876 213 1910; x_wconf 90' lang='lat' dir='ltr'>ram</span> <span class='ocrx_word' id='word_1_65' title='bbox 232 1861 328 1909; x_wconf 88' lang='lat' dir='ltr'>Heinsii</span> <span class='ocrx_word' id='word_1_66' title='bbox 345 1863 470 1908; x_wconf 79' lang='lat' dir='ltr'>Laurens.</span> <span class='ocrx_word' id='word_1_67' title='bbox 503 1858 634 1919; x_wconf 85' lang='lat' dir='ltr'>Ingeniosa</span> <span class='ocrx_word' id='word_1_68' title='bbox 655 1872 709 1919; x_wconf 89' lang='lat' dir='ltr'>pro·</span> 
     </span>
     <span class='ocr_line' id='line_1_17' title="bbox 159 1938 710 2001; baseline -0.007 -14"><span class='ocrx_word' id='word_1_69' title='bbox 159 1940 231 1989; x_wconf 86' lang='lat' dir='ltr'>fecto.</span> <span class='ocrx_word' id='word_1_70' title='bbox 267 1939 317 1989; x_wconf 87' lang='lat' dir='ltr'>Sed</span> <span class='ocrx_word' id='word_1_71' title='bbox 340 1940 361 1986; x_wconf 91' lang='lat' dir='ltr'>si</span> <span class='ocrx_word' id='word_1_72' title='bbox 382 1939 473 1987; x_wconf 83' lang='lat' dir='ltr'>dixeris</span> <span class='ocrx_word' id='word_1_73' title='bbox 491 1952 578 2001; x_wconf 89' lang='lat' dir='ltr'>aprum</span> <span class='ocrx_word' id='word_1_74' title='bbox 599 1938 710 1984; x_wconf 83' lang='lat' dir='ltr'>Lauren·</span> 
     </span>
     <span class='ocr_line' id='line_1_18' title="bbox 159 2016 710 2080; baseline -0.009 -13"><span class='ocrx_word' id='word_1_75' title='bbox 159 2026 221 2076; x_wconf 83' lang='lat' dir='ltr'>tem,</span> <span class='ocrx_word' id='word_1_76' title='bbox 238 2033 288 2067; x_wconf 88' lang='lat' dir='ltr'>non</span> <span class='ocrx_word' id='word_1_77' title='bbox 305 2018 379 2067; x_wconf 90' lang='lat' dir='ltr'>simul</span> <span class='ocrx_word' id='word_1_78' title='bbox 396 2018 546 2080; x_wconf 84' lang='lat' dir='ltr'>intelligitur</span> <span class='ocrx_word' id='word_1_79' title='bbox 563 2019 619 2073; x_wconf 88' lang='lat' dir='ltr'>ira,</span> <span class='ocrx_word' id='word_1_80' title='bbox 644 2016 710 2078; x_wconf 89' lang='lat' dir='ltr'>quod</span> 
     </span>
     <span class='ocr_line' id='line_1_19' title="bbox 158 2095 710 2161; baseline -0.005 -15"><span class='ocrx_word' id='word_1_81' title='bbox 158 2104 259 2161; x_wconf 89' lang='lat' dir='ltr'>propter</span> <span class='ocrx_word' id='word_1_82' title='bbox 276 2100 404 2146; x_wconf 73' lang='lat' dir='ltr'>horrentes</span> <span class='ocrx_word' id='word_1_83' title='bbox 420 2099 525 2159; x_wconf 79' lang='lat' dir='ltr'>capillos</span> <span class='ocrx_word' id='word_1_84' title='bbox 545 2095 710 2143; x_wconf 87' lang='lat' dir='ltr'>necessarium</span> 
     </span>
     <span class='ocr_line' id='line_1_20' title="bbox 159 2176 709 2239; baseline -0.009 -15"><span class='ocrx_word' id='word_1_85' title='bbox 159 2184 203 2226; x_wconf 90' lang='lat' dir='ltr'>est.</span> <span class='ocrx_word' id='word_1_86' title='bbox 237 2177 349 2224; x_wconf 84' lang='lat' dir='ltr'>Echinus</span> <span class='ocrx_word' id='word_1_87' title='bbox 366 2191 461 2239; x_wconf 89' lang='lat' dir='ltr'>semper</span> <span class='ocrx_word' id='word_1_88' title='bbox 472 2176 569 2232; x_wconf 89' lang='lat' dir='ltr'>horret,</span> <span class='ocrx_word' id='word_1_89' title='bbox 586 2188 644 2236; x_wconf 88' lang='lat' dir='ltr'>aper</span> <span class='ocrx_word' id='word_1_90' title='bbox 656 2178 709 2219; x_wconf 91' lang='lat' dir='ltr'>tan-</span> 
     </span>
     <span class='ocr_line' id='line_1_21' title="bbox 159 2252 710 2319; baseline -0.011 -15"><span class='ocrx_word' id='word_1_91' title='bbox 159 2263 214 2304; x_wconf 89' lang='lat' dir='ltr'>tum</span> <span class='ocrx_word' id='word_1_92' title='bbox 236 2257 277 2304; x_wconf 88' lang='lat' dir='ltr'>vel</span> <span class='ocrx_word' id='word_1_93' title='bbox 298 2257 428 2319; x_wconf 88' lang='lat' dir='ltr'>praecipue</span> <span class='ocrx_word' id='word_1_94' title='bbox 451 2270 509 2303; x_wconf 88' lang='lat' dir='ltr'>cum</span> <span class='ocrx_word' id='word_1_95' title='bbox 528 2255 603 2318; x_wconf 84' lang='lat' dir='ltr'>furit</span> <span class='ocrx_word' id='word_1_96' title='bbox 634 2259 658 2300; x_wconf 87' lang='lat' dir='ltr'>ct</span> <span class='ocrx_word' id='word_1_97' title='bbox 684 2252 710 2299; x_wconf 94' lang='lat' dir='ltr'>in</span> 
     </span>
     <span class='ocr_line' id='line_1_22' title="bbox 160 2333 710 2394; baseline -0.005 -13"><span class='ocrx_word' id='word_1_98' title='bbox 160 2334 242 2383; x_wconf 84' lang='lat' dir='ltr'>hostes</span> <span class='ocrx_word' id='word_1_99' title='bbox 253 2334 338 2384; x_wconf 76' lang='lat' dir='ltr'>famur.</span> <span class='ocrx_word' id='word_1_100' title='bbox 364 2333 446 2383; x_wconf 84' lang='lat' dir='ltr'>Credo</span> <span class='ocrx_word' id='word_1_101' title='bbox 457 2341 508 2380; x_wconf 89' lang='lat' dir='ltr'>tam</span> <span class='ocrx_word' id='word_1_102' title='bbox 520 2348 624 2382; x_wconf 83' lang='lat' dir='ltr'>currens</span> <span class='ocrx_word' id='word_1_103' title='bbox 634 2346 710 2394; x_wconf 87' lang='lat' dir='ltr'>quam</span> 
     </span>
     <span class='ocr_line' id='line_1_23' title="bbox 158 2411 711 2474; baseline -0.007 -14"><span class='ocrx_word' id='word_1_104' title='bbox 158 2413 250 2473; x_wconf 75' lang='lat' dir='ltr'>furnas</span> <span class='ocrx_word' id='word_1_105' title='bbox 274 2428 327 2461; x_wconf 90' lang='lat' dir='ltr'>esse</span> <span class='ocrx_word' id='word_1_106' title='bbox 348 2413 575 2474; x_wconf 80' lang='lat' dir='ltr'>interpretationem</span> <span class='ocrx_word' id='word_1_107' title='bbox 603 2411 711 2457; x_wconf 88' lang='lat' dir='ltr'>sincerae</span> 
     </span>
     <span class='ocr_line' id='line_1_24' title="bbox 160 2491 710 2556; baseline -0.004 -17"><span class='ocrx_word' id='word_1_108' title='bbox 160 2494 240 2552; x_wconf 87' lang='lat' dir='ltr'>vocis,</span> <span class='ocrx_word' id='word_1_109' title='bbox 257 2507 361 2556; x_wconf 89' lang='lat' dir='ltr'>eamque</span> <span class='ocrx_word' id='word_1_110' title='bbox 377 2491 461 2539; x_wconf 74' lang='lat' dir='ltr'>baisse:</span> <span class='ocrx_word' id='word_1_111' title='bbox 487 2497 624 2538; x_wconf 79' lang='lat' dir='ltr'>astruens</span> <span class='ocrx_word' id='word_1_112' title='bbox 642 2505 710 2552; x_wconf 84' lang='lat' dir='ltr'>aper.</span> 
     </span>
     <span class='ocr_line' id='line_1_25' title="bbox 161 2567 709 2633; baseline -0.011 -12"><span class='ocrx_word' id='word_1_113' title='bbox 161 2574 209 2621; x_wconf 85' lang='lat' dir='ltr'>Est</span> <span class='ocrx_word' id='word_1_114' title='bbox 226 2588 313 2629; x_wconf 82' lang='lat' dir='ltr'>ruens,</span> <span class='ocrx_word' id='word_1_115' title='bbox 338 2586 454 2627; x_wconf 83' lang='lat' dir='ltr'>currens,</span> <span class='ocrx_word' id='word_1_116' title='bbox 473 2571 578 2633; x_wconf 67' lang='lat' dir='ltr'>fierem,</span> <span class='ocrx_word' id='word_1_117' title='bbox 605 2567 709 2631; x_wconf 73' lang='grc' dir='ltr'>ἱέμενος.</span> 
     </span>
     <span class='ocr_line' id='line_1_26' title="bbox 161 2645 710 2710; baseline -0.015 -10"><span class='ocrx_word' id='word_1_118' title='bbox 161 2652 263 2700; x_wconf 89' lang='lat' dir='ltr'>Hesiod.</span> <span class='ocrx_word' id='word_1_119' title='bbox 282 2651 358 2701; x_wconf 89' lang='lat' dir='ltr'>Scuto</span> <span class='ocrx_word' id='word_1_120' title='bbox 378 2651 431 2697; x_wconf 84' lang='lat'>169.</span> <span class='ocrx_word' id='word_1_121' title='bbox 466 2648 510 2696; x_wconf 85' lang='grc' dir='ltr'>Ἐν</span> <span class='ocrx_word' id='word_1_122' title='bbox 527 2647 551 2696; x_wconf 81' lang='grc' dir='ltr'>δὲ</span> <span class='ocrx_word' id='word_1_123' title='bbox 570 2651 638 2696; x_wconf 83' lang='grc' dir='ltr'>συῶν</span> <span class='ocrx_word' id='word_1_124' title='bbox 651 2645 710 2710; x_wconf 78' lang='grc' dir='ltr'><strong><em>ἀγέ-</em></strong></span> 
     </span>
     <span class='ocr_line' id='line_1_27' title="bbox 160 2724 709 2792; baseline -0.011 -14"><span class='ocrx_word' id='word_1_125' title='bbox 160 2731 205 2779; x_wconf 83' lang='grc' dir='ltr'>λαι</span> <span class='ocrx_word' id='word_1_126' title='bbox 222 2731 361 2779; x_wconf 81' lang='grc' dir='ltr'>κοτεόντων</span> <span class='ocrx_word' id='word_1_127' title='bbox 376 2727 401 2776; x_wconf 66' lang='grc' dir='ltr'>θ’</span> <span class='ocrx_word' id='word_1_128' title='bbox 418 2727 522 2792; x_wconf 80' lang='grc' dir='ltr'>ἱεμένων</span> <span class='ocrx_word' id='word_1_129' title='bbox 539 2745 570 2775; x_wconf 78' lang='lat' dir='ltr'>re.</span> <span class='ocrx_word' id='word_1_130' title='bbox 606 2725 655 2775; x_wconf 85' lang='lat' dir='ltr'>Sed</span> <span class='ocrx_word' id='word_1_131' title='bbox 672 2724 709 2772; x_wconf 90' lang='lat' dir='ltr'>lo·</span> 
     </span>
     <span class='ocr_line' id='line_1_28' title="bbox 161 2804 712 2872; baseline -0.013 -14"><span class='ocrx_word' id='word_1_132' title='bbox 161 2817 255 2872; x_wconf 84' lang='lat' dir='ltr'>quatur</span> <span class='ocrx_word' id='word_1_133' title='bbox 279 2824 324 2871; x_wconf 91' lang='lat' dir='ltr'>pro</span> <span class='ocrx_word' id='word_1_134' title='bbox 348 2822 388 2855; x_wconf 89' lang='lat' dir='ltr'>me</span> <span class='ocrx_word' id='word_1_135' title='bbox 413 2807 528 2854; x_wconf 82' lang='lat' dir='ltr'>Donatus</span> <span class='ocrx_word' id='word_1_136' title='bbox 551 2806 581 2852; x_wconf 90' lang='lat' dir='ltr'>ad</span> <span class='ocrx_word' id='word_1_137' title='bbox 599 2804 712 2853; x_wconf 85' lang='lat' dir='ltr'>Terentii</span> 
     </span>
     <span class='ocr_line' id='line_1_29' title="bbox 162 2887 710 2950; baseline -0.009 -14"><span class='ocrx_word' id='word_1_138' title='bbox 162 2888 273 2950; x_wconf 84' lang='lat' dir='ltr'>Adelph.</span> <span class='ocrx_word' id='word_1_139' title='bbox 290 2888 340 2936; x_wconf 92' lang='lat' dir='ltr'>III.</span> <span class='ocrx_word' id='word_1_140' title='bbox 357 2888 381 2934; x_wconf 84' lang='lat'>2.</span> <span class='ocrx_word' id='word_1_141' title='bbox 402 2887 442 2934; x_wconf 85' lang='lat'>21.</span> <span class='ocrx_word' id='word_1_142' title='bbox 477 2888 580 2932; x_wconf 84' lang='lat' dir='ltr'>“Raere</span> <span class='ocrx_word' id='word_1_143' title='bbox 600 2891 637 2932; x_wconf 93' lang='lat' dir='ltr'>est</span> <span class='ocrx_word' id='word_1_144' title='bbox 660 2891 710 2932; x_wconf 90' lang='lat' dir='ltr'>toto</span> 
     </span>
     <span class='ocr_line' id='line_1_30' title="bbox 164 2964 710 3029; baseline -0.005 -15"><span class='ocrx_word' id='word_1_145' title='bbox 164 2980 265 3029; x_wconf 90' lang='lat' dir='ltr'>corpore</span> <span class='ocrx_word' id='word_1_146' title='bbox 282 2967 318 3013; x_wconf 92' lang='lat' dir='ltr'>uti</span> <span class='ocrx_word' id='word_1_147' title='bbox 335 2966 367 3013; x_wconf 91' lang='lat' dir='ltr'>ad</span> <span class='ocrx_word' id='word_1_148' title='bbox 382 2964 574 3028; x_wconf 64' lang='lat' dir='ltr'>mellendum:</span> <span class='ocrx_word' id='word_1_149' title='bbox 592 2964 658 3026; x_wconf 88' lang='lat' dir='ltr'>quod</span> <span class='ocrx_word' id='word_1_150' title='bbox 675 2964 710 3011; x_wconf 86' lang='lat' dir='ltr'>fa·</span> 
     </span>
     <span class='ocr_line' id='line_1_31' title="bbox 163 3042 710 3109; baseline -0.009 -15"><span class='ocrx_word' id='word_1_151' title='bbox 163 3046 247 3102; x_wconf 88' lang='lat' dir='ltr'>ciunt,</span> <span class='ocrx_word' id='word_1_152' title='bbox 264 3046 320 3109; x_wconf 88' lang='lat' dir='ltr'>qui,</span> <span class='ocrx_word' id='word_1_153' title='bbox 338 3045 383 3108; x_wconf 90' lang='lat' dir='ltr'>ipsi</span> <span class='ocrx_word' id='word_1_154' title='bbox 403 3043 561 3107; x_wconf 55' lang='lat' dir='ltr'>praecipites</span> <span class='ocrx_word' id='word_1_155' title='bbox 578 3042 639 3090; x_wconf 90' lang='lat' dir='ltr'>alios</span> <span class='ocrx_word' id='word_1_156' title='bbox 655 3057 710 3105; x_wconf 73' lang='lat' dir='ltr'>pro·</span> 
     </span>
     <span class='ocr_line' id='line_1_32' title="bbox 163 3121 711 3186; baseline -0.011 -12"><span class='ocrx_word' id='word_1_157' title='bbox 163 3132 285 3174; x_wconf 88' lang='lat' dir='ltr'>sternunt.</span> <span class='ocrx_word' id='word_1_158' title='bbox 318 3125 392 3173; x_wconf 88' lang='lat' dir='ltr'>Unde</span> <span class='ocrx_word' id='word_1_159' title='bbox 409 3123 505 3186; x_wconf 86' lang='lat' dir='ltr'>proprie</span> <span class='ocrx_word' id='word_1_160' title='bbox 521 3137 576 3170; x_wconf 83' lang='lat' dir='ltr'>sues</span> <span class='ocrx_word' id='word_1_161' title='bbox 592 3136 665 3169; x_wconf 82' lang='lat' dir='ltr'>ruere</span> <span class='ocrx_word' id='word_1_162' title='bbox 676 3121 711 3168; x_wconf 93' lang='lat' dir='ltr'>di·</span> 
     </span>
     <span class='ocr_line' id='line_1_33' title="bbox 165 3202 710 3266; baseline -0.009 -13"><span class='ocrx_word' id='word_1_163' title='bbox 165 3212 263 3253; x_wconf 90' lang='lat' dir='ltr'>cuntur.</span> <span class='ocrx_word' id='word_1_164' title='bbox 296 3204 434 3266; x_wconf 84' lang='lat' dir='ltr'>Virgilius:</span> <span class='ocrx_word' id='word_1_165' title='bbox 454 3204 514 3264; x_wconf 82' lang='lat' dir='ltr'>Ipse</span> <span class='ocrx_word' id='word_1_166' title='bbox 531 3204 593 3257; x_wconf 83' lang='lat' dir='ltr'>ruit,</span> <span class='ocrx_word' id='word_1_167' title='bbox 611 3202 710 3248; x_wconf 70' lang='lat' dir='ltr'>detites-</span> 
     </span>
     <span class='ocr_line' id='line_1_34' title="bbox 163 3278 711 3346; baseline -0.013 -13"><span class='ocrx_word' id='word_1_168' title='bbox 163 3300 210 3346; x_wconf 86' lang='lat' dir='ltr'>qne</span> <span class='ocrx_word' id='word_1_169' title='bbox 228 3285 366 3333; x_wconf 80' lang='lat' dir='ltr'>Sabellicus</span> <span class='ocrx_word' id='word_1_170' title='bbox 383 3282 483 3331; x_wconf 79' lang='lat' dir='ltr'>exacuit</span> <span class='ocrx_word' id='word_1_171' title='bbox 504 3295 561 3338; x_wconf 86' lang='lat' dir='ltr'>sus‚·</span> <span class='ocrx_word' id='word_1_172' title='bbox 585 3285 609 3327; x_wconf 93' lang='lat' dir='ltr'>et</span> <span class='ocrx_word' id='word_1_173' title='bbox 631 3278 711 3327; x_wconf 90' lang='lat' dir='ltr'>Hora-</span> 
     </span>
     <span class='ocr_line' id='line_1_35' title="bbox 164 3359 711 3421; baseline -0.011 -10"><span class='ocrx_word' id='word_1_174' title='bbox 164 3364 227 3411; x_wconf 89' lang='lat' dir='ltr'>tius:</span> <span class='ocrx_word' id='word_1_175' title='bbox 253 3364 314 3410; x_wconf 87' lang='lat' dir='ltr'>Hac</span> <span class='ocrx_word' id='word_1_176' title='bbox 330 3361 428 3409; x_wconf 83' lang='lat' dir='ltr'>rabiosa</span> <span class='ocrx_word' id='word_1_177' title='bbox 438 3360 512 3421; x_wconf 75' lang='lat' dir='ltr'>sapit</span> <span class='ocrx_word' id='word_1_178' title='bbox 529 3359 613 3414; x_wconf 88' lang='lat' dir='ltr'>canis,</span> <span class='ocrx_word' id='word_1_179' title='bbox 631 3372 660 3406; x_wconf 85' lang='lat' dir='ltr'>ao</span> <span class='ocrx_word' id='word_1_180' title='bbox 675 3359 711 3406; x_wconf 85' lang='lat' dir='ltr'>ln·</span> 
     </span>
     <span class='ocr_line' id='line_1_36' title="bbox 165 3436 712 3490; baseline -0.015 0"><span class='ocrx_word' id='word_1_181' title='bbox 165 3444 263 3490; x_wconf 83' lang='lat' dir='ltr'>talenta</span> <span class='ocrx_word' id='word_1_182' title='bbox 279 3443 334 3489; x_wconf 84' lang='lat' dir='ltr'>ruit</span> <span class='ocrx_word' id='word_1_183' title='bbox 354 3439 420 3488; x_wconf 85' lang='lat' dir='ltr'>sns.&#39;&#39;</span> <span class='ocrx_word' id='word_1_184' title='bbox 453 3438 524 3487; x_wconf 88' lang='lat' dir='ltr'>Idem</span> <span class='ocrx_word' id='word_1_185' title='bbox 544 3437 658 3484; x_wconf 88' lang='lat' dir='ltr'>Donatus</span> <span class='ocrx_word' id='word_1_186' title='bbox 680 3436 712 3483; x_wconf 89' lang='lat' dir='ltr'>ad</span> 
     </span>
    </p>
   </div>
   <div class='ocr_carea' id='block_1_4' title="bbox 91 3516 711 3583">
    <p class='ocr_par' dir='ltr' id='par_1_4' title="bbox 91 3516 711 3583">
     <span class='ocr_line' id='line_1_37' title="bbox 91 3516 711 3583; baseline -0.005 -19"><span class='ocrx_word' id='word_1_187' title='bbox 91 3550 98 3564; x_wconf 92' lang='lat'>.</span> <span class='ocrx_word' id='word_1_188' title='bbox 165 3520 275 3583; x_wconf 85' lang='lat' dir='ltr'>Adelph.</span> <span class='ocrx_word' id='word_1_189' title='bbox 300 3518 351 3567; x_wconf 89' lang='lat' dir='ltr'>IV.</span> <span class='ocrx_word' id='word_1_190' title='bbox 374 3519 399 3566; x_wconf 85' lang='lat'>2.</span> <span class='ocrx_word' id='word_1_191' title='bbox 427 3517 464 3564; x_wconf 93' lang='lat' dir='ltr'>ll.</span> <span class='ocrx_word' id='word_1_192' title='bbox 498 3516 587 3564; x_wconf 87' lang='lat' dir='ltr'>“Dixit</span> <span class='ocrx_word' id='word_1_193' title='bbox 612 3517 711 3573; x_wconf 82' lang='lat' dir='ltr'>irruat,</span> 
     </span>
    </p>
   </div>
   <div class='ocr_carea' id='block_1_5' title="bbox 155 3593 713 4374">
    <p class='ocr_par' dir='ltr' id='par_1_5' title="bbox 165 3593 711 3741">
     <span class='ocr_line' id='line_1_38' title="bbox 165 3593 711 3663; baseline -0.016 -15"><span class='ocrx_word' id='word_1_194' title='bbox 165 3608 293 3663; x_wconf 76' lang='lat' dir='ltr'>tamquam</span> <span class='ocrx_word' id='word_1_195' title='bbox 310 3598 340 3646; x_wconf 90' lang='lat' dir='ltr'>de</span> <span class='ocrx_word' id='word_1_196' title='bbox 358 3612 398 3656; x_wconf 92' lang='lat' dir='ltr'>eo,</span> <span class='ocrx_word' id='word_1_197' title='bbox 419 3596 463 3658; x_wconf 88' lang='lat' dir='ltr'>qui</span> <span class='ocrx_word' id='word_1_198' title='bbox 483 3601 642 3658; x_wconf 88' lang='lat' dir='ltr'>pugnaturus</span> <span class='ocrx_word' id='word_1_199' title='bbox 666 3593 711 3654; x_wconf 83' lang='lat' dir='ltr'>sit,</span> 
     </span>
     <span class='ocr_line' id='line_1_39' title="bbox 165 3675 483 3741; baseline -0.009 -15"><span class='ocrx_word' id='word_1_200' title='bbox 165 3685 209 3726; x_wconf 91' lang='lat' dir='ltr'>aut</span> <span class='ocrx_word' id='word_1_201' title='bbox 225 3685 354 3741; x_wconf 91' lang='lat' dir='ltr'>tamquam</span> <span class='ocrx_word' id='word_1_202' title='bbox 371 3679 401 3725; x_wconf 86' lang='lat' dir='ltr'>de</span> <span class='ocrx_word' id='word_1_203' title='bbox 415 3675 483 3724; x_wconf 86' lang='lat' dir='ltr'>sae.&#39;&#39;</span> 
     </span>
    </p>

    <p class='ocr_par' dir='ltr' id='par_1_6' title="bbox 155 3751 713 4374">
     <span class='ocr_line' id='line_1_40' title="bbox 155 3751 711 3805; baseline -0.013 0"><span class='ocrx_word' id='word_1_204' title='bbox 155 3774 160 3779; x_wconf 88' lang='grc'><strong><em>’</em></strong></span> <span class='ocrx_word' id='word_1_205' title='bbox 192 3759 293 3805; x_wconf 79' lang='lat' dir='ltr'>Aberta</span> <span class='ocrx_word' id='word_1_206' title='bbox 304 3758 376 3804; x_wconf 80' lang='lat' dir='ltr'>nulla</span> <span class='ocrx_word' id='word_1_207' title='bbox 391 3756 452 3803; x_wconf 77' lang='lat' dir='ltr'>Veia</span> <span class='ocrx_word' id='word_1_208' title='bbox 463 3754 619 3802; x_wconf 82' lang='lat' dir='ltr'>cmsscientia.</span> <span class='ocrx_word' id='word_1_209' title='bbox 638 3751 711 3804; x_wconf 85' lang='lat' dir='ltr'>Com-</span> 
     </span>
     <span class='ocr_line' id='line_1_41' title="bbox 166 3833 712 3894; baseline -0.009 -10"><span class='ocrx_word' id='word_1_210' title='bbox 166 3842 299 3885; x_wconf 88' lang='lat' dir='ltr'>mentator:</span> <span class='ocrx_word' id='word_1_211' title='bbox 329 3837 400 3894; x_wconf 81' lang='lat' dir='ltr'>Quos</span> <span class='ocrx_word' id='word_1_212' title='bbox 426 3834 498 3882; x_wconf 73' lang='lat' dir='ltr'>realia</span> <span class='ocrx_word' id='word_1_213' title='bbox 522 3833 675 3881; x_wconf 81' lang='lat' dir='ltr'>conscinrtia</span> <span class='ocrx_word' id='word_1_214' title='bbox 695 3848 712 3880; x_wconf 88' lang='lat' dir='ltr'>a</span> 
     </span>
     <span class='ocr_line' id='line_1_42' title="bbox 166 3911 711 3979; baseline -0.013 -14"><span class='ocrx_word' id='word_1_215' title='bbox 166 3916 296 3979; x_wconf 73' lang='lat' dir='ltr'>maleyiciis</span> <span class='ocrx_word' id='word_1_216' title='bbox 312 3916 380 3976; x_wconf 67' lang='lat' dir='ltr'>abigi</span> <span class='ocrx_word' id='word_1_217' title='bbox 395 3918 504 3976; x_wconf 80' lang='lat' dir='ltr'>poterat.</span> <span class='ocrx_word' id='word_1_218' title='bbox 530 3912 586 3973; x_wconf 84' lang='lat' dir='ltr'>Ego</span> <span class='ocrx_word' id='word_1_219' title='bbox 602 3911 711 3973; x_wconf 91' lang='lat' dir='ltr'>primum</span> 
     </span>
     <span class='ocr_line' id='line_1_43' title="bbox 165 3989 713 4043; baseline -0.009 -1"><span class='ocrx_word' id='word_1_220' title='bbox 165 3994 252 4043; x_wconf 91' lang='lat' dir='ltr'>dubito</span> <span class='ocrx_word' id='word_1_221' title='bbox 274 4009 306 4042; x_wconf 91' lang='lat' dir='ltr'>an</span> <span class='ocrx_word' id='word_1_222' title='bbox 323 3994 412 4042; x_wconf 88' lang='lat' dir='ltr'>Latine</span> <span class='ocrx_word' id='word_1_223' title='bbox 430 3993 541 4040; x_wconf 90' lang='lat' dir='ltr'>dicatur:</span> <span class='ocrx_word' id='word_1_224' title='bbox 564 3989 713 4038; x_wconf 90' lang='lat' dir='ltr'>conscientia</span> 
     </span>
     <span class='ocr_line' id='line_1_44' title="bbox 165 4071 712 4134; baseline -0.009 -13"><span class='ocrx_word' id='word_1_225' title='bbox 165 4073 238 4122; x_wconf 91' lang='lat' dir='ltr'>illum</span> <span class='ocrx_word' id='word_1_226' title='bbox 255 4090 270 4121; x_wconf 93' lang='lat' dir='ltr'>a</span> <span class='ocrx_word' id='word_1_227' title='bbox 287 4073 414 4123; x_wconf 90' lang='lat' dir='ltr'>maleficiis</span> <span class='ocrx_word' id='word_1_228' title='bbox 431 4074 522 4134; x_wconf 70' lang='lat' dir='ltr'>abicit,</span> <span class='ocrx_word' id='word_1_229' title='bbox 545 4085 590 4133; x_wconf 93' lang='lat' dir='ltr'>pro</span> <span class='ocrx_word' id='word_1_230' title='bbox 606 4071 712 4125; x_wconf 85' lang='lat' dir='ltr'>retinet,</span> 
     </span>
     <span class='ocr_line' id='line_1_45' title="bbox 165 4149 712 4210; baseline -0.009 -9"><span class='ocrx_word' id='word_1_231' title='bbox 165 4155 291 4210; x_wconf 84' lang='lat' dir='ltr'>deterret,</span> <span class='ocrx_word' id='word_1_232' title='bbox 321 4153 431 4201; x_wconf 84' lang='lat' dir='ltr'>caeteris.</span> <span class='ocrx_word' id='word_1_233' title='bbox 474 4152 541 4199; x_wconf 91' lang='lat' dir='ltr'>Tum</span> <span class='ocrx_word' id='word_1_234' title='bbox 571 4149 712 4197; x_wconf 90' lang='lat' dir='ltr'>addendum</span> 
     </span>
     <span class='ocr_line' id='line_1_46' title="bbox 165 4231 712 4294; baseline -0.004 -15"><span class='ocrx_word' id='word_1_235' title='bbox 165 4238 219 4280; x_wconf 90' lang='lat' dir='ltr'>erat</span> <span class='ocrx_word' id='word_1_236' title='bbox 235 4232 287 4282; x_wconf 89' lang='lat' dir='ltr'>tale</span> <span class='ocrx_word' id='word_1_237' title='bbox 303 4232 398 4294; x_wconf 90' lang='lat' dir='ltr'>aliquid</span> <span class='ocrx_word' id='word_1_238' title='bbox 418 4248 434 4280; x_wconf 88' lang='lat' dir='ltr'>a</span> <span class='ocrx_word' id='word_1_239' title='bbox 451 4231 592 4293; x_wconf 73' lang='lat' dir='ltr'>arralrficiis,</span> <span class='ocrx_word' id='word_1_240' title='bbox 610 4246 626 4277; x_wconf 92' lang='lat' dir='ltr'>a</span> <span class='ocrx_word' id='word_1_241' title='bbox 642 4231 712 4278; x_wconf 87' lang='lat' dir='ltr'>secle-</span> 
     </span>
     <span class='ocr_line' id='line_1_47' title="bbox 166 4308 711 4374; baseline -0.006 -16"><span class='ocrx_word' id='word_1_242' title='bbox 166 4313 241 4362; x_wconf 82' lang='lat' dir='ltr'>ribas.</span> <span class='ocrx_word' id='word_1_243' title='bbox 276 4313 390 4374; x_wconf 89' lang='lat' dir='ltr'>Denique</span> <span class='ocrx_word' id='word_1_244' title='bbox 406 4325 496 4359; x_wconf 88' lang='lat' dir='ltr'>nomen</span> <span class='ocrx_word' id='word_1_245' title='bbox 527 4311 608 4367; x_wconf 84' lang='lat' dir='ltr'>Veiae,</span> <span class='ocrx_word' id='word_1_246' title='bbox 638 4308 663 4355; x_wconf 90' lang='lat' dir='ltr'>h.</span> <span class='ocrx_word' id='word_1_247' title='bbox 691 4323 711 4356; x_wconf 91' lang='lat' dir='ltr'>c.</span> 
     </span>
    </p>
   </div>
   <div class='ocr_carea' id='block_1_6' title="bbox 750 1304 1301 4356">
    <p class='ocr_par' dir='ltr' id='par_1_7' title="bbox 750 1304 1301 4132">
     <span class='ocr_line' id='line_1_48' title="bbox 750 1304 1296 1368; baseline 0.004 -16"><span class='ocrx_word' id='word_1_248' title='bbox 750 1304 860 1353; x_wconf 84' lang='lat' dir='ltr'>mulieris</span> <span class='ocrx_word' id='word_1_249' title='bbox 882 1307 951 1354; x_wconf 82' lang='lat' dir='ltr'>Veiis</span> <span class='ocrx_word' id='word_1_250' title='bbox 966 1309 1054 1363; x_wconf 72' lang='lat' dir='ltr'>arctae,</span> <span class='ocrx_word' id='word_1_251' title='bbox 1077 1304 1138 1351; x_wconf 90' lang='lat' dir='ltr'>mihi</span> <span class='ocrx_word' id='word_1_252' title='bbox 1155 1312 1296 1368; x_wconf 87' lang='lat' dir='ltr'>suspectum</span> 
     </span>
     <span class='ocr_line' id='line_1_49' title="bbox 750 1388 1296 1448; baseline 0.005 -15"><span class='ocrx_word' id='word_1_253' title='bbox 750 1392 799 1442; x_wconf 85' lang='lat' dir='ltr'>est,</span> <span class='ocrx_word' id='word_1_254' title='bbox 821 1392 850 1432; x_wconf 91' lang='lat' dir='ltr'>ut</span> <span class='ocrx_word' id='word_1_255' title='bbox 870 1392 1012 1448; x_wconf 89' lang='lat' dir='ltr'>suspectum</span> <span class='ocrx_word' id='word_1_256' title='bbox 1029 1391 1093 1434; x_wconf 85' lang='lat' dir='ltr'>esset</span> <span class='ocrx_word' id='word_1_257' title='bbox 1111 1388 1296 1444; x_wconf 79' lang='lat' dir='ltr'>Ariminenses,</span> 
     </span>
     <span class='ocr_line' id='line_1_50' title="bbox 751 1463 1297 1527; baseline 0.005 -16"><span class='ocrx_word' id='word_1_258' title='bbox 751 1463 798 1511; x_wconf 90' lang='lat' dir='ltr'>nisi</span> <span class='ocrx_word' id='word_1_259' title='bbox 819 1470 962 1527; x_wconf 86' lang='lat' dir='ltr'>sequeretur</span> <span class='ocrx_word' id='word_1_260' title='bbox 984 1465 1065 1512; x_wconf 83' lang='lat' dir='ltr'>Folia.</span> <span class='ocrx_word' id='word_1_261' title='bbox 1099 1463 1161 1512; x_wconf 89' lang='lat' dir='ltr'>Alia</span> <span class='ocrx_word' id='word_1_262' title='bbox 1179 1466 1244 1513; x_wconf 87' lang='lat' dir='ltr'>ratio</span> <span class='ocrx_word' id='word_1_263' title='bbox 1260 1473 1297 1516; x_wconf 86' lang='lat' dir='ltr'>est</span> 
     </span>
     <span class='ocr_line' id='line_1_51' title="bbox 751 1536 1297 1602; baseline 0.005 -12"><span class='ocrx_word' id='word_1_264' title='bbox 751 1543 776 1591; x_wconf 94' lang='lat' dir='ltr'>in</span> <span class='ocrx_word' id='word_1_265' title='bbox 793 1536 936 1592; x_wconf 87' lang='lat' dir='ltr'>nominibus</span> <span class='ocrx_word' id='word_1_266' title='bbox 953 1541 1066 1598; x_wconf 84' lang='lat' dir='ltr'>Graecis,</span> <span class='ocrx_word' id='word_1_267' title='bbox 1087 1544 1190 1600; x_wconf 80' lang='lat' dir='ltr'>Lesbia,</span> <span class='ocrx_word' id='word_1_268' title='bbox 1207 1546 1297 1602; x_wconf 87' lang='lat' dir='ltr'>Delia,</span> 
     </span>
     <span class='ocr_line' id='line_1_52' title="bbox 753 1622 1296 1685; baseline -0.002 -13"><span class='ocrx_word' id='word_1_269' title='bbox 753 1625 825 1672; x_wconf 85' lang='lat' dir='ltr'>Cbia.</span> <span class='ocrx_word' id='word_1_270' title='bbox 860 1624 927 1672; x_wconf 90' lang='lat' dir='ltr'>Puto</span> <span class='ocrx_word' id='word_1_271' title='bbox 948 1637 1023 1685; x_wconf 89' lang='lat' dir='ltr'>supra</span> <span class='ocrx_word' id='word_1_272' title='bbox 1042 1636 1094 1670; x_wconf 87' lang='lat' dir='ltr'>esse</span> <span class='ocrx_word' id='word_1_273' title='bbox 1110 1622 1296 1685; x_wconf 83' lang='lat' dir='ltr'>corrigendum:</span> 
     </span>
     <span class='ocr_line' id='line_1_53' title="bbox 752 1702 1298 1764; baseline 0.005 -17"><span class='ocrx_word' id='word_1_274' title='bbox 752 1702 791 1748; x_wconf 86' lang='lat' dir='ltr'>Et</span> <span class='ocrx_word' id='word_1_275' title='bbox 807 1705 924 1764; x_wconf 83' lang='lat' dir='ltr'>expedito</span> <span class='ocrx_word' id='word_1_276' title='bbox 943 1705 1052 1764; x_wconf 69' lang='lat' dir='ltr'>Sagana.</span> <span class='ocrx_word' id='word_1_277' title='bbox 1080 1702 1130 1750; x_wconf 87' lang='lat' dir='ltr'>Hic</span> <span class='ocrx_word' id='word_1_278' title='bbox 1146 1709 1241 1751; x_wconf 87' lang='lat' dir='ltr'>autem:</span> <span class='ocrx_word' id='word_1_279' title='bbox 1260 1706 1298 1750; x_wconf 83' lang='lat' dir='ltr'>At</span> 
     </span>
     <span class='ocr_line' id='line_1_54' title="bbox 753 1781 1298 1831; baseline 0.009 -6"><span class='ocrx_word' id='word_1_280' title='bbox 753 1782 820 1829; x_wconf 83' lang='lat' dir='ltr'>Acta</span> <span class='ocrx_word' id='word_1_281' title='bbox 837 1783 910 1829; x_wconf 77' lang='lat' dir='ltr'>realia</span> <span class='ocrx_word' id='word_1_282' title='bbox 931 1783 992 1829; x_wconf 83' lang='lat' dir='ltr'>Veia</span> <span class='ocrx_word' id='word_1_283' title='bbox 1008 1784 1168 1831; x_wconf 80' lang='lat' dir='ltr'>conscientia.</span> <span class='ocrx_word' id='word_1_284' title='bbox 1194 1781 1298 1831; x_wconf 81' lang='lat' dir='ltr'>Canidia</span> 
     </span>
     <span class='ocr_line' id='line_1_55' title="bbox 752 1858 1298 1922; baseline 0.007 -17"><span class='ocrx_word' id='word_1_285' title='bbox 752 1858 821 1906; x_wconf 87' lang='lat' dir='ltr'>iubet</span> <span class='ocrx_word' id='word_1_286' title='bbox 848 1866 873 1908; x_wconf 83' lang='lat' dir='ltr'>et</span> <span class='ocrx_word' id='word_1_287' title='bbox 895 1859 997 1922; x_wconf 85' lang='lat' dir='ltr'>Sagana</span> <span class='ocrx_word' id='word_1_288' title='bbox 1016 1860 1111 1918; x_wconf 90' lang='lat' dir='ltr'>horret,</span> <span class='ocrx_word' id='word_1_289' title='bbox 1135 1868 1160 1908; x_wconf 90' lang='lat' dir='ltr'>at</span> <span class='ocrx_word' id='word_1_290' title='bbox 1178 1861 1245 1910; x_wconf 82' lang='lat' dir='ltr'>Acta</span> <span class='ocrx_word' id='word_1_291' title='bbox 1262 1862 1298 1909; x_wconf 90' lang='lat' dir='ltr'>in-</span> 
     </span>
     <span class='ocr_line' id='line_1_56' title="bbox 751 1938 1297 1988; baseline 0.007 -4"><span class='ocrx_word' id='word_1_292' title='bbox 751 1943 820 1986; x_wconf 90' lang='lat' dir='ltr'>terea</span> <span class='ocrx_word' id='word_1_293' title='bbox 836 1938 941 1985; x_wconf 90' lang='lat' dir='ltr'>humum</span> <span class='ocrx_word' id='word_1_294' title='bbox 958 1938 1126 1987; x_wconf 80' lang='lat' dir='ltr'>exhauriebat.</span> <span class='ocrx_word' id='word_1_295' title='bbox 1153 1942 1189 1987; x_wconf 83' lang='lat' dir='ltr'>Ar</span> <span class='ocrx_word' id='word_1_296' title='bbox 1206 1941 1246 1988; x_wconf 84' lang='lat' dir='ltr'>vel</span> <span class='ocrx_word' id='word_1_297' title='bbox 1258 1941 1297 1988; x_wconf 90' lang='lat' dir='ltr'>de-</span> 
     </span>
     <span class='ocr_line' id='line_1_57' title="bbox 752 2015 1298 2081; baseline 0.009 -20"><span class='ocrx_word' id='word_1_298' title='bbox 752 2015 860 2064; x_wconf 90' lang='lat' dir='ltr'>fenditur</span> <span class='ocrx_word' id='word_1_299' title='bbox 880 2031 925 2080; x_wconf 91' lang='lat' dir='ltr'>per</span> <span class='ocrx_word' id='word_1_300' title='bbox 944 2024 1070 2066; x_wconf 88' lang='lat' dir='ltr'>mutatum</span> <span class='ocrx_word' id='word_1_301' title='bbox 1092 2026 1189 2081; x_wconf 91' lang='lat' dir='ltr'>tempus</span> <span class='ocrx_word' id='word_1_302' title='bbox 1206 2022 1298 2068; x_wconf 78' lang='lat' dir='ltr'>esbaa-</span> 
     </span>
     <span class='ocr_line' id='line_1_58' title="bbox 752 2096 1299 2168; baseline 0.011 -28"><span class='ocrx_word' id='word_1_303' title='bbox 752 2096 842 2142; x_wconf 82' lang='lat' dir='ltr'>riebat.</span> <span class='ocrx_word' id='word_1_304' title='bbox 878 2099 942 2145; x_wconf 80' lang='lat' dir='ltr'>Acte</span> <span class='ocrx_word' id='word_1_305' title='bbox 957 2103 994 2144; x_wconf 90' lang='lat' dir='ltr'>est</span> <span class='ocrx_word' id='word_1_306' title='bbox 1010 2111 1104 2168; x_wconf 39' lang='lat' dir='ltr'>nomen·</span> <span class='ocrx_word' id='word_1_307' title='bbox 1117 2097 1214 2146; x_wconf 84' lang='lat' dir='ltr'>servile.</span> <span class='ocrx_word' id='word_1_308' title='bbox 1249 2099 1299 2146; x_wconf 89' lang='lat' dir='ltr'>No-</span> 
     </span>
     <span class='ocr_line' id='line_1_59' title="bbox 753 2173 1298 2240; baseline 0.015 -22"><span class='ocrx_word' id='word_1_309' title='bbox 753 2173 847 2220; x_wconf 87' lang='lat' dir='ltr'>tissima</span> <span class='ocrx_word' id='word_1_310' title='bbox 858 2177 934 2232; x_wconf 83' lang='lat' dir='ltr'>Acte,</span> <span class='ocrx_word' id='word_1_311' title='bbox 942 2176 1048 2223; x_wconf 88' lang='lat' dir='ltr'>Neronis</span> <span class='ocrx_word' id='word_1_312' title='bbox 1057 2174 1154 2232; x_wconf 89' lang='lat' dir='ltr'>liberta,</span> <span class='ocrx_word' id='word_1_313' title='bbox 1163 2178 1229 2240; x_wconf 90' lang='lat' dir='ltr'>apud</span> <span class='ocrx_word' id='word_1_314' title='bbox 1238 2177 1298 2226; x_wconf 88' lang='lat' dir='ltr'>Sue·</span> 
     </span>
     <span class='ocr_line' id='line_1_60' title="bbox 752 2254 1298 2305; baseline 0.011 -6"><span class='ocrx_word' id='word_1_315' title='bbox 752 2256 803 2301; x_wconf 92' lang='lat' dir='ltr'>ton.</span> <span class='ocrx_word' id='word_1_316' title='bbox 824 2254 864 2302; x_wconf 85' lang='lat'>28.</span> <span class='ocrx_word' id='word_1_317' title='bbox 882 2259 907 2301; x_wconf 92' lang='lat' dir='ltr'>et</span> <span class='ocrx_word' id='word_1_318' title='bbox 927 2256 967 2303; x_wconf 84' lang='lat'>50.</span> <span class='ocrx_word' id='word_1_319' title='bbox 990 2270 1047 2303; x_wconf 84' lang='lat' dir='ltr'>eam</span> <span class='ocrx_word' id='word_1_320' title='bbox 1069 2258 1133 2304; x_wconf 80' lang='lat' dir='ltr'>Acte</span> <span class='ocrx_word' id='word_1_321' title='bbox 1156 2260 1298 2305; x_wconf 82' lang='lat' dir='ltr'>concubina.</span> 
     </span>
     <span class='ocr_line' id='line_1_61' title="bbox 753 2331 1299 2395; baseline 0.004 -15"><span class='ocrx_word' id='word_1_322' title='bbox 753 2331 804 2380; x_wconf 89' lang='lat' dir='ltr'>Ubi</span> <span class='ocrx_word' id='word_1_323' title='bbox 820 2332 846 2378; x_wconf 90' lang='lat' dir='ltr'>in</span> <span class='ocrx_word' id='word_1_324' title='bbox 863 2332 976 2394; x_wconf 86' lang='lat' dir='ltr'>plurimis</span> <span class='ocrx_word' id='word_1_325' title='bbox 993 2332 1070 2382; x_wconf 87' lang='lat' dir='ltr'>MSS.</span> <span class='ocrx_word' id='word_1_326' title='bbox 1088 2333 1218 2395; x_wconf 83' lang='lat' dir='ltr'>legebatur</span> <span class='ocrx_word' id='word_1_327' title='bbox 1229 2337 1299 2384; x_wconf 85' lang='lat' dir='ltr'>occia</span> 
     </span>
     <span class='ocr_line' id='line_1_62' title="bbox 753 2409 1299 2474; baseline 0.007 -18"><span class='ocrx_word' id='word_1_328' title='bbox 753 2411 793 2458; x_wconf 91' lang='lat' dir='ltr'>vel</span> <span class='ocrx_word' id='word_1_329' title='bbox 811 2412 891 2468; x_wconf 84' lang='lat' dir='ltr'>actia,</span> <span class='ocrx_word' id='word_1_330' title='bbox 909 2418 933 2459; x_wconf 89' lang='lat' dir='ltr'>et</span> <span class='ocrx_word' id='word_1_331' title='bbox 951 2409 1108 2474; x_wconf 90' lang='lat' dir='ltr'>Oudendorp.</span> <span class='ocrx_word' id='word_1_332' title='bbox 1126 2412 1176 2460; x_wconf 83' lang='lat' dir='ltr'>fere</span> <span class='ocrx_word' id='word_1_333' title='bbox 1190 2413 1299 2460; x_wconf 90' lang='lat' dir='ltr'>malebat</span> 
     </span>
     <span class='ocr_line' id='line_1_63' title="bbox 754 2490 1300 2539; baseline 0.002 -3"><span class='ocrx_word' id='word_1_334' title='bbox 754 2493 829 2538; x_wconf 83' lang='lat' dir='ltr'>Acta.</span> <span class='ocrx_word' id='word_1_335' title='bbox 864 2491 897 2539; x_wconf 86' lang='lat' dir='ltr'>Et</span> <span class='ocrx_word' id='word_1_336' title='bbox 914 2490 949 2538; x_wconf 88' lang='lat' dir='ltr'>ita</span> <span class='ocrx_word' id='word_1_337' title='bbox 966 2491 1073 2538; x_wconf 87' lang='lat' dir='ltr'>Romani</span> <span class='ocrx_word' id='word_1_338' title='bbox 1086 2490 1171 2539; x_wconf 87' lang='lat' dir='ltr'>efferre</span> <span class='ocrx_word' id='word_1_339' title='bbox 1188 2490 1300 2539; x_wconf 91' lang='lat' dir='ltr'>solebant</span> 
     </span>
     <span class='ocr_line' id='line_1_64' title="bbox 752 2568 1300 2633; baseline 0.007 -19"><span class='ocrx_word' id='word_1_340' title='bbox 752 2568 888 2617; x_wconf 90' lang='lat' dir='ltr'>istiusmodi</span> <span class='ocrx_word' id='word_1_341' title='bbox 896 2569 1105 2619; x_wconf 87' lang='lat' dir='ltr'>nominaGraeca.</span> <span class='ocrx_word' id='word_1_342' title='bbox 1123 2570 1217 2618; x_wconf 80' lang='lat' dir='ltr'>Po&#39;e&#39;tae</span> <span class='ocrx_word' id='word_1_343' title='bbox 1228 2584 1300 2633; x_wconf 87' lang='lat' dir='ltr'>saepe</span> 
     </span>
     <span class='ocr_line' id='line_1_65' title="bbox 753 2649 1300 2707; baseline 0.004 -13"><span class='ocrx_word' id='word_1_344' title='bbox 753 2649 951 2697; x_wconf 84' lang='lat' dir='ltr'>terminationem</span> <span class='ocrx_word' id='word_1_345' title='bbox 972 2649 1094 2699; x_wconf 83' lang='lat' dir='ltr'>Graecam</span> <span class='ocrx_word' id='word_1_346' title='bbox 1111 2656 1254 2707; x_wconf 89' lang='lat' dir='ltr'>servarunt,</span> <span class='ocrx_word' id='word_1_347' title='bbox 1272 2657 1300 2697; x_wconf 93' lang='lat' dir='ltr'>ut</span> 
     </span>
     <span class='ocr_line' id='line_1_66' title="bbox 754 2729 1299 2792; baseline 0.002 -17"><span class='ocrx_word' id='word_1_348' title='bbox 754 2729 863 2785; x_wconf 84' lang='lat' dir='ltr'>Helene,</span> <span class='ocrx_word' id='word_1_349' title='bbox 882 2731 994 2792; x_wconf 80' lang='lat' dir='ltr'>Europe,</span> <span class='ocrx_word' id='word_1_350' title='bbox 1011 2729 1076 2791; x_wconf 87' lang='lat' dir='ltr'>quod</span> <span class='ocrx_word' id='word_1_351' title='bbox 1093 2729 1206 2792; x_wconf 87' lang='lat' dir='ltr'>syllabae</span> <span class='ocrx_word' id='word_1_352' title='bbox 1222 2744 1299 2791; x_wconf 91' lang='lat' dir='ltr'>quan-</span> 
     </span>
     <span class='ocr_line' id='line_1_67' title="bbox 752 2806 1299 2869; baseline 0.005 -16"><span class='ocrx_word' id='word_1_353' title='bbox 752 2806 811 2854; x_wconf 87' lang='lat' dir='ltr'>titas</span> <span class='ocrx_word' id='word_1_354' title='bbox 834 2807 988 2869; x_wconf 83' lang='lat' dir='ltr'>postuiabat,</span> <span class='ocrx_word' id='word_1_355' title='bbox 1013 2808 1071 2856; x_wconf 90' lang='lat' dir='ltr'>licet</span> <span class='ocrx_word' id='word_1_356' title='bbox 1096 2809 1204 2869; x_wconf 79' lang='lat' dir='ltr'>Europa</span> <span class='ocrx_word' id='word_1_357' title='bbox 1224 2807 1299 2856; x_wconf 90' lang='lat' dir='ltr'>etiam</span> 
     </span>
     <span class='ocr_line' id='line_1_68' title="bbox 752 2887 1300 2950; baseline 0.002 -17"><span class='ocrx_word' id='word_1_358' title='bbox 752 2887 899 2949; x_wconf 84' lang='lat' dir='ltr'>produxisse</span> <span class='ocrx_word' id='word_1_359' title='bbox 914 2887 1046 2937; x_wconf 85' lang='lat' dir='ltr'>videantur</span> <span class='ocrx_word' id='word_1_360' title='bbox 1063 2887 1089 2934; x_wconf 93' lang='lat' dir='ltr'>in</span> <span class='ocrx_word' id='word_1_361' title='bbox 1107 2888 1206 2944; x_wconf 88' lang='lat' dir='ltr'>ultima,</span> <span class='ocrx_word' id='word_1_362' title='bbox 1224 2888 1300 2950; x_wconf 86' lang='lat' dir='ltr'>vulgo</span> 
     </span>
     <span class='ocr_line' id='line_1_69' title="bbox 753 2967 1300 3029; baseline 0.004 -17"><span class='ocrx_word' id='word_1_363' title='bbox 753 2971 852 3023; x_wconf 88' lang='lat' dir='ltr'>tamen,</span> <span class='ocrx_word' id='word_1_364' title='bbox 870 2967 941 3014; x_wconf 90' lang='lat' dir='ltr'>utin</span> <span class='ocrx_word' id='word_1_365' title='bbox 959 2969 1038 3024; x_wconf 76' lang='lat' dir='ltr'>Acta,</span> <span class='ocrx_word' id='word_1_366' title='bbox 1057 2967 1196 3029; x_wconf 88' lang='lat' dir='ltr'>corripitur.</span> <span class='ocrx_word' id='word_1_367' title='bbox 1233 2970 1300 3015; x_wconf 82' lang='lat' dir='ltr'>Acta</span> 
     </span>
     <span class='ocr_line' id='line_1_70' title="bbox 757 3046 1300 3103; baseline 0.002 -11"><span class='ocrx_word' id='word_1_368' title='bbox 757 3048 830 3103; x_wconf 83' lang='lat' dir='ltr'>Veia,</span> <span class='ocrx_word' id='word_1_369' title='bbox 853 3054 881 3094; x_wconf 92' lang='lat' dir='ltr'>ut</span> <span class='ocrx_word' id='word_1_370' title='bbox 905 3049 977 3095; x_wconf 84' lang='lat' dir='ltr'>Folia</span> <span class='ocrx_word' id='word_1_371' title='bbox 997 3049 1172 3095; x_wconf 75' lang='lat' dir='ltr'>Arirninensis.</span> <span class='ocrx_word' id='word_1_372' title='bbox 1205 3046 1300 3094; x_wconf 91' lang='lat' dir='ltr'>Mulier</span> 
     </span>
     <span class='ocr_line' id='line_1_71' title="bbox 753 3124 1301 3182; baseline 0.004 -12"><span class='ocrx_word' id='word_1_373' title='bbox 753 3129 836 3172; x_wconf 86' lang='lat' dir='ltr'>autern</span> <span class='ocrx_word' id='word_1_374' title='bbox 862 3124 953 3173; x_wconf 92' lang='lat' dir='ltr'>dicitur</span> <span class='ocrx_word' id='word_1_375' title='bbox 977 3127 1050 3173; x_wconf 80' lang='lat' dir='ltr'>nrdlo</span> <span class='ocrx_word' id='word_1_376' title='bbox 1075 3127 1245 3182; x_wconf 83' lang='lat' dir='ltr'>conscientia,</span> <span class='ocrx_word' id='word_1_377' title='bbox 1272 3131 1301 3172; x_wconf 91' lang='lat' dir='ltr'>ut</span> 
     </span>
     <span class='ocr_line' id='line_1_72' title="bbox 755 3202 1299 3263; baseline 0 -14"><span class='ocrx_word' id='word_1_378' title='bbox 755 3204 827 3250; x_wconf 87' lang='lat' dir='ltr'>Folia</span> <span class='ocrx_word' id='word_1_379' title='bbox 852 3205 978 3252; x_wconf 75' lang='lat' dir='ltr'>naascnlae</span> <span class='ocrx_word' id='word_1_380' title='bbox 1003 3203 1126 3260; x_wconf 77' lang='lat' dir='ltr'>libidinis,</span> <span class='ocrx_word' id='word_1_381' title='bbox 1148 3202 1213 3263; x_wconf 91' lang='lat' dir='ltr'>quod</span> <span class='ocrx_word' id='word_1_382' title='bbox 1234 3203 1299 3250; x_wconf 92' lang='lat' dir='ltr'>idem</span> 
     </span>
     <span class='ocr_line' id='line_1_73' title="bbox 752 3278 1300 3344; baseline 0 -18"><span class='ocrx_word' id='word_1_383' title='bbox 752 3286 789 3327; x_wconf 91' lang='lat' dir='ltr'>est</span> <span class='ocrx_word' id='word_1_384' title='bbox 805 3287 879 3344; x_wconf 89' lang='lat' dir='ltr'>atque</span> <span class='ocrx_word' id='word_1_385' title='bbox 897 3283 1007 3329; x_wconf 77' lang='lat' dir='ltr'>rrrcscnlo</span> <span class='ocrx_word' id='word_1_386' title='bbox 1026 3278 1134 3328; x_wconf 79' lang='lat' dir='ltr'>libidine.</span> <span class='ocrx_word' id='word_1_387' title='bbox 1163 3280 1185 3328; x_wconf 90' lang='grc' dir='ltr'>Ι.</span> <span class='ocrx_word' id='word_1_388' title='bbox 1199 3279 1229 3329; x_wconf 83' lang='lat' dir='ltr'>C.</span> <span class='ocrx_word' id='word_1_389' title='bbox 1242 3279 1300 3329; x_wconf 90' lang='lat' dir='ltr'>Sca·</span> 
     </span>
     <span class='ocr_line' id='line_1_74' title="bbox 752 3358 1299 3422; baseline -0.002 -15"><span class='ocrx_word' id='word_1_390' title='bbox 752 3360 816 3422; x_wconf 91' lang='lat' dir='ltr'>liger</span> <span class='ocrx_word' id='word_1_391' title='bbox 828 3358 877 3408; x_wconf 88' lang='lat' dir='ltr'>VI.</span> <span class='ocrx_word' id='word_1_392' title='bbox 895 3359 965 3408; x_wconf 82' lang='lat' dir='ltr'>Pobt.</span> <span class='ocrx_word' id='word_1_393' title='bbox 983 3375 1007 3422; x_wconf 90' lang='lat' dir='ltr'>p.</span> <span class='ocrx_word' id='word_1_394' title='bbox 1018 3359 1075 3408; x_wconf 73' lang='lat'>82¹).</span> <span class='ocrx_word' id='word_1_395' title='bbox 1102 3358 1200 3408; x_wconf 88' lang='lat' dir='ltr'>“Sonus</span> <span class='ocrx_word' id='word_1_396' title='bbox 1214 3374 1299 3422; x_wconf 89' lang='lat' dir='ltr'>quam·</span> 
     </span>
     <span class='ocr_line' id='line_1_75' title="bbox 753 3438 1299 3501; baseline 0.004 -17"><span class='ocrx_word' id='word_1_397' title='bbox 753 3452 828 3501; x_wconf 90' lang='lat' dir='ltr'>quarn</span> <span class='ocrx_word' id='word_1_398' title='bbox 845 3438 929 3500; x_wconf 90' lang='lat' dir='ltr'>dispar</span> <span class='ocrx_word' id='word_1_399' title='bbox 946 3438 1112 3501; x_wconf 84' lang='lat' dir='ltr'>temporibus,</span> <span class='ocrx_word' id='word_1_400' title='bbox 1133 3445 1217 3487; x_wconf 92' lang='lat' dir='ltr'>tamen</span> <span class='ocrx_word' id='word_1_401' title='bbox 1234 3440 1299 3486; x_wconf 87' lang='lat' dir='ltr'>idem</span> 
     </span>
     <span class='ocr_line' id='line_1_76' title="bbox 752 3515 1299 3581; baseline 0.005 -18"><span class='ocrx_word' id='word_1_402' title='bbox 752 3515 885 3579; x_wconf 82' lang='lat' dir='ltr'>plebeius”</span> <span class='ocrx_word' id='word_1_403' title='bbox 918 3517 977 3566; x_wconf 87' lang='lat' dir='ltr'>Non</span> <span class='ocrx_word' id='word_1_404' title='bbox 994 3515 1088 3565; x_wconf 87' lang='lat' dir='ltr'>ferebat</span> <span class='ocrx_word' id='word_1_405' title='bbox 1103 3517 1216 3581; x_wconf 83' lang='lat' dir='ltr'>Scaliger</span> <span class='ocrx_word' id='word_1_406' title='bbox 1233 3533 1299 3581; x_wconf 84' lang='lat' dir='ltr'>repe-</span> 
     </span>
     <span class='ocr_line' id='line_1_77' title="bbox 752 3595 1301 3659; baseline 0.005 -17"><span class='ocrx_word' id='word_1_407' title='bbox 752 3597 824 3643; x_wconf 90' lang='lat' dir='ltr'>titam</span> <span class='ocrx_word' id='word_1_408' title='bbox 849 3595 875 3642; x_wconf 92' lang='lat' dir='ltr'>in</span> <span class='ocrx_word' id='word_1_409' title='bbox 900 3595 949 3644; x_wconf 87' lang='lat' dir='ltr'>fine</span> <span class='ocrx_word' id='word_1_410' title='bbox 969 3602 1058 3659; x_wconf 89' lang='lat' dir='ltr'>quater</span> <span class='ocrx_word' id='word_1_411' title='bbox 1074 3596 1173 3645; x_wconf 89' lang='lat' dir='ltr'>literam</span> <span class='ocrx_word' id='word_1_412' title='bbox 1191 3613 1213 3646; x_wconf 88' lang='lat' dir='ltr'>a.</span> <span class='ocrx_word' id='word_1_413' title='bbox 1249 3597 1301 3646; x_wconf 88' lang='lat' dir='ltr'>Cur</span> 
     </span>
     <span class='ocr_line' id='line_1_78' title="bbox 753 3675 1299 3738; baseline 0.004 -16"><span class='ocrx_word' id='word_1_414' title='bbox 753 3675 846 3724; x_wconf 89' lang='lat' dir='ltr'>ferebat</span> <span class='ocrx_word' id='word_1_415' title='bbox 871 3675 897 3724; x_wconf 90' lang='lat' dir='ltr'>in</span> <span class='ocrx_word' id='word_1_416' title='bbox 919 3675 1030 3738; x_wconf 85' lang='lat' dir='ltr'>Virgilio</span> <span class='ocrx_word' id='word_1_417' title='bbox 1052 3676 1103 3725; x_wconf 91' lang='lat' dir='ltr'>III.</span> <span class='ocrx_word' id='word_1_418' title='bbox 1129 3675 1222 3738; x_wconf 86' lang='lat' dir='ltr'>Georg.</span> <span class='ocrx_word' id='word_1_419' title='bbox 1243 3678 1299 3726; x_wconf 83' lang='lat'>219.</span> 
     </span>
     <span class='ocr_line' id='line_1_79' title="bbox 754 3755 1298 3816; baseline 0.002 -14"><span class='ocrx_word' id='word_1_420' title='bbox 754 3758 879 3804; x_wconf 81' lang='lat' dir='ltr'>Pascitur</span> <span class='ocrx_word' id='word_1_421' title='bbox 899 3758 926 3804; x_wconf 85' lang='lat' dir='ltr'>in</span> <span class='ocrx_word' id='word_1_422' title='bbox 944 3771 1035 3816; x_wconf 73' lang='lat' dir='ltr'>rncpm</span> <span class='ocrx_word' id='word_1_423' title='bbox 1051 3757 1117 3803; x_wconf 87' lang='lat' dir='ltr'>silon</span> <span class='ocrx_word' id='word_1_424' title='bbox 1127 3755 1243 3816; x_wconf 78' lang='lat' dir='ltr'>sorrnma</span> <span class='ocrx_word' id='word_1_425' title='bbox 1259 3758 1298 3803; x_wconf 87' lang='lat' dir='ltr'>in-</span> 
     </span>
     <span class='ocr_line' id='line_1_80' title="bbox 752 3834 1300 3898; baseline 0 -16"><span class='ocrx_word' id='word_1_426' title='bbox 752 3834 849 3883; x_wconf 84' lang='lat' dir='ltr'>venco?</span> <span class='ocrx_word' id='word_1_427' title='bbox 882 3834 964 3884; x_wconf 88' lang='lat' dir='ltr'>Sonus</span> <span class='ocrx_word' id='word_1_428' title='bbox 980 3835 1026 3883; x_wconf 87' lang='lat' dir='ltr'>iste</span> <span class='ocrx_word' id='word_1_429' title='bbox 1042 3835 1140 3898; x_wconf 90' lang='lat' dir='ltr'>optimis</span> <span class='ocrx_word' id='word_1_430' title='bbox 1157 3835 1234 3896; x_wconf 72' lang='lat' dir='ltr'>poetis</span> <span class='ocrx_word' id='word_1_431' title='bbox 1251 3850 1300 3883; x_wconf 88' lang='lat' dir='ltr'>non</span> 
     </span>
     <span class='ocr_line' id='line_1_81' title="bbox 752 3912 1301 3976; baseline 0.004 -18"><span class='ocrx_word' id='word_1_432' title='bbox 752 3912 884 3974; x_wconf 87' lang='lat' dir='ltr'>displicuit.</span> <span class='ocrx_word' id='word_1_433' title='bbox 902 3912 985 3973; x_wconf 87' lang='lat' dir='ltr'>Quare</span> <span class='ocrx_word' id='word_1_434' title='bbox 996 3913 1140 3976; x_wconf 89' lang='lat' dir='ltr'>interpretes</span> <span class='ocrx_word' id='word_1_435' title='bbox 1151 3915 1203 3963; x_wconf 89' lang='lat' dir='ltr'>sine</span> <span class='ocrx_word' id='word_1_436' title='bbox 1214 3927 1301 3961; x_wconf 89' lang='lat' dir='ltr'>caussa</span> 
     </span>
     <span class='ocr_line' id='line_1_82' title="bbox 753 3990 1300 4040; baseline 0.002 -1"><span class='ocrx_word' id='word_1_437' title='bbox 753 4005 781 4039; x_wconf 89' lang='lat' dir='ltr'>eo</span> <span class='ocrx_word' id='word_1_438' title='bbox 797 3990 964 4039; x_wconf 87' lang='lat' dir='ltr'>offenduntur.</span> <span class='ocrx_word' id='word_1_439' title='bbox 998 3990 1102 4039; x_wconf 86' lang='lat' dir='ltr'>Ostendi</span> <span class='ocrx_word' id='word_1_440' title='bbox 1122 3993 1153 4039; x_wconf 89' lang='lat' dir='ltr'>ad</span> <span class='ocrx_word' id='word_1_441' title='bbox 1172 3992 1189 4040; x_wconf 93' lang='lat' dir='ltr'>l.</span> <span class='ocrx_word' id='word_1_442' title='bbox 1207 3993 1224 4040; x_wconf 84' lang='lat' dir='ltr'>l.</span> <span class='ocrx_word' id='word_1_443' title='bbox 1242 3992 1300 4040; x_wconf 92' lang='lat' dir='ltr'>Vir·</span> 
     </span>
     <span class='ocr_line' id='line_1_83' title="bbox 753 4068 1170 4132; baseline 0.005 -16"><span class='ocrx_word' id='word_1_444' title='bbox 753 4069 807 4132; x_wconf 89' lang='lat' dir='ltr'>gilii</span> <span class='ocrx_word' id='word_1_445' title='bbox 823 4068 849 4116; x_wconf 90' lang='lat' dir='ltr'>in</span> <span class='ocrx_word' id='word_1_446' title='bbox 867 4070 1031 4132; x_wconf 82' lang='lat' dir='ltr'>Mnemosyne</span> <span class='ocrx_word' id='word_1_447' title='bbox 1047 4070 1170 4118; x_wconf 88' lang='lat' dir='ltr'>Leidensi.</span> 
     </span>
    </p>

    <p class='ocr_par' dir='ltr' id='par_1_8' title="bbox 754 4149 1300 4356">
     <span class='ocr_line' id='line_1_84' title="bbox 787 4149 1299 4212; baseline 0.004 -16"><span class='ocrx_word' id='word_1_448' title='bbox 787 4150 899 4198; x_wconf 80' lang='lat' dir='ltr'>Isensori</span> <span class='ocrx_word' id='word_1_449' title='bbox 914 4151 1059 4212; x_wconf 80' lang='lat' dir='ltr'>spectaculo.</span> <span class='ocrx_word' id='word_1_450' title='bbox 1093 4149 1181 4198; x_wconf 91' lang='lat' dir='ltr'>Unum</span> <span class='ocrx_word' id='word_1_451' title='bbox 1198 4150 1299 4198; x_wconf 84' lang='lat' dir='ltr'>eMSS.</span> 
     </span>
     <span class='ocr_line' id='line_1_85' title="bbox 754 4226 1300 4290; baseline 0.002 -14"><span class='ocrx_word' id='word_1_452' title='bbox 754 4230 901 4285; x_wconf 60' lang='lat' dir='ltr'>tormentari,</span> <span class='ocrx_word' id='word_1_453' title='bbox 926 4242 983 4276; x_wconf 86' lang='lat' dir='ltr'>cum</span> <span class='ocrx_word' id='word_1_454' title='bbox 1006 4226 1104 4290; x_wconf 81' lang='lat' dir='ltr'>glossa:</span> <span class='ocrx_word' id='word_1_455' title='bbox 1130 4230 1232 4289; x_wconf 73' lang='lat' dir='ltr'>indipno</span> <span class='ocrx_word' id='word_1_456' title='bbox 1253 4246 1300 4277; x_wconf 77' lang='lat' dir='ltr'>nse·</span> 
     </span>
     <span class='ocr_line' id='line_1_86' title="bbox 755 4321 842 4356; baseline -0.023 -2"><span class='ocrx_word' id='word_1_457' title='bbox 755 4321 842 4356; x_wconf 73' lang='lat' dir='ltr'>nterea.</span> 
     </span>
    </p>
   </div>
   <div class='ocr_carea' id='block_1_7' title="bbox 0 0 1474 5220">
    <p class='ocr_par' dir='ltr' id='par_1_9' title="bbox 0 0 1474 5220">
     <span class='ocr_line' id='line_1_87' title="bbox 0 0 1474 5220; baseline 0 0"><span class='ocrx_word' id='word_1_458' title='bbox 0 0 1474 5220; x_wconf 95' lang='lat' dir='ltr'> </span> 
     </span>
    </p>
   </div>
  </div>
 </body>
</html>
