2916 5220
567 313 888 378 CARMINUM

336 500 492 567 Sardibus
516 497 615 580 tecti,
639 504 727 563 caret
752 499 930 564 invidenda

426 601 559 669 Sobrius
584 601 667 666 aula

336 707 472 792 Saepius
496 704 606 770 ventis
631 704 777 790 agitatur
800 705 918 790 ingens

335 810 456 891 Pinus,
482 812 515 872 et
538 805 643 872 celsae
666 806 815 890 graviore
838 829 916 872 casu

336 913 502 979 Decidunt
525 916 646 992 turres,
670 909 857 997 feriuntque
881 932 1027 977 summos

425 1014 572 1099 Fulgura
595 1017 733 1078 montes.

337 1120 453 1203 Sperat
476 1117 626 1200 infautia,
650 1116 772 1182 metuit
795 1119 947 1184 secundis

335 1223 485 1287 Alteram
507 1225 629 1331 sortem
650 1221 735 1286 bene
757 1213 987 1307 praeparatum

157 1393 302 1445 Gratiarum
325 1390 432 1441 Actione
453 1406 510 1454 pag.
531 1392 588 1443 717.
618 1390 705 1438 laudat
746 1404 785 1438 res
798 1404 839 1438 cos
851 1388 924 1439 facilc
936 1389 1017 1438 ferant
1035 1395 1060 1437 ct
1075 1386 1120 1436 vix
1139 1392 1294 1437 moveantur.

149 1473 331 1536 srupalitatem
355 1472 410 1519 sine
431 1473 551 1519 sordibus.
585 1470 620 1518 Et
636 1469 706 1518 brevi
747 1467 876 1517 Sententia
890 1467 1059 1531 pulcherrima
1077 1474 1102 1515 ct
1117 1464 1297 1528 antiquissima,

157 1557 226 1599 ante:
251 1551 346 1609 Quodsi
367 1550 487 1612 Principi
509 1550 608 1598 honoris
628 1549 706 1597 istius
746 1561 822 1609 quam
838 1548 967 1596 nonnullis
983 1546 1103 1609 exemplis
1118 1544 1297 1603 illustrabo,iis

157 1632 310 1689 temperato,
334 1631 372 1683 et,
396 1642 460 1688 puae
484 1631 588 1675 vocatur
613 1639 706 1680 aurea,
746 1625 877 1688 praecipue
888 1627 955 1675 unde
967 1626 1072 1689 vulgata
1085 1624 1151 1688 apud
1163 1623 1298 1672 Horatium

157 1707 226 1753 debet
250 1720 302 1753 esse
325 1706 490 1754 mediocritas.
526 1703 610 1753 Schol.
633 1702 707 1752 Statii
746 1703 820 1753 lectio
836 1704 911 1753 simul
925 1703 1078 1753 defendatur.
1104 1700 1297 1752 HerodotVII.

157 1783 207 1831 ΙΠ.
226 1783 304 1831 Theb.
321 1783 380 1830 246.
408 1783 497 1832 “Unde
507 1790 544 1830 cst
554 1781 618 1829 illud
630 1782 706 1831 Grae·
750 1785 786 1832 10.
821 1783 898 1850 Ὁρᾷς
915 1785 947 1833 τὰ
964 1781 1120 1848 ὑπερέχοντα
1137 1783 1189 1837 ζῶα
1206 1781 1241 1838 ὡς
1259 1799 1297 1830 κε·

157 1875 215 1910 cum
235 1860 436 1911 ANNOTATE
459 1861 608 1911 CAPETA
628 1860 654 1908 id
670 1865 708 1908 est
747 1867 836 1927 ραυνοῖ
856 1863 870 1910 ὁ
891 1863 962 1922 θεὸς,
982 1862 1039 1911 οὐδὲ
1061 1861 1092 1925 igi
1108 1859 1297 1925 φαντάζεσθαι.

158 1956 237 1990 aurea
257 1940 441 1988 mediocritas.”
475 1940 572 1989 Graeca
590 1944 707 2000 corrupta
748 1943 781 1990 τὰ
805 1941 830 1990 δὲ
854 1942 953 2010 σμικρὰ,
966 1939 1040 1990 οὐδέν
1060 1959 1104 2004 μιν
1125 1941 1213 2000 evilea
1235 1940 1299 2004 ὁρᾷς

158 2018 708 2066 ἰῒαῐθεῖίῐῑὶἱτΑΙΜΕΣΟΤΗΤΕΣΑΡΙΣΓΑΙ.
749 2019 789 2081 δὲ,
815 2019 848 2076 ὡς
871 2019 896 2076 ἐς
922 2018 1046 2082 οἰκήματα
1071 2020 1103 2068 τὰ
1124 2018 1229 2084 μέγιστα
1251 2017 1299 2068 αἰεὶ

159 2098 206 2145 Est
230 2098 296 2146 euim
320 2101 379 2145 nota
403 2096 537 2155 sententia,
563 2101 592 2144 ut
616 2093 709 2159 μέτρον
750 2098 790 2147 sal
823 2096 923 2162 δένδρεα
952 2098 985 2146 τὰ
1012 2096 1109 2148 τοιαῦτ’
1138 2097 1300 2157 ἀποσκήπτει

160 2175 275 2239 ἄριστον,
292 2176 327 2223 ita
343 2175 359 2234 ἡ
376 2174 498 2238 μεσότης,
519 2179 544 2222 et
560 2174 586 2223 ai
602 2173 708 2237 μεσότη-
749 2176 839 2239 βέλεα;
864 2176 915 2227 Ubi
935 2177 1048 2226 observes
1065 2176 1112 2224 ἀεί.
1146 2177 1246 2224 Lucret.
1264 2176 1299 2226 V.

160 2273 200 2313 τες
225 2256 337 2321 apteras:
362 2269 411 2319 quo
435 2255 487 2318 ipso
512 2254 591 2303 utitur
616 2255 709 2303 Bassus
754 2257 824 2304 1130.
856 2257 962 2305 Invidia
984 2258 1103 2319 queniam
1127 2271 1172 2305 ceu
1186 2256 1301 2319 fulmine

159 2332 277 2383 Analect.
293 2335 402 2384 Brunkii
418 2333 453 2383 H.
474 2334 527 2383 161.
539 2349 613 2397 quem
624 2332 710 2381 locum
750 2350 849 2383 summa
865 2340 999 2397 vaporant,
1016 2336 1179 2397 Plerumque,
1195 2340 1220 2383 et
1237 2351 1301 2398 quas

160 2411 211 2460 iam
240 2414 282 2463 alii
314 2413 460 2478 interpretes
488 2426 546 2460 cum
571 2411 709 2460 Horatiano
750 2418 812 2461 suat
827 2414 887 2462 aliis
903 2415 981 2476 propa
996 2415 1185 2476 ruiturumque.
1202 2413 1263 2461 Vid.
1276 2420 1302 2462 et

160 2498 374 2555 comparaverunt.
751 2490 847 2539 Heinsii
864 2491 1002 2540 Adversas.
1018 2507 1075 2555 pag.
1092 2492 1133 2543 72.
1155 2491 1301 2551 Sallustius,

195 2572 303 2632 Saepius
324 2573 405 2620 centia
425 2572 541 2634 epitatus
556 2571 643 2632 iapeas
663 2570 710 2617 Pi·
752 2577 780 2618 ut
800 2570 890 2630 fertur,
916 2570 986 2621 Orat.
1006 2570 1042 2620 H.
1067 2572 1099 2619 aul
1120 2571 1253 2622 Caesarem
1271 2572 1301 2621 de

161 2664 216 2697 aus.
252 2652 360 2713 Saepius
375 2649 459 2697 omnia
472 2648 550 2698 MSS.
572 2647 710 2697 Hildebert.
752 2648 838 2699 Ordiu.
860 2650 967 2714 Republ.
984 2665 1041 2713 pag.
1060 2650 1118 2698 568.
1141 2652 1211 2699 Nam
1231 2653 1301 2699 vivos

161 2727 225 2775 Mor.
247 2729 341 2777 Philos.
364 2745 388 2792 p.
409 2730 465 2776 992.
501 2729 608 2788 Saepius
629 2729 710 2775 ventis
751 2732 879 2779 interdum
888 2729 1013 2791 fortuna,
1033 2742 1107 2789 saepe
1123 2729 1221 2776 inuidia
1230 2728 1300 2791 fati-

161 2808 281 2866 epitatus.
323 2808 440 2857 Vincent.
467 2805 652 2855 Bellovacensis
685 2806 711 2853 in
751 2815 804 2871 pat.
829 2807 917 2857 Livius
927 2807 1009 2856 XLV.
1019 2809 1058 2856 35.
1085 2809 1302 2856 Intactaiaea'dr'a

163 2883 270 2946 Speculo
287 2884 417 2934 Historiali
433 2901 458 2948 p.
475 2885 515 2932 63.
542 2885 629 2946 Saepe.
646 2884 710 2931 Bur·
752 2889 834 2936 predia
849 2891 920 2936 suat.
948 2888 991 2934 Aa
1005 2902 1102 2935 summa
1112 2885 1198 2948 fernae
1211 2889 1301 2937 tendit.

162 2977 247 3012 mann.
255 2963 287 3011 ad
298 2963 370 3013 Ouid.
378 2963 454 3012 XIV.
463 2962 565 3011 Heroid·
574 2962 614 3010 39·
629 2975 710 3010 emen·
752 2965 847 3016 Seneca
862 2967 888 3014 in
905 2965 1038 3027 tragoediis
1058 2978 1108 3013 non
1125 2965 1201 3013 semel
1218 2966 1301 3014 Hora-

163 3042 205 3089 rlat
221 3043 320 3090 saeuius
336 3047 416 3091 ventas
433 3043 549 3104 apitatur
565 3042 651 3107 inpares
663 3043 710 3089 Pi·
752 3045 814 3092 tium
835 3043 956 3092 imitando
972 3043 1104 3106 expressit,
1129 3045 1260 3107 praecipue
1275 3045 1302 3091 in

162 3136 216 3169 arar.
250 3120 392 3183 Speciosam
416 3120 612 3169 emendationem
636 3119 710 3167 multi
752 3121 868 3181 Octavia,
892 3124 913 3171 si
929 3131 1013 3172 temen
1029 3139 1058 3172 ea
1079 3123 1111 3171 sit
1127 3123 1247 3173 Senecae.
1265 3138 1301 3171 vs.

162 3200 298 3248 laudarunt
314 3207 339 3249 et
354 3206 506 3263 receperunt.
537 3198 633 3249 Arrisit
649 3214 708 3262 quo·
752 3201 807 3249 895.
842 3203 914 3252 Beue
934 3210 1075 3266 paupertas
1109 3204 1214 3251 Humili
1238 3209 1303 3252 tecto

162 3293 210 3341 qus
227 3281 257 3328 L.
275 3280 404 3337 Santenio,
422 3285 446 3328 ct
459 3277 561 3327 fortasse
571 3277 626 3326 aliis
637 3280 711 3326 etiam
752 3287 868 3329 contenta
890 3283 961 3329 latet.
998 3282 1128 3339 Quatiuat
1144 3283 1213 3329 altas
1229 3295 1303 3344 saepe

162 3372 228 3406 nunc
245 3358 375 3415 arridebit,
391 3357 479 3421 quibus
496 3358 547 3420 ipse
562 3356 664 3405 ostendo
675 3355 711 3404 lo
753 3361 889 3420 procellae,
909 3361 964 3407 Aret
976 3361 1067 3408 euertit
1083 3361 1200 3408 Fortuna
1212 3361 1302 3408 ἀοοιοο,

162 3452 219 3486 cum
240 3436 374 3486 Frontonis
395 3439 421 3485 in
438 3435 571 3499 Principiis
587 3435 711 3484 Historiae
753 3436 816 3487 Stat.
842 3438 878 3486 11.
912 3437 974 3488 Silv.
1004 3438 1028 3489 7.
1058 3440 1098 3487 91.
1140 3439 1196 3487 Cur
1224 3441 1302 3501 pius,

162 3518 263 3579 Fragm.
287 3516 337 3566 111.
359 3516 389 3564 ed
410 3517 472 3565 Mai.
503 3517 594 3565 “Sicut
610 3517 711 3564 arbores
752 3518 848 3575 ardua,
872 3519 972 3566 casibus
994 3519 1105 3580 patetis?
1138 3517 1254 3580 Denique
1278 3525 1303 3568 et

162 3598 288 3651 rriaeimas
304 3599 472 3646 uehementius
488 3599 569 3646 emtis
586 3599 660 3659 quati
676 3598 710 3645 vi-
751 3594 817 3643 illud
840 3595 987 3653 tenendum,
1014 3610 1098 3658 saepe,
1123 3601 1152 3642 ut
1176 3595 1303 3645 Graccum

163 3677 262 3734 marus,
284 3677 322 3724 ita
343 3677 451 3724 virtutes
471 3677 597 3723 maximas
613 3676 711 3723 invidia
753 3672 892 3735 πολλάκις,
913 3673 1040 3722 interdum
1061 3673 1180 3722 maiorem
1198 3675 1235 3722 rei
1251 3675 1303 3723 rim

163 3755 321 3804 criminosius
336 3754 459 3804 incessit.''
488 3755 523 3802 Et
538 3759 622 3803 tamen
637 3754 711 3802 credo
750 3752 870 3802 indicare:
887 3767 964 3816 eoque
980 3752 1081 3802 nomine
1096 3753 1179 3800 locum
1188 3753 1303 3802 Horatia-

162 3835 263 3895 saepius
283 3847 336 3883 csse
352 3832 458 3881 Horatii.
492 3831 651 3896 Comparatio
667 3835 710 3883 sci-
752 3845 814 3879 num
839 3839 924 3880 contra
947 3831 1145 3881 emendationem
1161 3833 1304 3882 Burmanni

163 3912 220 3962 licet
240 3913 266 3962 in
283 3913 329 3960 hac
346 3925 405 3960 voce
421 3924 472 3960 non
489 3910 562 3959 nimis
578 3917 615 3960 cst
630 3912 709 3974 expli·
752 3917 835 3959 tuetur
852 3909 967 3959 Haudius
980 3910 1012 3958 ad
1028 3910 1101 3959 Statii
1113 3910 1195 3960 Silvas
1212 3928 1236 3975 p.
1245 3914 1303 3965 276.

162 3992 248 4040 canda.
283 3990 355 4052 Quod
376 3990 398 4039 si
418 3991 444 4038 in
464 3994 562 4040 saevius
582 3990 668 4052 facias,
685 3991 711 4040 in
790 3990 937 4052 Pariumque
948 4005 1056 4038 summos
1073 3991 1188 4052 Fuipura
1201 3996 1302 4039 areatas.

163 4071 243 4119 multo
259 4071 377 4120 maiorem
395 4069 567 4120 difficultatem
584 4077 609 4120 te
622 4071 710 4120 induis.
753 4071 868 4132 Fulpura
884 4069 958 4117 etiam
975 4069 1050 4117 habet
1066 4068 1203 4117 Hildebert.
1212 4084 1236 4131 p.
1245 4069 1303 4118 992.

163 4149 252 4210 Venti,
273 4151 366 4212 inquit,
383 4149 488 4212 perflant
504 4149 639 4209 altissima,
655 4150 711 4200 ideo
751 4146 807 4196 Alii
816 4147 941 4210 salmias.

163 4227 244 4276 celsae
256 4228 355 4276 arbores
367 4227 472 4290 saepius,
485 4228 710 4292 plerumquascm·
785 4229 902 4277 Alteram
924 4232 1024 4276 sortem.
1059 4226 1096 4275 Ut
1114 4224 1204 4275 Graeci
1221 4223 1305 4290 ’ἕτερος

163 4319 207 4367 per
223 4304 361 4366 agitantur,
382 4320 460 4368 quum
478 4306 577 4355 arbores
594 4306 710 4355 humilio·
751 4303 855 4370 δαίμων.
889 4307 930 4357 Sic
947 4307 973 4354 in
990 4305 1092 4369 Fragm.
1111 4304 1212 4356 Gallim.
1231 4304 1304 4354 XCI-
