2916 5220
182 341 247 403 illiti
582 339 606 397 (1
620 340 648 400 Α
661 339 689 400 It
702 337 736 401 M
753 339 768 400 l
788 338 818 400 N
835 338 860 400 U
878 338 912 399 ll

271 530 379 608 Quum
404 530 504 594 semel
529 528 683 594 occideris
713 529 808 593 etde
832 534 865 593 te
888 527 1060 613 splendida
1084 527 1198 591 Minos

321 633 448 697 Fecerit
471 632 621 714 arbitria,

271 735 363 818 Non,
387 735 566 820 Torquate,
590 755 713 819 genus,
738 755 804 798 non
828 740 862 798 te
884 732 1057 816 facundia,
1081 755 1148 798 non
1175 740 1211 799 te

314 838 481 903 Restituet
503 837 628 922 pietas:

270 941 411 1005 quernis
435 963 540 1025 neque
564 940 652 1004 cuim
676 940 819 1005 tenebris
845 940 955 1005 Diana·
975 939 1134 1024 pudicum

313 1044 446 1109 Liberat
469 1043 706 1128 Hippolytum,

268 1148 336 1212 Nec
362 1148 505 1212 Lethaea
528 1147 617 1211 valet
641 1147 782 1212 Theseus
806 1147 998 1233 abrumpere
1023 1169 1097 1212 caro

313 1251 456 1316 Vincula
480 1252 635 1316 Piritlroii.

177 1407 247 1468 apud
270 1406 406 1454 Rabirium
426 1405 539 1467 poetam,
565 1420 621 1453 cum
635 1402 724 1466 sortu—
767 1404 844 1451 vitias
863 1402 974 1451 Coronis
990 1404 1018 1451 in
1034 1417 1112 1450 nmnu
1128 1403 1244 1466 noema,
1260 1406 1319 1452 nihil

177 1501 237 1532 nain
256 1500 329 1533 suam
350 1486 400 1532 ulio
422 1490 637 1534 transtorrentem
657 1485 726 1531 aide·
766 1487 879 1531 maneret
895 1496 925 1530 ex
942 1482 985 1538 ta,
1011 1482 1062 1530 nisi
1081 1484 1150 1544 quod
1169 1485 1234 1531 aliia
1254 1485 1318 1533 dede·

177 1567 228 1623 bnt,
245 1569 270 1612 et
285 1566 334 1612 sibi
350 1565 417 1612 nibil
432 1565 556 1622 relictum,
572 1565 725 1612 exclamare:
766 1564 811 1610 ria.
846 1560 946 1611 Similia
962 1559 1020 1608 ride
1036 1561 1103 1624 apud
1120 1561 1294 1611 Waddelium.

178 1643 236 1691 Hoc
253 1644 593 1705 babeo,quodcumqaededi.
610 1641 725 1690 Lactant.
800 1643 871 1703 Non,
898 1642 1036 1704 Torquate,
1055 1656 1146 1703 ymas,
1167 1657 1219 1690 uon
1244 1648 1269 1691 te
1277 1643 1318 1704 fu·

177 1721 285 1771 111.23.
313 1724 403 1770 Potest
419 1727 444 1769 et
460 1723 592 1783 perronium
609 1722 729 1783 effirpere,
765 1723 866 1770 candia
892 1719 985 1767 Totum
1002 1719 1049 1768 hoc
1065 1734 1168 1770 carmen
1182 1721 1271 1769 formis
1284 1730 1318 1784 ty·

176 1806 202 1850 et
219 1808 303 1850 tarsen
319 1803 378 1849 dene
394 1802 527 1850 collocare:
547 1802 608 1862 quia
629 1802 727 1849 aninam
765 1799 898 1863 pographis
919 1813 1063 1862 expressum
1085 1799 1117 1847 ad
1138 1800 1235 1848 calcem
1252 1800 1317 1850 cice-

176 1886 224 1936 eat,
242 1881 365 1942 quidquid
379 1881 497 1942 pluribus
510 1880 617 1943 profuit.
634 1879 726 1928 Rclau·
766 1881 832 1928 ronis
850 1880 880 1927 de
898 1877 992 1927 Officiis
1008 1879 1124 1928 editionis
1135 1881 1259 1944 principis
1268 1881 1318 1928 Mo·

177 1957 223 2004 dus
240 1957 266 2004 in
284 1958 389 2006 Dissert.
407 1958 437 2006 de
455 1957 572 2007 samarit.
595 1957 672 2006 Parta
689 1958 725 2008 II.
765 1958 1157 2022 guntinaeIo.Fust,a.1465.
1184 1959 1236 2009 Sed
1253 1959 1319 2007 nulls

176 2053 199 2099 p.
217 2038 257 2088 70.
279 2037 392 2085 laudavit
412 2038 567 2100 epigramma
583 2036 725 2095 Persicum,
764 2046 801 2087 est
818 2039 936 2096 varietas,
953 2039 999 2087 uisi
1016 2039 1081 2100 quod
1092 2038 1134 2086 hic
1146 2039 1262 2101 legatur:
1279 2052 1319 2088 nec

176 2116 246 2164 cuius
263 2118 324 2165 haec
341 2123 378 2164 est
395 2118 530 2166 sententia:
550 2118 675 2165 Etiamsi
688 2120 725 2166 di·
766 2123 791 2166 te
801 2116 937 2180 facundia.

662 2249 825 2272 ψ.

553 2359 800 2426 OARMEN
846 2362 940 2426 VIII.

354 2499 528 2579 Donarem
552 2519 680 2599 pateras
704 2522 862 2600 grataque
886 2516 1094 2598 commodus,

356 2617 552 2700 Censorius,
576 2617 658 2681 meis
683 2639 757 2682 aera
781 2618 970 2700 sodalibuS,

327 2781 479 2829 CARMEN
497 2783 574 2830 VIH
763 2756 873 2814 vereor,
894 2765 923 2806 ui
943 2756 1033 2806 Latine
1054 2763 1161 2819 §ratum
1178 2774 1317 2810 monumen·

765 2842 819 2883 tum
832 2835 998 2904 'intelligatur
1024 2845 1099 2897 orato
1116 2838 1202 2886 anieno
1220 2839 1316 2886 Minui.

208 2875 386 2959 Meiuekius:
405 2910 461 2959 “De
477 2911 524 2958 hoc
540 2913 649 2960 carmine
665 2914 724 2975 quid
763 2915 851 2977 Neque
874 2922 939 2963 recte
960 2916 1009 2963 scio
1030 2916 1089 2978 quid
1111 2915 1153 2963 hic
1177 2916 1239 2964 velit
1255 2933 1316 2967 corri-

175 2989 280 3037 facerom
302 3002 359 3037 cum
381 2989 425 3036 din
441 2989 597 3053 multumque
614 2992 723 3049 dubitas·
765 2995 862 3051 ruodns,
879 2993 931 3050 vel,
949 2998 979 3040 ut
995 2993 1020 3040 in
1031 2993 1182 3056 quibusdam
1193 2995 1272 3046 MSS.
1284 2997 1316 3046 le·

175 3082 239 3126 sem,
260 3069 360 3116 tandem
382 3068 495 3117 omuibus
513 3077 627 3118 accurate
643 3073 723 3134 peusi-
764 3072 847 3133 gitur,
865 3075 1004 3123 corruuodis.
1033 3074 1185 3125 Cornucodns
1196 3076 1316 3126 homoest

173 3149 231 3196 tatis
253 3164 282 3196 co
307 3149 394 3198 deveni
416 3155 455 3208 ut,
479 3150 638 3212 quodetiam
654 3153 724 3200 Hau·
765 3151 1140 3216 huruuuar,lenis,facilis:quod
1150 3154 1316 3204 Ruhnkenius

174 3228 240 3290 ptius
265 3227 333 3286 fecit,
359 3228 551 3277 Lachmannum
571 3231 724 3291 sequendum
765 3230 795 3277 ad
813 3231 914 3280 Terent.
932 3247 955 3294 p.
976 3231 1028 3279 101.
1051 3238 1075 3280 et
1096 3232 1200 3281 Sueten.
1216 3250 1242 3297 p.
1259 3236 1314 3283 2:31.

175 3308 296 3357 duxerim.
314 3309 369 3357 Hoc
380 3310 480 3372 quidem
488 3311 653 3358 certissimum
662 3310 724 3357 milri
764 3311 877 3358 ostendit.
912 3311 961 3360 Sed
982 3311 1008 3357 in
1032 3311 1154 3360 donandis
1176 3314 1314 3362 istiusmodi

174 3389 284 3448 videtur,
310 3404 351 3448 ea,
376 3403 439 3451 quae
459 3388 517 3438 inde
538 3405 553 3438 a
573 3389 654 3437 verbis
675 3405 723 3438 riou
764 3390 907 3438 muneribus
917 3405 967 3438 non
979 3405 1078 3438 morum
1090 3393 1193 3451 lenitas,
1209 3393 1252 3442 sed
1265 3408 1314 3441 ma·

173 3469 263 3516 celeres
272 3468 355 3531 suque
370 3469 401 3516 ad
419 3471 534 3517 lucratus
549 3472 625 3517 rediit
634 3469 723 3530 legun·
763 3470 801 3530 gis
819 3471 894 3519 animi
912 3471 1054 3519 liberalitas
1070 3470 1188 3520 cernitur.
1218 3471 1247 3522 si
1261 3473 1314 3536 quis

174 3551 227 3602 tur,
248 3546 279 3593 ab
300 3546 404 3594 Horatio
427 3548 499 3595 scribi
519 3563 569 3595 non
590 3548 722 3610 potuisse'·
763 3556 835 3610 putat
855 3551 980 3598 notionem
1001 3551 1165 3598 liberalitatis
1185 3564 1218 3598 ex
1237 3546 1315 3614 priore

174 3625 209 3673 Et
230 3640 288 3688 ego,
310 3625 331 3672 si
351 3625 489 3688 opinionem
509 3626 667 3675 Lachmanni
684 3640 722 3674 co·
762 3627 807 3675 illa
818 3628 905 3677 deduci
915 3627 1046 3692 possc,illi
1057 3627 1109 3691 ipse
1119 3629 1222 3678 ostendo
1233 3632 1314 3679 Auso

174 3705 325 3766 guovissem‚
342 3719 397 3754 eam
414 3706 482 3766 sequi
498 3721 548 3754 nou
563 3706 720 3754 dubitassem.
762 3705 843 3765 nium,
865 3706 909 3769 qui
930 3707 956 3754 iu
973 3706 1121 3756 Caesaribus
1138 3708 1175 3757 bis
1192 3707 1228 3756 ita
1245 3723 1314 3757 usur·

173 3784 220 3832 Est
237 3799 288 3832 nna
299 3784 329 3831 de
341 3782 486 3831 felicissimis
496 3784 649 3842 coniecturis,
660 3799 722 3848 quas
762 3798 832 3844 passe
843 3786 953 3844 videtur,
969 3787 1101 3850 praecipue
1109 3787 1136 3835 in
1147 3788 1313 3852 Vespasiano:

174 3864 198 3911 in
216 3864 263 3911 hoc
280 3877 370 3926 genere
386 3864 444 3911 vidi.
471 3864 510 3912 De
524 3878 596 3912 versu
612 3866 646 3913 28
660 3879 721 3912 non·
765 3863 909 3920 Quaerenti
924 3871 1050 3926 attentus,
1067 3868 1195 3916 moderato
1211 3883 1313 3917 comnio-

174 3942 234 3990 dum
251 3950 339 3992 statuo.
762 3945 810 3990 dus
834 3959 890 3992 asu.
933 3944 983 3994 Sed
1008 3946 1033 3993 iu
1059 3946 1166 3994 Horatio
1188 3953 1315 4009 praeterea

209 4026 337 4072 Donarem
353 4030 458 4086 pateras
473 4029 597 4086 pratoque
621 4016 721 4072 sobrino
761 4022 904 4082 haeremus,
917 4024 1075 4087 iungendane
1085 4025 1135 4072 sint
1145 4028 1267 4075 doracrem
1279 4040 1314 4074 so·

173 4103 228 4148 ciris.
277 4103 362 4150 Grata
397 4118 458 4151 nera
487 4102 512 4152 h.
541 4118 562 4151 c.
599 4105 721 4161 iacienda,
762 4101 872 4160 delibus,
889 4107 1027 4153 commodus
1038 4104 1177 4163 sodalibus,
1195 4118 1228 4152 an
1239 4112 1315 4167 orcita

173 4180 204 4228 de
229 4185 280 4228 tarn
305 4181 441 4244 splendidis
465 4183 609 4231 muneribus
634 4198 721 4246 parum
762 4183 893 4232 sodalibus.
920 4184 1001 4232 Titius
1019 4185 1050 4232 ad
1066 4185 1166 4234 Nemes.
1180 4185 1269 4248 Eclog.
1279 4186 1313 4233 11.

174 4258 261 4307 efficax
278 4267 315 4308 cst
330 4261 463 4323 epitheton.
498 4262 657 4320 scholiastae,
675 4262 722 4310 hoc
765 4265 801 4312 10.
820 4264 1009 4328 iuterpretatur:
1026 4268 1179 4323 cournwdns,
1197 4267 1257 4329 qnia
1274 4271 1315 4316 do-

174 4340 313 4399 scutientes,
321 4340 474 4403 interpretati
483 4349 540 4388 suut
550 4349 622 4404 prato
631 4346 721 4392 anicio.
762 4360 855 4393 narem.
877 4345 927 4394 Sed
939 4345 985 4393 hoc
995 4361 1085 4408 parum
1097 4345 1176 4394 iuvat.
1198 4347 1315 4410 Denique
