2916 5220
623 302 776 364 (mittit
798 303 809 363 l
828 303 857 364 N
876 303 899 364 U
920 303 962 365 bl.

408 486 454 550 Tu
478 487 599 551 frustm
623 488 714 571 pins,
740 488 820 569 beu,
849 511 913 552 non
938 489 985 553 ita
1009 490 1169 554 creditum

453 590 565 655 Poscis
590 590 809 669 Quinctilium
836 592 930 656 Deos.

407 692 501 772 Quod
526 693 553 758 si
577 693 722 758 Threicio
745 694 900 759 blandius
925 695 1053 780 Orpheo

407 795 567 860 Auditum
592 797 757 861 moderere
781 798 950 864 arboribus
974 799 1092 882 fidem,

408 899 483 963 Non
507 921 610 964 vanae
633 900 744 965 redeat
767 902 902 985 sanguia
927 901 1081 987 imagini,

497 1002 603 1081 Quam
626 1003 719 1087 virga
742 1004 843 1068 semel
868 1005 1015 1088 horrida,

409 1107 483 1171 Non
509 1107 592 1172 lenis
617 1106 766 1192 precibus
791 1107 860 1172 fata
883 1109 1063 1190 recludere,

407 1209 512 1294 Nigro
536 1210 731 1295 compulerit
755 1210 935 1277 Mercurius
959 1212 1060 1297 gregi.

407 1312 553 1378 Durum!
603 1312 667 1380 Sed
691 1313 795 1377 levius
820 1313 859 1378 fit
882 1315 1062 1399 patientia,

500 1417 667 1502 Quidquid
691 1415 849 1501 corrigere
873 1423 923 1482 est
949 1419 1050 1483 nefas.

225 1562 283 1596 ιιαοο
309 1548 402 1595 astutia
413 1547 491 1608 flore,
513 1551 572 1596 ῠονιο
601 1550 687 1610 cuique
715 1560 770 1606 spe·
808 1542 888 1594 Ἐνιοι
918 1547 943 1595 <11
969 1546 1014 1596 ὑπ’
1034 1547 1219 1612 ἀγνωμοσύνης
1226 1583 1232 1607 ,
1257 1547 1360 1596 ἐπειδάν

225 1631 318 1674 clatris.
344 1625 413 1673 Illud
430 1627 528 1688 quidem
551 1639 583 1673 ex
611 1625 693 1688 glossa
717 1637 771 1686 pro·
812 1623 911 1690 ἀπαιτῇ
935 1627 1061 1674 ἐπιστᾶσα
1091 1627 1107 1686 ἡ
1130 1626 1206 1690 τύχη,
1231 1626 1360 1690 ἄχθονταί

226 1703 318 1752 fectum
337 1717 389 1753 esse
406 1704 509 1752 videtur.
812 1721 850 1765 τε,
876 1705 917 1752 καὶ
940 1705 1128 1769 ἀγανακτοῦσιν
1152 1705 1236 1771 ὥσπερ
1263 1704 1361 1753 οἰκείων

260 1785 301 1832 Ta
318 1784 427 1846 frastra
449 1785 517 1844 piae.
556 1783 675 1832 Homines
695 1781 771 1845 probe
811 1787 890 1832 τινῶν
905 1784 1100 1848 στερισκόμενοι,
1127 1785 1168 1833 καὶ
1193 1785 1275 1848 cdxli
1295 1785 1360 1848 repor-

225 1862 335 1911 viventes
355 1863 507 1925 propietate
528 1877 573 1910 sua
597 1861 738 1910 felicitatem
756 1875 771 1906 a
811 1861 899 1925 ὀλίγον
915 1862 1055 1927 ἐχρήσαντο
1075 1861 1246 1921 ἀποδιδόντες.
1280 1861 1362 1911 Cebes

224 1940 279 1990 Diis
290 1941 472 2003 exspectabant.
481 1941 597 1990 Felicitas
603 1940 704 2002 Virgilii
715 1954 770 1987 eon·
810 1940 835 1987 in
852 1940 952 1990 Tabula
968 1957 1014 1991 sua
1030 1943 1109 1991 utitur
1134 1942 1248 2006 exemplo
1263 1957 1360 1992 mensa-

224 2021 349 2069 tinebatur
366 2021 439 2068 etiam
460 2019 544 2068 salute
558 2021 629 2068 amici
645 2021 690 2069 sui.
716 2019 771 2068 Hoc
810 2018 919 2079 riorum,
936 2022 979 2085 qui
994 2028 1094 2085 accepta
1114 2022 1220 2084 pecunia
1236 2022 1360 2084 gaudent,

225 2107 319 2162 erepto,
333 2098 492 2150 eratinfelix.
513 2100 618 2148 Frustra
627 2101 704 2162 igitur
715 2099 769 2162 pius
811 2099 852 2146 rai
876 2098 941 2148 ἴδιον
966 2101 1111 2164 νομίζουσιν
1135 2101 1208 2149 εἶναι.
1243 2099 1359 2154 troadi

224 2179 327 2228 vixerat.
354 2181 427 2242 Virg.
449 2180 484 2230 II.
511 2179 575 2228 Aen.
597 2181 653 2229 429.
681 2194 725 2228 nec
747 2185 771 2227 te
812 2176 985 2240 ἀπαιτῶνται,
1012 2179 1201 2244 ἀγανακτοῦσι,
1227 2179 1268 2228 καὶ
1291 2178 1360 2228 δεινά

225 2264 271 2306 tua
279 2261 402 2320 plurima,
413 2262 530 2321 Panthu,
535 2261 670 2309 Labentem
678 2261 769 2322 putus,
812 2254 909 2304 οἴονται
922 2257 1091 2319 πεπονθέναι,
1105 2258 1135 2306 οὐ
1148 2257 1359 2322 μνημονεύοντες,

223 2351 267 2385 uec
284 2339 411 2399 Apollinis
426 2338 512 2402 infala
529 2340 602 2386 texit.
623 2338 711 2386 Horat.
721 2337 768 2386 IV.
811 2333 850 2383 ὅτι
865 2335 908 2384 ἐπὶ
925 2335 1006 2399 τούτῳ
1023 2336 1131 2399 italico:
1152 2336 1218 2400 quod
1234 2338 1275 2384 ita
1292 2350 1358 2385 acee-

224 2413 301 2464 Carm
318 2418 341 2468 7.
360 2419 431 2475 Non,
452 2420 591 2480 Torquate,
612 2433 701 2480 getas,
721 2434 768 2466 non
809 2420 911 2475 pauor.
940 2415 1058 2463 Ambros.
1075 2414 1106 2463 T.
1115 2414 1150 2463 II.
1168 2430 1193 2477 p.
1206 2415 1277 2462 1114.
1296 2417 1358 2463 Per-

226 2500 250 2542 te
260 2495 403 2557 facundia,
424 2512 474 2545 τιοιι
491 2502 515 2544 te
533 2498 662 2545 Restituet
676 2499 768 2558 pietus.
805 2491 916 2553 functas
932 2507 1002 2548 sams,
1019 2495 1140 2555 quamdiu
1152 2495 1233 2550 licuit,
1244 2495 1356 2543 commia-

224 2572 296 2623 Ovid.
318 2576 368 2625 111.
387 2576 476 2626 Amor.
494 2577 516 2624 9.
548 2579 607 2625 Via-e
626 2578 699 2636 ροισι
718 2592 767 2624 οιο-
810 2585 838 2619 ⁸0
853 2572 1037 2634 orihifoenore·
1061 2573 1114 2630 Qut
1129 2573 1244 2634 deposuit
1258 2575 1359 2636 riorus

224 2656 290 2703 τίετο
307 2658 375 2716 pias.
401 2655 440 2704 cl.
464 2655 589 2703 Moserus:
616 2655 693 2702 “Vox
709 2656 769 2715 pius
810 2653 909 2713 recepit.
939 2653 1061 2714 Loquitur
1081 2652 1230 2700 Ambrosius
1246 2653 1277 2701 de
1294 2667 1359 2701 mor-

223 2745 272 2779 non
294 2733 354 2780 satis
379 2740 495 2781 accurate
520 2734 670 2796 explicatur:
693 2735 771 2794 probe
810 2735 854 2776 tuo
871 2729 952 2778 fratre.
972 2731 1030 2778 Vid.
1047 2730 1279 2781 etBoith.Consol.
1298 2732 1358 2781 Phi-

223 2812 312 2858 uiveas.
334 2811 440 2859 Frustra
455 2812 510 2874 pius
527 2811 617 2859 dicitur
634 2812 769 2874 Virgilius,
810 2809 933 2871 losophiae
941 2809 976 2858 11.
994 2811 1017 2858 2.
1035 2809 1358 2859 etAmmian.Marce11in.

223 2889 294 2951 quia,
312 2889 375 2938 votis
391 2891 513 2953 conceptis
528 2890 703 2954 sacrificiisque
715 2892 769 2940 Diis
810 2888 899 2937 XXV.
916 2903 973 2950 pag.
991 2889 1046 2940 317.
1077 2889 1176 2936 Horatii
1192 2903 1287 2938 memor
1304 2896 1359 2938 erat

224 2968 329 3026 oblatis,
359 2969 385 3017 iu
402 2969 538 3018 certissima
553 2970 665 3018 Deorum
689 2971 770 3018 tutela
810 2973 895 3014 auctor
911 2965 1037 3015 Passionis
1055 2966 1081 3016 S.
1099 2966 1193 3016 Adalb.
1210 2967 1358 3030 Prageus'us:

225 3047 278 3097 sore
295 3048 459 3109 Quinctilium
469 3056 703 3112 speraverat‚quem
719 3063 769 3097 uon
810 3047 845 3093 ad
861 3047 977 3094 altimum
995 3049 1083 3096 ntortt‘s
1092 3048 1181 3096 timore
1196 3049 1359 3110 perterretur,

224 3127 259 3174 ita
275 3128 410 3176 crediderat
426 3129 493 3186 Diis,
510 3135 539 3195 ut
555 3136 606 3176 tam
624 3129 672 3176 cito
688 3143 718 3176 eo
732 3143 769 3176 or·
810 3140 858 3173 uon
875 3126 911 3174 sic
927 3127 975 3176 aiot
994 3129 1129 3187 creditam,
1148 3128 1257 3176 metatu
1282 3128 1357 3176 hosti-

224 3205 332 3266 baretur,
349 3209 391 3257 sed
408 3223 450 3271 spe
466 3209 591 3257 meliore.”
810 3207 868 3263 but,
882 3207 997 3266 prodidit
1007 3207 1141 3268 femmas.

257 3287 316 3334 Νοα
338 3288 377 3335 ita
397 3289 521 3336 creditam
545 3288 634 3336 Poscis
654 3288 768 3344 Quincti·
844 3287 903 3334 Nou
919 3301 999 3334 υοιιασ
1019 3287 1104 3334 redeat
1126 3285 1229 3347 sanguis
1245 3286 1359 3348 imagini.

224 3361 286 3412 liam
297 3367 371 3414 Deos.
388 3365 486 3414 Horum
498 3365 628 3414 verborum
645 3371 770 3428 putoessa
810 3363 842 3410 In
859 3363 935 3413 MSS.
952 3363 1041 3410 uostris
1058 3362 1133 3411 etiarn
1144 3362 1228 3412 inveni
1241 3379 1309 3412 aum.
1326 3364 1359 3412 In

223 3443 381 3492 sententiam:
402 3444 546 3508 “Quidquid
562 3445 679 3492 mortales
696 3445 769 3494 habe·
810 3457 861 3491 uno
873 3443 1134 3504 aarrroaamsonqut's
1146 3443 1233 3490 redeat
1245 3443 1358 3505 imagini.

223 3536 292 3578 mus,
309 3522 384 3580 bona,
402 3523 505 3581 amicoS,
522 3524 610 3582 vitam,
627 3539 643 3571 a
659 3525 714 3573 Diis
731 3539 769 3573 ae-
847 3524 925 3585 γένοιτ
935 3521 1129 3570 sentelborrt'da.
1149 3519 1357 3570 Schraderusau-

223 3600 333 3662 cepimus
349 3608 451 3660 mutua,
471 3603 513 3651 Dii
529 3617 559 3650 ea
575 3602 645 3650 uobis
662 3605 769 3653 credide·
810 3617 867 3662 rea,
884 3608 912 3649 ut
929 3600 949 3648 Ι.
967 3598 1093 3649 carulo
1110 3599 1140 3646 ds
1156 3599 1242 3647 eodem
1258 3599 1358 3648 Mercu·

223 3685 290 3738 runt,
301 3680 472 3742 utaliquando
483 3681 636 3730 reddamus.”
654 3682 702 3731 Dei
710 3683 769 3731 Vir·
811 3682 860 3729 rio:
876 3683 996 3742 virgoque
1012 3680 1087 3727 leuem
1104 3678 1197 3727 coirces
1207 3693 1286 3727 aurea
1304 3684 1358 3726 tur-

223 3757 282 3819 gilio
302 3758 420 3807 dederant
445 3759 608 3821 Quinctilium
630 3775 716 3820 suum,
741 3777 771 3812 ea
811 3762 874 3808 bam.
898 3760 1012 3809 Horrida
1021 3759 1062 3806 hic
1074 3758 1164 3806 melius
1177 3758 1358 3807 convenitcum

223 3836 290 3898 lege,
307 3844 334 3884 nt
352 3837 410 3885 olim
428 3844 588 3900 reposcerent.
607 3838 656 3888 Sed
667 3842 770 3902 putabat
811 3854 837 3888 re
855 3839 930 3897 tristi,
945 3840 975 3887 de
992 3853 1043 3901 qua
1060 3836 1149 3900 agitur.
1167 3836 1207 3886 ibi
1218 3836 1358 3885 dictumest

222 3916 350 3980 Virgilius
370 3917 534 3979 Quinctilium
556 3933 604 3966 raon
629 3921 668 3967 ito
692 3919 770 3969 sibia
811 3934 903 3978 aureo,
920 3921 945 3967 in
962 3918 1080 3966 laudibus
1094 3922 1119 3966 et
1130 3924 1221 3965 ornatu
1229 3915 1357 3965 Mercurii.

222 3995 277 4044 Diis
294 3994 369 4045 fuisse
386 3997 520 4053 creditum,
536 4004 652 4046 mutuum
670 3999 770 4057 datum,
846 4001 956 4048 Durum.
989 3997 1045 4046 Ms.
1071 3995 1180 4044 Franek.
1201 3997 1295 4043 darum
1311 4001 1357 4043 est.

222 4080 310 4122 uttam
321 4076 381 4133 cito,
392 4074 443 4123 iam
454 4089 521 4123 nunc
533 4084 694 4139 reposcerent.
705 4078 771 4128 Vide
812 4075 976 4126 Grammatici
993 4089 1064 4137 saepe
1081 4075 1128 4122 hoe
1139 4074 1243 4123 verbum
1252 4074 1358 4123 intruse-

222 4151 333 4215 Euripid.
352 4153 480 4202 Phoeniss.
495 4154 550 4202 559.
570 4153 706 4204 Aeschines
724 4157 768 4206 So·
812 4153 1208 4204 runt.vid.cort.adLuean.1.
1223 4152 1277 4202 120.
1289 4152 1359 4202 Haec

223 4230 341 4286 creticus,
359 4239 387 4279 ut
405 4231 492 4289 fertur,
505 4230 530 4278 in
540 4232 639 4296 Dialog.
650 4234 680 4282 de
689 4236 771 4286 Morte
812 4239 895 4282 autern
915 4233 1000 4281 citavit.
1020 4231 1181 4280 Hildebertus
1202 4231 1227 4279 in
1245 4230 1358 4278 Philoso-

223 4308 236 4367 ξ
252 4309 275 4356 9.
293 4309 395 4358 Lucian.
414 4309 533 4371 Necyom.
551 4311 581 4358 Τ,
596 4311 631 4358 11.
648 4328 704 4376 pag.
717 4316 769 4368 117.
811 4316 868 4378 phia
886 4311 976 4362 Mornli
993 4326 1049 4374 pag.
1067 4311 1123 4359 980.

711 4416 873 4443 ⁴0*—
