2916 5220
648 339 966 406 (illilMle'M

422 536 503 598 ,Post
527 543 654 597 rrearteru
678 530 822 612 acerbus,
847 551 909 593 aaa
932 528 1045 592 celeres
1055 526 1164 613 saraae

422 639 625 722 Reiectaequc
648 645 820 700 retrorsum
843 631 1039 696 Hannibalis
1061 633 1181 710 rainae,

422 741 497 803 Nau
522 739 666 803 incendia
695 737 898 823 Cartbapiuia
921 738 1055 820 impiae,

422 842 520 924 Eius,
546 842 601 927 qni
627 840 752 905 domita
776 860 896 903 nomen
920 838 961 902 ab
985 836 1099 901 Africa

241 1025 296 1083 gani
314 1024 380 1073 eires
398 1024 436 1071 sui
459 1032 567 1072 statuam
589 1030 726 1086 posuerunt
743 1022 789 1070 hoc
831 1036 894 1069 num
910 1037 942 1070 ex
959 1020 1035 1068 Italia
1051 1020 1181 1078 decedens,
1199 1020 1323 1068 incolumi
1340 1033 1380 1067 ex·

241 1103 326 1162 titulo,
343 1103 409 1165 apud
422 1103 497 1165 Diog.
507 1103 590 1150 La‘crt.
600 1102 648 1150 VI.
666 1117 722 1164 pag.
733 1102 788 1149 415.
830 1099 908 1146 ercitu
925 1100 951 1147 iu
968 1099 1083 1148 Africam
1101 1099 1208 1147 transire
1218 1099 1309 1162 potuit.
1328 1097 1382 1147 Tali

244 1181 364 1246 Ιήράσκει
395 1184 442 1244 μὲν
475 1183 570 1245 χαλκὸς
604 1180 656 1229 ὑπὸ
683 1180 789 1244 χρόνου,
830 1178 975 1242 virosaque
996 1178 1111 1236 obiicere,
1136 1184 1279 1226 mesonma
1305 1177 1380 1224 histo-

241 1261 308 1309 ἀλλὰ
334 1262 382 1310 abr
407 1261 461 1309 eitra
482 1262 566 1317 Κῦόος
593 1260 606 1306 ὁ
635 1263 689 1317 πᾶς
712 1258 789 1319 αἰὼν,
829 1258 900 1304 riam.
937 1258 1031 1306 Celeris
1047 1264 1145 1305 tantum
1162 1264 1217 1306 erat
1235 1257 1307 1305 illius
1325 1256 1382 1319 fuga

240 1339 370 1403 Διόγενες,
397 1340 505 1387 καθελεῖ.
533 1338 651 1387 Albinov.
675 1344 705 1386 de
722 1339 790 1386 obitu
829 1344 885 1399 post
901 1336 996 1384 cladem
1014 1336 1081 1399 apud
1101 1337 1214 1385 Zamam.
1248 1336 1300 1386 Sed
1322 1337 1380 1399 quid

240 1417 352 1466 Maecen.
370 1418 410 1469 37.
430 1416 577 1466 Marmorea
595 1419 671 1466 Aonii
687 1418 791 1466 vincuat
830 1414 932 1462 Livius?
959 1417 1093 1463 Hannibal
1105 1430 1162 1464 eum
1181 1417 1274 1479 panea}
1291 1417 1381 1478 equiti·

240 1502 400 1544 rrrauamerrta
426 1498 511 1545 libelli.
556 1498 658 1544 Vivitur
681 1496 790 1557 inuenio,
830 1496 875 1542 bus
891 1495 958 1542 irater
975 1495 1114 1542 tuinultum
1130 1496 1245 1558 elapsus,
1258 1496 1382 1543 Adrume-

240 1580 341 1623 raetera
357 1579 446 1624 erariis
463 1580 547 1622 eraut
568 1574 629 1623 Vid.
646 1575 749 1636 interpr.
767 1581 791 1622 et
832 1579 886 1620 tum
909 1571 1037 1635 perfugit,
1056 1574 1139 1621 omnia
1160 1579 1185 1623 et
1201 1575 1231 1621 ira
1245 1575 1344 1635 proelia
1359 1581 1382 1623 et

240 1653 379 1702 Burmann.
398 1652 504 1702 Anthol.
522 1653 594 1701 Tom.
612 1653 634 1701 I.
651 1669 674 1716 p.
693 1653 749 1701 448.
766 1660 791 1702 et
831 1652 1163 1714 circumamiciatur
1183 1654 1315 1701 excederet
1334 1669 1382 1715 pu·

241 1730 356 1794 Propert.
382 1733 432 1780 III.
462 1734 483 1780 l.
509 1732 548 1780 63.
585 1732 619 1779 Et
644 1732 704 1794 quid
729 1747 791 1796 opus
830 1745 892 1792 aaa,
913 1735 1040 1792 expertus.
1078 1728 1133 1778 Iam
1158 1744 1232 1793 rogo:
1260 1731 1314 1792 Qui
1338 1731 1383 1779 hoc

242 1817 298 1857 crat
319 1818 446 1872 tantopere
467 1810 570 1858 laudare
592 1811 678 1858 Musas
698 1811 790 1859 Ennia·
831 1807 948 1855 ultimum
969 1808 1067 1857 virtutis
1092 1823 1155 1871 opus
1180 1809 1271 1867 edidit,
1297 1811 1333 1858 sic
1352 1811 1382 1858 ob

241 1903 297 1944 rias,
320 1889 341 1937 si
362 1889 466 1937 ducibus
487 1903 531 1954 per
553 1903 679 1936 marmora
695 1891 749 1938 cita
767 1896 791 1938 et
830 1890 920 1937 calmes
930 1887 1012 1951 fucas
1033 1887 1065 1935 ab
1084 1886 1189 1936 Horatio
1206 1887 1326 1937 infamari
1343 1904 1382 1952 po

239 1969 348 2029 spiritua
370 1967 473 2015 rediret?
511 1967 567 2015 Iam
588 1967 702 2015 novimus
725 1969 790 2029 apud
831 1966 896 2015 tuit?
922 1965 995 2026 Quod
1016 1965 1048 2013 ad
1073 1966 1152 2013 minas
1173 1965 1330 2015 Hannibalis
1347 1985 1381 2018 re·

240 2053 324 2109 poetas
341 2045 475 2093 simulacra
491 2047 572 2094 eicere
585 2053 609 2094 et
620 2048 725 2109 spirare.
743 2047 791 2094 Ne·
832 2050 944 2094 traraum
970 2046 1090 2103 reiectas,
1117 2045 1164 2092 hae
1184 2045 1236 2092 diei
1257 2060 1309 2094 non
1331 2062 1382 2110 pos·

239 2139 288 2186 que
305 2125 457 2188 culpaverim
474 2124 578 2172 mortuis
601 2126 679 2173 vitam
698 2125 724 2172 in
741 2132 789 2173 sta·
831 2130 891 2171 sunt
914 2124 945 2173 de
961 2123 1105 2172 Hannibale
1121 2123 1147 2170 in
1174 2122 1267 2172 Africa
1287 2126 1381 2174 exerci-

240 2209 285 2250 tua
302 2203 372 2265 quasi
390 2204 477 2252 redire.
506 2203 554 2252 Sed
577 2205 720 2264 κακόζηλον
741 2212 789 2261 est,
831 2211 871 2250 tus
888 2202 1001 2252 ducente.
1035 2204 1104 2252 Ante
1118 2217 1231 2266 pugnam
1249 2205 1318 2266 apud
1335 2205 1381 2253 Za·

240 2288 340 2330 mortuo
357 2284 441 2331 redire
461 2283 595 2344 spiritam,
623 2283 702 2345 ipsam
724 2285 790 2334 vitae
831 2297 897 2330 mam
914 2296 1000 2345 pacem
1016 2282 1094 2346 petiit.
1120 2282 1211 2330 Testor
1227 2282 1381 2346 colloquium

240 2361 369 2409 actionem.
408 2360 489 2410 Credo
517 2366 642 2410 auctorem
671 2365 790 2427 cogitasse
830 2374 887 2409 cum
906 2361 1028 2424 Scipione.
1053 2361 1186 2411 Caeterum
1202 2362 1381 2411 Lachmannus

241 2439 382 2487 Horatiana
402 2439 450 2488 IV.
473 2439 557 2488 Carm.
580 2441 604 2487 9.
632 2443 720 2504 Spirat
743 2445 787 2491 ad·
830 2439 943 2488 haesita
959 2439 1100 2488 constituit:
1130 2441 1189 2489 Noa
1212 2443 1297 2490 ineisa
1315 2445 1382 2491 notia

240 2520 287 2566 bae
304 2534 375 2568 (aruer
391 2521 527 2581 vivuntque
544 2521 643 2568 cariores.
831 2533 957 2567 raarnrara
972 2518 1080 2580 publicis
1111 2522 1165 2568 Per
1185 2536 1253 2582 qaae
1271 2523 1382 2583 spiritua

273 2597 332 2643 Nara
349 2599 440 2645 celeres
456 2598 543 2660 serpae.
576 2598 634 2646 Non
651 2613 788 2658 marmora,
830 2602 855 2644 et
871 2599 924 2644 uita
941 2598 1007 2645 redit
1027 2600 1097 2647 baraia
1125 2601 1191 2647 Part
1208 2605 1316 2648 arautem
1338 2604 1382 2649 da

239 2687 289 2720 non
306 2673 367 2736 suga
379 2674 530 2738 reiectaeque
543 2677 691 2725 Hannibalis
707 2677 789 2726 minae
830 2677 912 2736 cibus,
929 2678 1023 2725 elarius
1048 2679 1163 2726 indicant
1180 2680 1285 2729 Laudes
1306 2697 1381 2743 qaam

239 2750 330 2798 clarius
347 2753 457 2801 indicant
473 2754 560 2802 laudes
572 2755 701 2819 Scipionis,
713 2773 788 2821 quam
833 2754 958 2803 Calabrae
976 2756 1098 2805 Pierides.
1131 2755 1184 2804 Pro
1196 2759 1289 2808 celeres
1299 2759 1381 2823 sapae

239 2829 345 2877 Ennius.
375 2830 502 2880 Putabam
519 2835 619 2882 reiectas
639 2836 789 2885 Hannibalis
829 2833 855 2880 in
873 2834 929 2884 MS.
946 2835 1029 2884 inveni
1046 2837 1133 2885 celeris
1143 2836 1222 2900 suaa.

240 2908 320 2956 minas
337 2924 389 2958 esse
405 2911 470 2972 ipsas
483 2912 601 2975 Scipionis
613 2912 789 2971 laudes,cuius
864 2915 923 2962 Noa
946 2915 1063 2964 incendia
1090 2915 1259 2978 Cartbaainia
1279 2919 1378 2980 impiae.

240 2989 320 3051 gloria
337 2991 362 3037 in
380 3005 409 3040 ea
425 3007 452 3040 re
469 2998 618 3042 cerneretur.
636 2993 692 3042 Hae
702 2994 789 3044 laudes
830 2991 860 3039 Iu
877 2992 944 3041 Bibl.
962 2993 1055 3044 Oritica
1065 2995 1138 3042 Nova
1148 2994 1209 3043 Vol.
1221 2995 1243 3044 1.
1255 3011 1313 3059 pag.
1326 2998 1378 3046 126.

241 3068 382 3118 efficiebant
403 3079 580 3134 argumentum
601 3072 718 3120 carminis
735 3075 787 3122 En·
830 3071 895 3119 hanc
911 3072 1079 3121 coniecturam
1095 3075 1222 3136 proposui:
1242 3077 1302 3125 Nan
1316 3077 1378 3126 Car·

238 3147 314 3197 niani.
349 3149 386 3200 Ut
406 3149 453 3199 hoc
474 3152 657 3199 incommodum
684 3154 788 3211 evitent,
830 3153 939 3212 tbaaiaia
954 3154 1069 3202 incendia
1083 3153 1202 3217 perfidae.
1228 3155 1294 3202 Eam
1311 3171 1379 3205 nunc

238 3229 354 3276 nonnulli
372 3237 501 3291 exponunt
517 3231 544 3278 in
565 3231 732 3294 marmoribus
750 3233 786 3280 in·
830 3230 944 3292 repudio,
967 3241 1065 3281 etcum
1086 3231 1202 3282 Bentleio
1217 3248 1320 3282 versum
1338 3235 1375 3284 eii·

239 3307 359 3371 scriptum
385 3323 448 3369 esse,
483 3308 651 3359 Hannibalem
676 3310 788 3359 celeriter
829 3307 874 3357 cio.
900 3308 973 3369 Quod
981 3311 1046 3359 idem
1056 3315 1139 3359 censet
1150 3309 1292 3359 faciendum
1304 3312 1377 3361 Butt-

239 3385 343 3449 sngisse,
361 3388 402 3436 vel
420 3391 500 3450 ipsam
512 3388 606 3450 fraqam
623 3387 649 3433 in
666 3402 788 3436 marmore
829 3402 896 3437 man.
921 3389 1030 3452 Mythol.
1051 3390 1087 3439 11.
1112 3407 1136 3454 p.
1162 3391 1219 3442 367.
1255 3392 1378 3441 Iracundia

238 3466 355 3514 excisam.
388 3466 437 3515 Sed
460 3465 547 3525 verba,
572 3472 601 3512 ut
616 3479 683 3513 nunc
700 3465 787 3528 legun·
829 3482 879 3516 non
896 3474 976 3531 potest
992 3468 1119 3531 explicari
1147 3469 1286 3532 Doringins
1302 3470 1377 3519 conii·

240 3553 288 3601 tur,
306 3545 381 3592 talem
394 3544 620 3606 interpretationem
631 3558 681 3593 non
694 3543 787 3604 ferunt,
829 3547 863 3595 cit
887 3555 912 3597 et
931 3548 1019 3597 edidit:
1044 3550 1184 3612 stipertdia,
1209 3555 1235 3598 ct
1261 3551 1308 3599 hoc
1325 3557 1376 3599 tam

239 3631 264 3672 ct
282 3625 447 3681 audissemus,
464 3625 551 3681 credo,
577 3624 668 3686 aliquid
689 3625 719 3672 de
736 3640 787 3673 mo·
829 3628 890 3677 bene
907 3628 1029 3686 defendit,
1043 3644 1119 3692 quam
1132 3629 1195 3676 talia
1206 3629 1306 3679 defendi
1319 3646 1377 3695 que·

239 3709 357 3751 numento
374 3709 426 3750 tam
443 3703 586 3760 artificioso,
604 3702 669 3764 quod
680 3702 787 3752 Romani
828 3713 878 3755 ant.
912 3708 952 3757 De
976 3708 1122 3756 coniecturis
1147 3707 1264 3757 Withofii
1289 3711 1377 3760 disari-

239 3780 359 3830 Africano
379 3783 522 3845 posuissent.
556 3782 586 3829 In
609 3781 700 3844 plurali
717 3783 786 3845 suaa
828 3789 910 3847 ruina,
927 3789 1070 3849 dispendia,
1087 3793 1163 3836 taceo.
1185 3787 1328 3837 Burmann.
1346 3791 1376 3838 ad

240 3865 277 3906 est
299 3874 397 3923 quoque
419 3860 484 3922 quod
506 3861 676 3922 reprehendas.
709 3862 786 3910 Recte
826 3864 912 3913 Valer.
934 3865 1018 3914 Flacc.
1035 3864 1113 3913 VIII.
1134 3865 1191 3914 399.
1214 3870 1239 3913 et
1261 3865 1305 3914 alii
1325 3866 1377 3916 fru-

239 3938 339 4000 quidcm
362 3940 437 3989 Silius
463 3940 550 3988 XVII.
580 3942 633 3993 147.
667 3947 786 4004 aetraque
826 3950 878 3992 stra
887 3951 1027 3994 tentarunt:
1045 3960 1125 4010 neque
1136 3945 1257 3994 Horatius
1268 3946 1376 4010 primam

232 4019 359 4080 saporum
386 4022 469 4069 Vertit
486 4026 556 4084 terea
572 4023 639 4069 citus
656 3999 785 4072 denudatis
826 4022 1011 4087 aOarthagine
1028 4025 1063 4072 ita
1080 4027 1105 4074 in
1128 4031 1208 4074 metro
1229 4034 1376 4089 separasset.

239 4098 391 4147 Hasdrubal
415 4102 494 4148 ausis.
532 4100 714 4148 Hasdrubalem
738 4101 785 4165 ipsi
825 4090 964 4166 Nunquam
981 4119 1005 4152 v.
1016 4118 1037 4152 c.
1055 4104 1103 4153 IV.
1113 4103 1198 4154 Carm.
1210 4105 1234 4154 5.
1252 4119 1300 4168 pro
1311 4107 1377 4165 Quis

238 4174 356 4234 Romani,
381 4192 439 4226 cum
456 4179 596 4228 Hannibale
605 4187 783 4243 comparatum,
827 4180 967 4230 Germania
983 4198 1043 4244 quos
1061 4183 1165 4231 barrida
1179 4187 1302 4246 partierit
1319 4186 1377 4233 scri·

238 4255 397 4316 appellabant
412 4259 498 4307 dacem
508 4258 711 4321 fuaacisaimum.
735 4260 784 4311 Sed
824 4259 924 4320 psisset:
945 4261 1010 4319 Quis
1026 4276 1085 4324 qam
1102 4263 1206 4312 barrida
1234 4264 1376 4313 Germania

239 4333 379 4390 Hannibal,
402 4340 456 4396 post
480 4343 577 4384 sextum
600 4337 722 4386 decimum
741 4354 783 4387 an·
822 4341 946 4400 parturit.
