2916 5220
615 323 787 388 trena
832 326 857 387 Ἰ.

276 573 277 576 ,
355 508 415 572 Cui
437 505 524 572 dale
541 517 657 592 perles
680 509 780 573 scelus
802 510 959 594 expiandi

350 611 496 694 Iupiter?
548 610 687 675 Tandem
710 611 842 693 venius,
866 633 1054 696 precamur,

349 712 455 798 Nubex
469 713 645 779 candentes
668 713 820 780 humeros
845 713 1005 796 amictus,

478 815 596 900 Augur
618 816 748 902 Apollo.

350 917 426 983 Sive
449 923 487 983 tu
510 918 633 1001 mavis,
659 919 801 1003 Erycina
824 919 952 1001 ridens,

350 1022 452 1102 Quum
474 1025 568 1088 Iocum
591 1023 806 1106 circumuolat,
831 1033 861 1088 et
888 1023 1029 1108 Cupido:

348 1124 424 1190 Sive
446 1125 635 1210 neglectum
657 1147 781 1210 genus,
806 1132 840 1191 et
863 1129 997 1210 nepotes

482 1230 632 1316 Respicis
656 1235 787 1313 auct-or,

347 1333 438 1398 Heu!
463 1333 563 1398 nimis
587 1334 686 1419 longo
711 1333 829 1399 satiate
851 1333 948 1412 lud03

351 1437 447 1516 Quem
470 1439 556 1501 lucet
579 1436 712 1518 elamor,
733 1435 902 1523 paleaeque
924 1435 1022 1519 leues,

162 1637 229 1699 apud
246 1635 358 1686 ciceron.
370 1650 415 1698 pro
425 1635 511 1684 Rabir.
523 1635 599 1684 Perd.
610 1636 634 1684 4.
645 1634 714 1684 cuius
784 1636 844 1683 Heu
860 1636 937 1684 nituit
948 1638 1017 1699 lrmqo
1032 1638 1124 1686 culture
1142 1638 1206 1686 lude,
1224 1637 1302 1694 Mars,

161 1715 211 1763 loci
228 1721 312 1764 tamen
329 1715 425 1763 diversa
441 1723 478 1764 cst
494 1715 569 1772 ratio,
591 1722 620 1762 ut
640 1714 714 1778 inspi-
751 1720 837 1762 auctor
853 1715 933 1776 gentis
949 1716 1090 1773 Romanae,
1106 1716 1155 1765 cito
1165 1718 1249 1766 satiari
1262 1719 1302 1767 dc-

161 1793 285 1842 cientibus
300 1793 401 1857 patebit.
435 1793 484 1842 Hic
510 1800 592 1842 autern
613 1807 714 1850 versus,
751 1791 792 1839 bet
809 1793 929 1854 sunguine
948 1794 1023 1843 cirili.
1056 1795 1136 1843 Nimis
1152 1796 1242 1858 longus
1250 1804 1303 1845 erut

162 1871 308 1929 utHoratii‚
324 1872 536 1922 citaturaSchol.
549 1872 622 1922 Statii
634 1871 713 1921 Theb.
751 1871 788 1921 illi
813 1871 853 1920 vel
877 1873 1035 1922 brevissimus
1060 1875 1196 1923 istiusmodi
1220 1875 1302 1924 ludus.

161 1950 211 2000 IV.
230 1953 287 2000 633.
302 1967 422 2014 preceque
431 1952 556 2015 surtqmt.
752 1949 835 2011 Quare
850 1951 913 1999 mihi
929 1967 978 2001 non
987 1954 1068 2016 placet
1079 1955 1218 2004 corriectura
1228 1954 1302 2004 Cuia-

198 2031 249 2079 Cui
265 2033 713 2095 dutilpurteeecelueecpiuudr'Iu·
751 2029 795 2087 cii,
820 2031 918 2092 prolata
943 2048 958 2080 a
979 2032 1094 2082 Cluverio
1116 2034 1147 2080 ad
1169 2033 1301 2083 Claudias.

158 2111 252 2173 puer?
271 2111 410 2174 Ambigua,
422 2113 548 2175 quodnam
560 2111 652 2169 scelus,
663 2111 714 2160 bel-
752 2110 782 2158 dc
798 2110 847 2159 VI.
865 2110 968 2160 Consul.
985 2112 1090 2161 Honorii
1106 2127 1141 2161 vs.
1158 2114 1215 2164 275.
1242 2115 1302 2163 Heu

161 2189 217 2236 lum
234 2189 319 2248 civile,
336 2205 368 2238 un
389 2205 457 2239 mors
475 2190 595 2240 Caesaris.
630 2190 713 2251 Quum
751 2191 829 2238 nimiu
853 2192 923 2254 louqo
956 2194 1055 2241 satiare
1082 2193 1155 2250 lude,
1178 2191 1218 2239 vel
1241 2194 1302 2242 Heu

161 2267 211 2316 Dei
235 2267 373 2317 humanum
398 2268 477 2318 scelus
501 2271 621 2332 euplum,
651 2269 714 2317 illud
751 2270 834 2317 minue
851 2271 920 2332 louqo
940 2271 1035 2318 eattule
1051 2272 1116 2319 ludo.
1149 2271 1303 2333 Imploratur

159 2349 282 2408 puuiuul.
308 2349 394 2411 Atque
405 2348 501 2412 Iupiter
512 2354 566 2396 erat
580 2349 714 2411 rogandus,
752 2346 873 2395 auxilium
901 2347 1004 2403 Martis,
1024 2353 1151 2411 tamquam
1169 2349 1241 2397 amici
1257 2364 1301 2398 nu-

161 2440 213 2474 non
234 2433 262 2475 ut
278 2428 404 2477 Romanos
420 2434 519 2492 propter
535 2428 628 2476 scelera
644 2429 714 2491 puni·
751 2425 831 2473 minis.
856 2426 968 2474 Numina
983 2426 1065 2472 minus
1081 2425 1121 2474 rel
1134 2428 1245 2475 nondum
1264 2443 1301 2476 sa-

161 2512 213 2564 ret,
229 2508 272 2555 sed
289 2523 319 2557 ea
334 2510 497 2567 condonaret,
518 2515 543 2557 et
564 2523 629 2558 nova
645 2525 714 2559 aver·
752 2504 813 2552 tiata
837 2506 933 2568 Ρθθῐῑῐθ,
962 2512 1020 2554 sunt
1043 2503 1214 2564 infestissima»
1239 2521 1302 2570 (ΨΜ

160 2591 231 2636 τεῖρε,
751 2590 834 2632 tumen
859 2584 899 2632 rel
918 2585 972 2647 ipsa
993 2584 1093 2633 tandem
1109 2585 1238 2633 satiantur.
1264 2587 1301 2638 Si-

198 2666 312 2714 Tuudem
328 2668 567 2727 uentueprecumur.
593 2665 646 2716 Cur
659 2672 714 2714 tun·
751 2662 800 2711 lius
825 2663 882 2713 Ital.
902 2663 936 2712 X.
960 2665 1018 2713 202.
1042 2666 1122 2714 ueluti
1138 2667 1247 2713 nondum
1263 2681 1301 2715 eu-

162 2745 235 2801 dem,
252 2758 326 2808 quem
343 2746 632 2809 nuncprimumorunt?
665 2746 714 2794 Ne·
752 2743 923 2807 russetmuqo
956 2746 1018 2793 Irae
1034 2759 1108 2794 suevo
1126 2751 1250 2794 auteur.
1264 2747 1301 2794 in-

161 2837 211 2886 que
235 2823 276 2871 liic
302 2827 403 2874 taudem
428 2832 465 2874 est
486 2826 560 2874 valde
576 2825 714 2887 urguentis,
752 2829 825 2884 terpr.
851 2824 883 2870 ad
910 2824 1042 2875 claudian.
1068 2826 1103 2874 H.
1138 2824 1223 2874 Rufiu.
1243 2827 1301 2877 206.

160 2903 221 2966 quia
245 2903 356 2967 sequitur
371 2905 424 2953 elue
445 2910 475 2953 tu
491 2906 572 2953 muule
589 2903 714 2967 Erycino,
752 2903 1121 2954 NumiuuRomumiruomdum
1134 2906 1233 2954 catinia
1249 2908 1300 2955 rui-

159 2983 214 3030 sive
231 2980 319 3039 Mure,
334 2983 386 3030 siue
404 2981 526 3032 Mercuri.
560 2982 713 3032 choriambi.
750 2981 797 3027 nie.
833 2981 937 3031 Saliare
961 2990 1043 3032 autem
1065 2990 1090 3032 et
1106 2987 1176 3033 sulla
1197 2990 1221 3032 te
1237 2985 1300 3034 dice·

160 3074 219 3108 cum
237 3058 442 3117 Callimachum,
458 3061 524 3124 quod
540 3060 632 3123 legitur
649 3062 714 3124 apud
751 3057 811 3106 bant
831 3059 856 3106 in
879 3075 976 3110 summo
1000 3062 1096 3124 dolore5
1113 3063 1210 3124 quando
1226 3063 1301 3112 etiarn

161 3139 279 3189 Serrium
295 3140 321 3187 in
330 3138 482 3189 Centimmro
493 3142 517 3189 5.
537 3141 715 3203 “Armipotens
751 3138 853 3186 numina
874 3141 954 3203 magis
977 3141 1075 3191 irritare
1099 3155 1149 3190 nou
1173 3143 1301 3192 timebant.

162 3215 255 3276 Marc,
277 3219 377 3280 qenitor
403 3219 612 3275 Romulidarum,
629 3222 715 3269 venius
751 3212 823 3265 Ovid.
840 3218 890 3267 IX.
912 3219 1015 3268 Metam.
1035 3221 1089 3271 178.
1114 3222 1301 3285 Cladibuaput·

158 3296 309 3359 precumur''
338 3295 423 3344 fictum
456 3304 494 3345 est
519 3311 551 3345 ex
576 3296 622 3344 hoc
650 3297 712 3347 loco.
750 3299 921 3355 cerenoutrie,
946 3313 1034 3360 corque
1043 3299 1133 3360 ferum
1149 3302 1227 3348 autin.
1252 3300 1300 3349 Pe·

159 3373 531 3438 Oudendorpmalcbutlegere
541 3376 714 3439 Romulidum,
750 3379 814 3422 tron.
841 3373 893 3423 Sat.
919 3389 972 3438 cup.
1000 3377 1054 3424 121.
1100 3378 1186 3439 Tuque
1205 3380 1302 3440 iuqeult

159 3460 185 3503 le
200 3456 289 3503 ueniae
303 3469 446 3516 precamur.
749 3453 846 3500 saluere
866 3454 942 3502 ruina
976 3456 1083 3503 Pallida
1111 3456 1252 3518 Tisiphone.
1276 3472 1300 3506 r.

196 3534 280 3592 Quum
296 3536 372 3582 Iocus
388 3534 552 3582 circumuolat
568 3538 594 3582 et
608 3533 712 3596 Cupido.
751 3528 846 3579 Ciofan.
872 3532 903 3578 ad
928 3531 1000 3582 Ovid.
1025 3532 1076 3582 111.
1101 3532 1176 3582 Tria.
1194 3534 1243 3584 XI.
1259 3537 1300 3585 35.

158 3612 248 3675 Longe
272 3611 414 3661 concinnior
445 3618 470 3658 et
495 3610 594 3673 gravior
623 3612 713 3670 oratio,
751 3608 855 3658 Guietus
875 3610 942 3660 hunc
964 3620 989 3662 et
1005 3619 1055 3662 tres
1071 3621 1199 3676 sequentes
1215 3629 1300 3665 versus

157 3691 256 3739 omissis
289 3691 328 3739 his
352 3689 525 3753 Mythologiaa
549 3691 713 3748 ornamentis,
750 3690 878 3753 expungit.

158 3785 224 3834 quae
254 3771 339 3818 decere
363 3775 466 3833 possunt
495 3782 595 3817 carmon
621 3776 713 3818 arneto-
786 3770 866 3828 Quem
881 3773 954 3820 iuuat
972 3774 1066 3821 clamor
1081 3775 1212 3835 paleaeque
1228 3775 1299 3823 leues.

156 3850 225 3898 num
243 3855 267 3896 et
283 3847 342 3895 laeti
360 3846 469 3910 generis,
491 3854 615 3895 amoesto
632 3854 657 3895 et
673 3847 712 3896 fle·
750 3846 819 3896 Haec
836 3849 918 3898 aliena
933 3858 1007 3907 sunt,
1024 3857 1048 3898 et
1060 3851 1170 3899 animum
1182 3865 1197 3897 a
1208 3866 1300 3913 repro

157 3930 204 3978 bili
222 3928 305 3977 aliena
320 3933 386 3976 sunt.
404 3927 491 3988 Qualis
508 3926 604 3990 imago!
618 3927 714 3985 Venus,
750 3927 830 3988 posita
845 3928 919 3976 nimis
937 3928 1070 3977 abducunt.
1104 3929 1209 3977 Dixerat
1220 3929 1300 3979 Hora-

157 4009 218 4056 Ioco
231 4004 393 4069 ct'Oupidine
407 4006 607 4064 circumvolante,
616 4005 714 4054 ruinam
751 4004 799 4052 tius
824 4006 932 4055 Martem
953 4007 1004 4054 iam
1019 4021 1072 4055 esse
1088 4007 1204 4055 satiatum
1221 4009 1300 4061 bellis.

157 4085 377 4150 Imperiillomani
385 4085 461 4134 sistit!
475 4084 562 4134 Verba
570 4091 654 4135 autern
668 4085 715 4134 hoc
750 4084 825 4132 Nunc
849 4083 914 4132 idem
939 4084 1053 4133 laudaret
1077 4099 1186 4134 amorem
1212 4087 1302 4138 Martis

157 4167 246 4215 ordine
262 4165 377 4229 ponenda
398 4170 467 4213 sunt:
494 4165 553 4215 Siue
577 4166 715 4227 ueqlectum
751 4176 811 4224 erga
827 4161 908 4209 bella?
942 4161 991 4223 Qui
1008 4163 1074 4210 hunc
1090 4177 1189 4212 versum
1205 4179 1301 4231 compo-

156 4260 235 4309 qenua
250 4250 277 4293 el
293 4249 402 4308 nepotes,
425 4245 486 4292 Heu
498 4243 578 4291 mirate
591 4243 661 4303 louqo
677 4256 716 4290 eu·
752 4240 813 4296 suit,
838 4240 858 4287 is
883 4248 986 4289 noverat
1011 4240 1056 4291 Sil.
1081 4241 1139 4291 Ital.
1167 4244 1216 4294 IX.
1245 4248 1302 4296 555.

158 4328 225 4374 tiute
242 4325 314 4384 ludo,
332 4323 449 4385 Respicis
465 4327 561 4370 urcelor.
753 4317 867 4368 Martem
884 4320 990 4382 lituique
1007 4323 1126 4384 tutaeque
1147 4327 1304 4389 Vulneraque
