2916 5220
148 315 210 376 172
554 311 872 377 (lillllllNUll

324 495 411 560 Aula
434 496 570 561 divitem
594 508 706 562 manet

372 601 506 665 Herum.
556 600 641 679 Quid
665 601 752 665 ultra
776 601 904 666 tendis?
949 600 1064 686 Aequa
1087 601 1186 666 tellus

327 704 464 788 Pauperi
488 703 667 768 recluditur

369 807 561 892 Regumque
584 807 711 892 pueris,
736 830 795 873 nec
820 808 950 873 satelles
977 808 1052 874 Orci

147 1004 191 1045 tur
209 1005 317 1054 torreris,
338 1001 466 1057 uectatque
481 997 570 1057 capaci
588 996 695 1057 Acerina
736 997 786 1057 leae
803 1002 921 1045 terremur.
955 997 1054 1046 Mosero
1077 996 1200 1045 Horatius
1222 996 1288 1058 cogi·

147 1079 209 1125 rrrale
228 1075 341 1129 aaaron,
357 1079 382 1121 et
398 1074 496 1134 artfficst
507 1074 619 1135 improba
629 1087 696 1134 pup·
736 1081 801 1122 tasse
822 1075 954 1124 ridebatur
975 1075 1076 1124 deloco
1091 1075 1197 1125 Homeri
1214 1073 1288 1124 Iliad·

145 1156 194 1216 pis.
229 1153 324 1202 Senem
342 1150 429 1213 Oedip.
449 1151 502 1198 166.
540 1152 637 1214 Quique
653 1167 696 1201 cu·
740 1159 763 1202 Γ.
785 1154 841 1203 309.
866 1155 990 1203 θανάτοιο
1015 1153 1087 1211 τέλος
1110 1152 1287 1218 πεπρωμένον.

144 1235 206 1294 paci
231 1233 334 1280 turbida
357 1234 444 1293 cymba
472 1232 594 1278 Flumina
612 1236 697 1278 acuat
738 1235 812 1282 Fiaic
829 1234 890 1282 adeo
910 1233 1131 1295 Orciessetfiaie‚
1148 1233 1288 1295 quamipse

146 1312 227 1359 durus
243 1313 310 1360 acaia
328 1312 425 1359 Navita
442 1312 586 1370 cruciantia
598 1312 697 1359 maduo
736 1309 816 1360 Orcus
841 1312 919 1360 affert.
961 1311 1002 1360 Ita
1031 1311 1157 1360 Homerus
1186 1324 1288 1373 quoque

149 1392 264 1439 Brachia
286 1397 357 1439 ceato
374 1393 472 1438 laetata
488 1388 580 1451 refert,
608 1391 697 1438 Factus
736 1389 807 1439 Iliad.
825 1397 857 1440 Π.
875 1391 930 1441 502,
948 1392 1004 1440 855.
1026 1390 1060 1439 X.
1077 1390 1134 1438 361.

147 1473 248 1519 turbam
272 1474 370 1519 vectare
393 1484 489 1517 uocant.
534 1467 608 1516 Herc.
634 1466 695 1515 Fur.
775 1472 862 1533 Aequa
892 1472 965 1518 tellus
999 1471 1114 1531 Pauperi
1145 1469 1289 1517 recluditur

147 1549 204 1596 658.
240 1551 292 1597 Fae
316 1563 387 1597 arnae
406 1548 506 1603 rotundi,
528 1552 600 1609 teque
620 1548 696 1594 dami-
737 1550 883 1611 Regiumque
900 1550 997 1610 pueris.
1030 1546 1182 1608 Interpretes
1199 1562 1290 1610 parum

146 1635 249 1677 arentem
267 1643 357 1691 precer
379 1629 465 1688 Reque
485 1626 579 1690 capaci.
613 1625 694 1673 Hora·
736 1641 837 1675 curasse
850 1625 1289 1688 videnturverbammmentcruq.

147 1708 197 1755 tius
219 1713 303 1756 autem
324 1705 434 1769 loquitur
455 1706 485 1754 de
506 1721 556 1754 urta
577 1707 647 1764 bero,
665 1705 696 1752 ad
736 1710 867 1755 “Fruatra
883 1707 989 1769 spoliat,
1006 1721 1093 1766 auare,
1109 1720 1247 1767 pauperes,
1263 1711 1290 1754 et

146 1802 220 1851 quem
246 1787 425 1850 recipiendum,
450 1800 499 1833 non
525 1799 584 1834 sane
609 1798 696 1847 operae
736 1789 886 1835 divitiarum
915 1788 989 1834 atalec
1018 1787 1145 1847 conperit,
1169 1801 1228 1834 cum
1251 1788 1290 1834 aia

146 1872 208 1923 erat,
227 1866 273 1913 diei
291 1864 385 1915 Orcum
402 1880 524 1927 capacem.
552 1864 598 1920 Et,
617 1869 645 1910 ut
661 1864 695 1911 vi·
737 1866 851 1914 mortalis
870 1869 896 1915 et
915 1865 1068 1926 sepeliendus
1087 1865 1188 1924 aequali
1204 1869 1291 1912 terrae

147 1945 240 2001 dimus,
266 1937 360 2001 Oreus,
381 1943 423 1991 rel
443 1948 544 2006 propter
562 1945 696 1991 satellitem
737 1960 855 1993 mauura
876 1959 932 1994 cam
955 1942 1091 2006 paupere.'’
1125 1941 1196 1990 Talis
1214 1943 1290 1990 inter·

147 2038 233 2080 suum,
249 2024 297 2071 nisi
314 2024 345 2072 de
364 2025 473 2072 Plutone
490 2021 567 2084 accipi
584 2035 634 2068 non
650 2036 694 2084 po·

147 2109 202 2151 test.
225 2103 332 2165 Propter
335 2103 416 2165 finem
428 2116 527 2157 rursus,
544 2101 582 2148 uti
593 2107 617 2148 et
628 2100 693 2148 Ben·

146 2180 220 2228 tleius
236 2188 339 2244 urguet,
360 2181 441 2243 aptius
460 2187 498 2228 est
514 2179 640 2242 epitheton
656 2195 695 2227 ea-

146 2261 225 2321 pacto.
259 2260 349 2323 Itaque
370 2260 396 2307 in
417 2273 446 2308 eo
466 2258 555 2306 vitium
572 2258 635 2306 verti
654 2273 694 2305 ar·

150 2337 235 2386 bitror.
263 2338 315 2386 Pro
324 2339 380 2400 fiae
388 2337 465 2387 MSS.
476 2337 598 2400 quaedam
607 2342 631 2383 et
641 2335 696 2385 Ser·

146 2417 206 2465 vius
222 2417 254 2464 ad
270 2416 363 2480 Virgil.
375 2416 423 2466 VI.
441 2416 507 2465 Aen.
528 2415 582 2465 152.
603 2415 696 2464 habeut

145 2499 211 2553 aede,
233 2502 258 2544 et
274 2495 413 2546 Commeat.
430 2495 569 2544 “destinata
584 2495 641 2543 sade
656 2510 695 2543 ra·

147 2574 214 2636 pacis
225 2572 307 2623 Orci.''
335 2575 401 2622 Hinc
412 2574 514 2623 fortasse
525 2572 695 2621 scribendum:

148 2653 263 2712 Raparia
283 2655 345 2702 Orci
361 2655 412 2715 leae
422 2655 558 2701 deetiaata.
575 2652 633 2700 Non
645 2665 695 2700 cer-

146 2731 193 2777 tior
210 2730 270 2777 aula
285 2736 369 2779 manet
385 2730 475 2778 herum
488 2730 602 2786 divitem,
620 2745 695 2792 quam

147 2823 212 2870 quae
228 2808 266 2856 illi
283 2810 405 2857 destinata
420 2818 457 2858 est
474 2809 529 2871 lege
546 2807 605 2858 Orci
622 2823 694 2870 rapa·

147 2888 188 2934 cis.
222 2887 323 2937 Gallim.
348 2888 435 2950 Epigr.
462 2887 497 2935 Π.
536 2886 565 2933 Al
591 2887 616 2936 di
642 2887 695 2934 real

147 2966 254 3021 ζώουσιν
270 2965 387 3028 ἀηδόνες,
408 2965 468 3031 ᾗσιν
490 2965 502 3012 ὁ
520 2966 626 3014 πάντων
639 2963 694 3028 Ἀρ-

149 3045 248 3110 πακτήρ
269 3044 353 3104 Ἀΐδης
378 3046 422 3094 οὐκ
444 3046 486 3094 ἐπὶ
512 3049 586 3108 χεῖρα
609 3044 694 3106 βαλεῖ.

148 3122 280 3186 Inscriptio
305 3124 371 3186 apud
398 3123 536 3173 Gruterum
559 3136 617 3185 pag.
639 3122 695 3170 689.

151 3204 232 3251 Orata
248 3204 344 3264 eripuit
360 3203 428 3251 mibi.
462 3202 565 3250 Petron.
585 3215 638 3263 cap.
656 3201 695 3248 34.

147 3297 192 3331 aar
209 3282 309 3346 arescet
329 3285 418 3333 Oreus.
451 3283 579 3347 Frequens
596 3284 621 3331 in
639 3284 696 3331 titu-

737 2023 841 2086 pretatio
855 2023 946 2086 optime
962 2021 1076 2069 convenit
1092 2020 1289 2069 sententiaeHo

737 2104 853 2151 ratianae.
888 2102 1074 2150 Perstrinxerat
1095 2099 1210 2156 divitem,
1231 2100 1289 2162 qui,

737 2182 850 2244 quamvis
867 2181 1001 2229 latissimos
1018 2192 1135 2241 agrorum
1149 2178 1212 2226 fines
1222 2192 1289 2226 oom-

736 2261 838 2323 plexus,
854 2261 947 2308 uicinos
958 2272 1078 2321 pauperes
1090 2258 1120 2305 dc
1130 2258 1179 2305 suis
1189 2272 1290 2320 quoque

737 2338 825 2400 agellis
836 2338 982 2402 expellebat.
1016 2339 1050 2386 Et
1061 2343 1144 2384 tamem
1156 2343 1213 2398 post
1224 2351 1289 2386 mor-

737 2425 787 2466 tem
804 2416 883 2465 nihilo
898 2418 955 2480 plus
972 2424 1052 2465 terrac
1062 2415 1205 2478 accipiebat,
1213 2430 1289 2477 quam

737 2497 916 2558 pauperrimus.
950 2495 1018 2545 Dicti
1040 2508 1145 2542 acumen
1167 2495 1289 2542 amultis

738 2575 874 2622 adhibitum
899 2581 944 2623 cst.
978 2574 1102 2622 Leonidas
1127 2573 1154 2621 in
1180 2573 1289 2622 Anthol.

738 2655 780 2705 lib.
798 2655 849 2703 111.
866 2669 920 2717 cap.
933 2655 956 2702 6.
974 2652 1002 2700 “O
1017 2653 1127 2718 aptarat
1140 2652 1208 2716 Γύγῃ
1220 2670 1287 2717 παρ-

737 2733 864 2796 ισεὺμενος
881 2733 975 2795 ὄλβον,
1004 2731 1017 2780 ὁ
1035 2733 1064 2779 τὸ
1085 2731 1147 2796 πρὶν
1163 2730 1287 2794 Βουπάμ-

737 2830 804 2875 μων,
831 2811 844 2858 ὁ
867 2811 929 2875 πρὶν
950 2811 1073 2867 πλούσιος
1094 2808 1238 2870 αἰπολίοις,
1259 2806 1289 2856 ‘0

739 2891 816 2954 πρὶν,
834 2891 858 2939 τί
876 2891 955 2939 πλείω
971 2887 1088 2953 poberip',
1107 2888 1149 2936 ἐπὶ
1162 2890 1226 2936 πᾶσι
1237 2906 1287 2952 μα-

738 2970 842 3032 capric,
866 2971 928 3029 Φεῦ,
950 2967 1025 3025 οὗτος
1046 2968 1120 3032 γαίης
1141 2966 1221 3015 ὅσσον
1238 2966 1290 3028 ἔχει

737 3048 833 3112 μόριον.
867 3047 992 3096 Arrianus
1013 3046 1109 3109 Exped.
1127 3045 1204 3094 Alex.
1223 3046 1288 3094 VII.

737 3141 761 3187 p.
780 3125 836 3173 442.
855 3125 912 3174 facit
944 3125 1020 3173 Indos
1037 3124 1158 3187 sapientes
1174 3124 1289 3173 Alexam

739 3207 784 3255 dro
809 3207 902 3254 dicere:
919 3200 1064 3251 ArroSavdrv
1080 3203 1203 3251 τοσοῦτον
1222 3203 1287 3250 καθ·

738 3275 805 3342 llere
823 3286 868 3342 τῆς
885 3285 945 3347 γῆς,
971 3281 1034 3330 ὅσον
1050 3281 1146 3344 ἐξαρκεῖ
1165 3279 1289 3345 ἐντεθάφ-

148 3360 179 3408 lis
197 3361 374 3424 sepulcralibus
391 3363 488 3426 ἥρπασε
497 3363 609 3426 Δαίμων.
626 3366 696 3412 Aula
737 3365 782 3411 θαι
807 3364 843 3426 τῷ
868 3363 971 3424 σώματι.
1005 3359 1098 3409 Vellei.
1124 3360 1223 3408 Patere.
1250 3359 1288 3408 11.

147 3439 593 3490 ctiamGraeccdesedemortuorum.
607 3441 695 3504 Eurip.
738 3443 794 3489 53..
814 3441 863 3488 Cui
893 3442 962 3488 ruodo
991 3441 1026 3487 ad
1053 3441 1185 3488 victoriam
1217 3445 1290 3488 terra

149 3517 244 3565 Alcest.
269 3518 326 3566 268.
356 3519 410 3581 ἄγει
433 3517 463 3581 μέ
489 3537 526 3576 τις
551 3521 646 3569 νεκύων
671 3521 696 3577 ἐς
737 3519 865 3582 dffuerat,
888 3522 973 3568 deerat
994 3520 1029 3567 ad
1048 3519 1198 3580 sepulcrum.
1226 3518 1288 3570 Vid,

148 3595 241 3644 αὐλάν.
276 3598 352 3657 Lepet
372 3604 397 3644 et
417 3599 530 3646 sedecia
547 3598 623 3649 MSS.
641 3614 696 3647 mu·
737 3599 871 3647 Ruhnken.
880 3598 950 3646 Ante
960 3611 1045 3646 omnes
1056 3597 1121 3645 favet
1131 3597 1201 3645 locus
1214 3595 1288 3646 Ovio.

150 3679 229 3731 tatae,
245 3681 268 3721 et
286 3674 393 3722 alterum
411 3691 455 3738 pro
472 3677 550 3725 altero
567 3692 583 3724 a
599 3677 696 3727 Criticis
737 3679 770 3726 V.
788 3679 890 3727 Metam.
911 3677 964 3725 134.
982 3677 1012 3724 de
1029 3676 1129 3735 Derim,
1150 3689 1199 3738 quo
1215 3689 1290 3724 neme

149 3766 221 3814 saepe
238 3753 372 3815 repositum
388 3761 432 3803 est.
466 3758 521 3804 Lea
542 3763 566 3804 et
586 3758 650 3819 leaeo
667 3759 697 3806 de
737 3754 813 3804 latius
834 3756 984 3818 possederat.
1022 3755 1089 3803 Huic
1110 3754 1190 3802 occiso
1211 3753 1289 3801 hostis

149 3847 226 3894 regno
241 3832 336 3881 inferno
353 3832 547 3896 frequentantur.
576 3835 696 3886 Albinor.
737 3836 771 3884 sic
789 3837 923 3884 insultans:
953 3837 1021 3895 Hoc,
1041 3837 1108 3896 quod
1127 3835 1235 3896 premit,
1252 3836 1289 3881 ia·

149 3913 221 3975 Eleg.
238 3913 259 3962 Ι,
277 3914 333 3962 360.
371 3916 462 3963 Omnia
484 3918 529 3964 cub
551 3919 613 3979 leqcc
633 3933 698 3966 aaut
737 3916 804 3978 quit,
821 3917 908 3963 habeto
928 3916 968 3961 De
983 3916 1201 3976 tataqristerrac.
1223 3912 1288 3966 Stat,

148 3998 220 4040 uocat
239 3998 300 4041 atra
317 4007 385 4041 cuae.
419 3993 531 4056 Propert.
548 3994 596 4043 IV.
618 3995 655 4045 ll.
672 3998 696 4046 3,
738 3991 800 4041 XII.
819 3993 896 4040 Theb.
908 3992 967 4039 328.
980 3993 1108 4052 proiectus
1119 3993 1212 4054 carpite
1222 3994 1290 4040 audo

153 4072 238 4128 Quam
252 4073 326 4120 semel
336 4071 450 4135 infernae
460 4073 595 4122 intrarunt
598 4073 697 4137 funera
740 4074 797 4120 Hac
815 4073 918 4134 patriae
939 4071 1038 4119 telluris
1064 4072 1143 4118 babes.
1180 4070 1289 4119 Ambro-

149 4151 219 4210 lepes.
254 4149 347 4199 Seneca
363 4151 465 4214 Thyest.
482 4152 522 4202 74.
552 4154 698 4216 Quicunque
738 4150 790 4198 sius
811 4148 884 4212 Oper.
907 4149 979 4197 Tam.
1002 4148 1023 4196 I.
1040 4163 1098 4211 pag.
1116 4149 1172 4198 565.
1190 4148 1290 4197 videtur

148 4241 241 4287 poeitae
258 4229 308 4289 lepe
325 4230 448 4276 Fatorum
465 4232 541 4278 datae
554 4233 618 4279 Pati
628 4234 695 4280 iube·
738 4230 869 4278 Horatium
886 4235 943 4278 ante
959 4228 1042 4278 oculos
1059 4227 1186 4276 habuisse:
1208 4230 1290 4278 Terra

151 4307 195 4352 rie.
230 4304 302 4354 ovid.
329 4306 362 4353 X.
389 4307 491 4356 Metam.
516 4311 573 4358 6b03.
609 4312 698 4359 Fatali
738 4312 815 4360 nescit
830 4310 899 4372 fiacr
921 4310 1099 4372 poesetrrbaum
1120 4308 1235 4371 sepulcra
1253 4310 1289 4356 ia·
