2916 5220
589 298 882 362 EPODON

343 490 462 576 Opima
481 488 567 574 quod
587 487 615 551 si
640 485 761 570 praeda
787 506 885 549 curvo
912 483 1007 547 litore

387 595 540 658 Porrecta
561 612 690 675 mergos
716 588 852 666 iuveris,

342 696 554 762 Libidinosus
579 691 808 757 immolabitur
831 713 941 778 caper,

392 800 437 864 m
460 820 547 883 agna
569 795 840 881 Tempestatibus.

161 913 235 963 ction.
252 913 349 964 Venus.
362 914 396 963 X.
414 913 464 960 iam
475 911 582 960 ostendit
596 908 709 957 Iuvenal.

162 993 209 1041 VI.
227 993 267 1042 92.
297 995 440 1056 Tyrrhenos
460 993 539 1053 ipitur
549 989 649 1052 fluctus
674 991 709 1035 lu-

162 1077 232 1134 teque
242 1079 371 1122 torrentem
389 1072 505 1120 Pertulit
516 1071 625 1118 Ionium.
644 1068 710 1116 Ben-

162 1149 235 1198 tleius
252 1150 285 1199 ibi
301 1156 373 1214 putat
392 1151 430 1199 vel
448 1149 537 1211 refingi
553 1154 710 1211 oportereso·

161 1245 264 1289 reorum,
281 1230 321 1278 rel
338 1245 370 1279 ex
387 1227 541 1278 antecedenti
551 1227 651 1288 fluctus
668 1226 709 1273 ad·

162 1308 231 1356 scisci
241 1309 361 1372 flroetum.
394 1307 522 1357 Iuvenalis
542 1313 608 1363 tum,
625 1304 710 1361 credo,

162 1386 300 1450 scripsisset
325 1389 424 1450 tuteque
447 1391 564 1435 smmutea
594 1384 711 1432 Pertulit

162 1467 262 1525 Ionios,-
286 1471 315 1512 ut
340 1464 434 1515 Catuli.
456 1464 540 1514 Carm.
557 1463 598 1511 82.
625 1462 711 1513 Ionios

155 1543 256 1605 fluctus
269 1558 331 1601 esse,
343 1546 387 1592 sed
397 1544 513 1592 Hionios.
546 1542 581 1590 Et
592 1539 710 1589 Valerius

162 1623 268 1671 Flaccus
293 1622 328 1671 V.
354 1623 410 1673 715.
445 1621 524 1670 utitur
555 1623 710 1684 Tyrrhenus.

162 1701 294 1751 claudian.
320 1701 356 1749 ΙΙ,
382 1701 489 1763 Eutrop.
516 1700 573 1749 333.
606 1703 710 1764 Aeaeus.

162 1781 211 1831 Sed
233 1782 299 1830 Ionii
316 1781 342 1827 in
360 1793 449 1842 genere
461 1779 599 1828 masculino
610 1781 709 1829 nullum

163 1859 232 1906 aliud
254 1864 292 1907 est
309 1858 461 1921 exemplum.
494 1859 562 1906 Nam
579 1873 611 1907 ex
628 1861 711 1917 Ionii,

163 1939 250 1996 Ionio,
267 1940 370 1987 Ionium
386 1937 448 1985 nihil
465 1936 564 1985 efficias.
597 1937 632 1985 Et
648 1938 711 1986 deri·

162 2021 254 2063 vantur
262 2015 293 2063 ab
306 2018 415 2073 Ionium,
424 2030 474 2064 non
483 2015 514 2063 ab
524 2017 620 2065 Ionius.
638 2016 711 2077 Quod

162 2096 212 2143 iam
229 2095 368 2143 Burmanni
385 2094 612 2143 observaruntadl.
622 2095 639 2143 l.
651 2095 710 2144 Val.

162 2176 255 2232 Flacci,
263 2174 499 2237 etadPropert.III.
509 2176 532 2223 9.
541 2175 581 2225 72.
587 2175 711 2223 Burman·

163 2252 710 2316 nusparumconsideratescripsitadAnthol.

164 2332 195 2382 Τ.
213 2333 234 2382 Ι.
252 2348 276 2396 p.
297 2333 350 2380 114.
368 2333 495 2394 eleganter
512 2333 560 2381 dici
576 2335 666 2382 Ioutua
683 2340 711 2382 ut

164 2415 268 2475 Aepeus.
302 2411 352 2461 Sed
369 2412 394 2458 in
406 2425 480 2459 uersu
490 2411 629 2459 Horatiano
639 2412 712 2460 nulla

163 2496 201 2540 est
217 2489 359 2539 difficultas.
393 2490 469 2539 Recte
489 2491 556 2538 enim
576 2492 647 2538 rium
666 2492 709 2539 Io·

88 2613 100 2630 ,
162 2573 228 2619 uiua
261 2569 347 2629 Alias,
373 2574 445 2633 puto,
462 2569 575 2617 dixisset:
603 2570 710 2616 Ionium.

163 2647 222 2696 Non
239 2649 331 2711 potuit,
357 2648 405 2696 niu
427 2663 501 2697 versu
521 2652 630 2704 mutato,
647 2662 672 2694 v.
690 2662 710 2695 c.

165 2729 268 2776 Ionium
288 2730 316 2777 iu
338 2730 387 2776 udo
407 2742 463 2776 curu
485 2728 626 2789 rumupieus
644 2729 711 2775 sinu

165 2806 279 2856 Secunda
299 2808 390 2869 quippe
408 2806 434 2854 in
451 2808 553 2854 loretum
570 2806 711 2868 corripitur,

165 2891 194 2932 ut
210 2884 312 2942 Ἰόνιον,
330 2900 378 2933 uon
396 2884 501 2934 Ἰώνων.

198 2965 324 3012 Porrecto
340 2977 434 3025 merpos
449 2963 552 3010 iuveris.
586 2962 712 3011 Franeke

165 3056 256 3089 rauum
282 3041 339 3091 MS.
359 3044 460 3091 iuverit.
495 3044 592 3090 Iucore
612 3042 643 3090 de
659 3041 712 3090 cibo

165 3128 190 3169 et
206 3129 267 3184 potu
284 3136 356 3185 saepe
373 3127 515 3184 usurpatur.
553 3120 638 3169 Plaut.
666 3121 712 3171 Ca-

165 3200 225 3263 ptiv.
243 3201 305 3281 1.,2.
322 3203 362 3249 33.
398 3203 484 3262 Neque
507 3216 619 3262 unquam
643 3203 713 3262 quid·

165 3296 241 3342 quum
258 3297 297 3329 me
312 3283 393 3337 iuoot,
409 3282 475 3342 quod
491 3281 535 3327 edo
550 3280 624 3327 douai.
650 3278 713 3327 Stat.

167 3359 214 3408 IV.
239 3360 302 3409 Silv.
320 3362 344 3408 9.
362 3362 401 3409 51.
436 3361 492 3406 Aut
513 3373 568 3406 curra
592 3373 629 3405 rue
649 3359 714 3420 depe

166 3439 259 3488 iuveris
271 3443 361 3502 optma.
395 3438 516 3500 Quinctil.
534 3437 581 3485 IX.
600 3437 713 3486 Declam.

170 3520 206 3567 15.
242 3519 269 3566 Si
294 3521 415 3567 ttonriueru
436 3521 489 3568 cibo
504 3519 628 3565 iuvissent.
662 3517 714 3565 Pro

165 3602 284 3658 porrecta
307 3597 391 3645 Bentl.
417 3597 474 3645 vult
496 3599 616 3660 proiecto.
658 3599 714 3660 Ego

168 3676 207 3724 hic
229 3676 255 3724 in
270 3681 388 3739 porrecta
404 3675 460 3738 plns
477 3689 530 3724 esse
546 3681 619 3737 puto,
639 3692 714 3739 quam

168 3755 193 3802 in
208 3757 335 3816 proiecte:
362 3755 441 3803 maior
463 3755 500 3802 vis
521 3762 545 3803 et
562 3761 714 3814 contemtus,

166 3842 294 3898 porrecta,
314 3842 422 3899 quantus
435 3841 489 3885 erat
502 3835 627 3895 Maevius;
644 3851 715 3898 para-

169 3916 218 3963 tior
235 3915 339 3964 facultas
356 3916 473 3975 verandi,
498 3915 570 3980 quia,
595 3915 638 3978 qui
658 3931 714 3978 por-

751 913 835 956 rectus
860 908 935 966 iacet,
961 908 1024 957 iacet
1048 908 1173 971 supinus,
1198 906 1303 970 pedibus

751 986 871 1044 extentis,
897 988 971 1036 vultu
994 994 1020 1036 et
1044 987 1123 1036 oculis
1150 986 1302 1049 conspicuis,

750 1080 811 1129 quos
828 1081 886 1114 ares
902 1080 1003 1130 rapaces
1014 1067 1160 1131 praesertim
1173 1071 1302 1128 appetunt.

751 1147 826 1195 Talia
844 1146 965 1194 Latinum
989 1147 1088 1209 po'etam
1108 1145 1221 1208 cogitare
1239 1143 1303 1190 arbi·

751 1232 811 1284 tror,
836 1227 856 1274 si
881 1226 912 1275 de
937 1225 1050 1288 eligendo
1071 1223 1196 1274 vocabulo
1216 1237 1301 1271 secum

750 1305 879 1354 deliberat.
913 1306 944 1353 In
969 1304 1075 1353 Horatio
1094 1303 1197 1368 quidem
1218 1302 1304 1350 omnia

751 1384 829 1434 MSS.
846 1384 939 1434 habeut
952 1389 1078 1446 porrecte.
1113 1382 1164 1432 Sed
1181 1382 1303 1443 exiguum

752 1463 883 1512 discrimen
900 1478 950 1511 non
968 1476 1086 1520 morarer,
1103 1462 1123 1509 si
1140 1461 1252 1509 alterum
1265 1475 1300 1509 es-

751 1547 788 1591 set
804 1543 900 1592 meiius.
934 1541 1034 1592 centies
1050 1544 1240 1602 permutantur;
1260 1553 1302 1586 ex-

751 1621 834 1684 empla
850 1628 875 1670 et
890 1621 969 1669 fontes
989 1619 1163 1682 exemplorum
1180 1624 1303 1666 monstrat

750 1701 890 1749 Burmann.
908 1699 940 1747 ad
956 1697 1116 1761 PropertII.
1133 1699 1158 1748 7.
1171 1699 1212 1747 22.
1239 1697 1300 1747 Sen-

752 1779 830 1828 tentia
845 1779 893 1827 loci
909 1778 959 1826 fere
975 1792 1072 1840 semper
1089 1776 1196 1836 indicat,
1216 1784 1301 1824 utrum

751 1866 867 1922 praestet.
908 1858 986 1907 Multi
1015 1857 1179 1919 interpretes,
1203 1865 1303 1920 praeter

752 1938 884 1986 Heinsium
897 1943 922 1986 et
932 1936 1034 1986 Heinsio
1046 1935 1153 1992 similes,
1171 1935 1218 1984 hoe
1230 1951 1302 1998 saepe

751 2016 972 2080 praeterviderunt.
1005 2016 1170 2064 Burmannus
1189 2031 1214 2064 r.
1231 2030 1253 2064 c.
1271 2016 1301 2062 ad

752 2097 858 2145 Anthol.
876 2097 907 2145 T.
919 2096 940 2144 Ι.
958 2112 981 2158 p.
996 2096 1049 2144 109.
1067 2094 1110 2142 ubi
1127 2094 1237 2157 Myrrha
1249 2112 1301 2143 rriu-

752 2182 810 2226 tatu
829 2179 857 2225 irc
872 2176 998 2238 fruticem
1016 2176 1132 2236 proiecte
1145 2173 1237 2236 fiqura
1258 2183 1302 2222 est.

752 2255 858 2304 Riviuus
867 2260 932 2303 recte
940 2253 1082 2302 emendavit
1088 2257 1216 2314 porrecta.
1237 2253 1302 2300 Bur-

751 2349 871 2393 mannus,
895 2333 998 2382 laudata
1016 2332 1126 2395 primum
1142 2331 1303 2389 coniectura,

751 2415 839 2463 deinde
869 2413 952 2463 addit:
982 2413 1121 2460 “Proiecto
1149 2416 1235 2458 tamen
1258 2423 1303 2472 pro

752 2499 864 2551 extenta,
879 2497 1028 2554 exporrecta
1039 2491 1113 2539 ctiam
1124 2489 1189 2536 bene
1200 2503 1226 2537 se
1237 2490 1304 2537 tueri

751 2578 832 2636 potest
851 2585 884 2619 ex
900 2569 943 2630 iis,
963 2584 1025 2633 quae
1050 2569 1080 2618 de
1102 2566 1150 2616 hoc
1167 2569 1245 2616 verbo
1261 2569 1302 2615 ob-

752 2653 859 2701 servavit
875 2650 1017 2698 Macrobius
1030 2648 1132 2697 Saturn.
1142 2647 1194 2695 VI.
1211 2650 1233 2697 4.
1260 2646 1303 2694 ubi

753 2731 817 2779 inter
837 2730 887 2778 alia
909 2730 936 2776 in
956 2728 1096 2791 fragmento
1119 2727 1239 2776 Sisennae
1260 2727 1302 2773 ha-

753 2810 810 2858 bes:
832 2809 930 2858 “Vetus
956 2814 1029 2870 atque
1054 2809 1143 2870 ingens
1159 2812 1214 2854 erat
1231 2805 1304 2853 arbor

753 2889 820 2948 ilex,
837 2903 901 2954 quae
918 2888 1012 2936 circum
1027 2887 1141 2949 proiectis
1158 2885 1235 2933 ramis
1251 2900 1304 2932 ma-

753 2967 828 3015 iorem
858 2973 954 3030 partem
982 2966 1031 3013 loci
1059 2965 1151 3012 summi
1179 2963 1303 3026 tegebat.”

753 3045 821 3107 Quid
837 3044 994 3094 Macrobius?
1024 3045 1213 3104 “Proiectoque
1238 3056 1304 3089 seua

755 3125 882 3185 Pachyni.
917 3125 1036 3171 Proiecto
1053 3120 1074 3168 si
1091 3120 1231 3169 secuudum
1247 3133 1305 3167 con·

753 3201 911 3251 suetudinem
920 3201 1025 3259 dicatur,
1033 3199 1303 3262 intelligiturabiecta:

753 3283 773 3330 si
798 3281 933 3330 secundum
958 3285 1062 3336 veteres,
1078 3281 1207 3340 proiecto,
1231 3293 1305 3341 porro

753 3361 841 3410 iacta.''
884 3360 952 3408 Tum
978 3358 1065 3406 laudat
1090 3359 1203 3419 proiecto
1225 3360 1305 3419 pede,

752 3443 872 3503 proiectis
887 3441 979 3496 scutis,
997 3439 1120 3499 proiectis
1136 3438 1231 3494 rarius,
1247 3451 1305 3500 pro·

753 3522 820 3568 iectu
835 3521 953 3582 corporis.
986 3518 1056 3566 Haec
1077 3517 1097 3564 si
1119 3516 1173 3579 quis
1194 3522 1306 3564 mutaret

753 3600 778 3647 in
793 3605 909 3660 porrecto
923 3599 986 3660 pede
1002 3603 1064 3645 caet.
1086 3610 1137 3644 non
1153 3596 1220 3643 idem
1238 3595 1304 3642 dice-

754 3685 803 3737 ret,
825 3685 850 3726 et
873 3678 914 3725 hic
939 3676 1102 3724 Latinitatem
1124 3686 1306 3738 corrumperet.

755 3757 796 3807 Sic
820 3763 857 3806 est
881 3758 906 3804 in
931 3755 1047 3818 exemplo
1073 3754 1211 3816 Myrrhae,
1231 3770 1306 3817 quae,

755 3842 852 3882 mutata
868 3835 960 3898 figura,
978 3834 1121 3897 percipitur
1137 3832 1163 3879 in
1180 3833 1307 3889 arborem,

756 3919 780 3961 et
797 3914 870 3962 arbor
886 3912 952 3961 facta
968 3926 1026 3960 suos
1043 3926 1126 3960 ramos
1140 3914 1254 3974 proiicit.

655 4135 807 4162 -QOO—
