2916 5220
575 311 893 378 (JARMINUM

356 504 465 566 litterar
482 524 603 587 ponere
625 522 672 565 me
694 499 817 579 choros,

390 607 435 670 Et
457 609 521 669 iata
543 604 634 669 (kata
655 607 758 668 minas
779 601 922 667 moreleor
946 600 1059 666 invido.

349 707 393 790 Ο,
412 707 588 773 testudinis
612 728 727 771 aureae

395 810 534 876 Dulcem
559 832 641 895 quae
665 808 859 893 strepitum,
884 806 988 888 Pieri,
1013 810 1193 891 temperas,

350 912 378 979 Ο
401 914 502 978 mutis
527 934 655 997 quoque
678 910 823 996 piscibus

394 1016 565 1080 Donatura
589 1015 698 1098 cycni,
724 1013 752 1079 si
776 1013 893 1096 libeat,
919 1012 1053 1077 sonum!

350 1119 468 1183 Totum
491 1118 635 1183 muneris
658 1119 719 1182 hoc
744 1117 794 1182 tui
817 1122 885 1199 est,

394 1221 489 1301 Quod
512 1225 676 1285 monstror
699 1219 806 1305 digito
828 1218 1109 1305 praetereuntium

349 1324 516 1389 Romanae
539 1324 658 1389 fidicen
681 1324 785 1408 lyrae:

394 1427 489 1507 Quod
513 1427 601 1513 spiro
631 1433 665 1493 et
685 1427 869 1513 placeo‚'si
892 1427 1023 1512 placeo,
1047 1431 1144 1492 tuum
1167 1431 1231 1491 est.

170 1569 250 1624 bium,
263 1567 344 1615 tenuis
355 1567 409 1614 laus
422 1574 466 1623 est,
477 1581 554 1630 quum
566 1567 647 1615 Roma
659 1573 723 1614 esset
761 1568 845 1623 dente,
865 1581 916 1614 non
932 1565 1047 1615 convenit
1062 1578 1121 1612 cum
1138 1564 1312 1626 sequentibus,

171 1649 323 1710 caputorlris
332 1648 426 1695 donriti
440 1646 507 1694 Tum
518 1648 721 1706 subolesRomae,
761 1662 799 1694 me
820 1647 1063 1707 diqitomomtrant
1087 1648 1112 1692 ct
1128 1645 1199 1705 spiro
1216 1648 1243 1692 et
1258 1645 1312 1704 pla·

171 1727 312 1775 obscurum.
350 1725 404 1774 Alii
425 1741 500 1788 aenea
525 1728 648 1787 aequata,
671 1727 721 1774 Ne·
759 1740 805 1774 ceo.
839 1724 902 1772 Mox
918 1737 963 1785 pro
988 1724 1100 1771 eiiordeor
1124 1721 1152 1769 in
1176 1736 1230 1771 uno
1256 1721 1312 1773 MS.

171 1819 274 1861 renum,
296 1804 339 1852 alii
355 1806 482 1854 unitatae
499 1807 627 1854 Romanos
644 1805 719 1854 inter·
758 1806 809 1852 vidi
825 1806 950 1861 enodator,
967 1802 993 1850 in
1010 1803 1089 1851 altaro
1105 1802 1212 1850 medeor.

171 1889 307 1946 pretiantur.
341 1883 467 1932 Neutrum
493 1884 582 1932 Latine
604 1885 663 1932 satis
684 1885 720 1933 di·
795 1878 1311 1931 Totammunerithoctuiest.12enius

171 1968 240 2010 ctum
273 1969 318 2011 est.
366 1963 457 2011 Minue
490 1965 603 2012 ntordeor
635 1964 720 2013 incido
759 1968 869 2010 sonaret:
894 1962 984 2011 Totum
1002 1964 1046 2010 aaa
1062 1961 1175 2008 muneris
1191 1965 1233 2009 eet
1251 1959 1296 2007 tui.

658 2105 822 2129 —Qofi—

563 2245 808 2311 OARMEN
855 2245 911 2309 IV.

349 2380 495 2465 Qualem
519 2397 711 2462 ministrum
733 2396 883 2461 fulminis
907 2396 1040 2478 alitem,

357 2500 417 2565 Cui
439 2524 498 2565 rea
520 2503 662 2566 Deorum
683 2523 810 2588 repetem
834 2505 868 2565 io
890 2522 963 2565 coes
985 2521 1082 2586 aayas

338 2695 491 2745 CARMEN
509 2698 550 2746 IV
760 2669 866 2716 nistrurn
891 2667 967 2715 sensit
996 2666 1092 2728 Iupiter
1117 2665 1229 2728 equilum
1255 2664 1314 2713 fide

552 2736 557 2746 '
761 2749 811 2797 lem
829 2755 853 2796 et
869 2747 958 2796 fortem
975 2747 1000 2794 iu
1017 2744 1134 2807 rapiendo
1151 2744 1313 2808 Ganymede,

209 2790 275 2878 Oai
290 2839 336 2872 rea
358 2826 472 2874 Deorum
492 2843 596 2889 requam
616 2830 644 2875 in
664 2843 722 2876 aree
761 2828 838 2876 talem
848 2841 945 2876 sensere
956 2824 1047 2874 Rhoeti
1058 2823 1187 2872 Vindelici
1197 2823 1313 2872 Drusum

173 2918 257 2964 onyas.
293 2902 407 2952 Primam
429 2920 546 2954 versuum
563 2908 720 2970 interpolato
762 2906 921 2955 bellantem.”
955 2904 1021 2954 Cum
1041 2903 1147 2952 Horatio
1167 2917 1314 2966 comparan-

174 2995 231 3028 rum
256 2982 421 3044 suspicionem
442 2985 504 3032 mihi
521 2986 640 3035 excitavit
656 3002 721 3035 com-
762 2987 809 3034 dus
829 2993 866 3034 est
886 2984 1007 3046 Quinctil.
1024 2983 1060 3032 II.
1077 2984 1101 3035 7.
1136 2983 1226 3031 Simile
1243 2983 1314 3045 quid·

172 3059 308 3120 partitionis
325 3061 462 3124 longitudo.
495 3066 627 3114 Enarratio
639 3074 721 3116 autem
762 3069 821 3115 mim
831 3067 959 3130 facientes
976 3079 1034 3112 aves
1050 3063 1188 3119 canimus,
1204 3077 1271 3124 quae
1281 3069 1314 3111 te·

174 3137 274 3188 fabulae
291 3148 343 3188 tam
364 3142 479 3189 convenit
503 3143 602 3205 ingenio
629 3143 719 3193 Gram-
762 3147 830 3194 aeras
863 3144 1019 3207 infirmisque
1041 3142 1154 3206 foetibus
1181 3142 1248 3190 eibos
1273 3156 1315 3190 ore

173 3219 271 3278 matini,
289 3234 363 3283 quam
380 3222 463 3270 aliena
479 3225 721 3286 estareproposita.
761 3241 805 3274 sao
830 3226 931 3273 collatos
954 3223 1121 3285 partiuntur:
1143 3225 1248 3267 etcum
1265 3220 1315 3267 viat

172 3297 277 3360 Frigida
293 3300 445 3361 parenthesis
462 3301 534 3349 nain
551 3302 659 3349 oratione
670 3302 723 3363 qui·
762 3310 823 3352 sant
839 3305 938 3362 adulti,
957 3304 1075 3365 paullum
1096 3300 1180 3361 eareat
1199 3299 1269 3346 aidis
1290 3303 1314 3346 et

172 3375 229 3423 dem
254 3378 361 3439 pedestri
386 3378 486 3427 tolerari
511 3386 600 3441 posset.
634 3381 723 3444 Neque
762 3385 940 3433 circanraotare
956 3385 1036 3430 eedem
1052 3381 1125 3428 illam
1138 3379 1314 3440 praecedentes

173 3454 218 3502 illa
234 3456 293 3503 satis
310 3463 376 3504 recte
397 3459 543 3519 procedunt:
570 3459 666 3508 “Sicuti
687 3461 722 3507 iu·
761 3464 830 3525 iprae
850 3465 950 3512 decent:
977 3467 1032 3509 tum
1052 3462 1171 3520 expertae
1192 3459 1261 3504 vires
1283 3457 1313 3504 a·-

173 3534 242 3581 venis
260 3533 357 3596 aquila,
382 3535 423 3583 cui
449 3536 544 3599 Iupiter
569 3553 675 3600 regnum
696 3541 722 3587 in
763 3544 819 3590 bero
843 3543 907 3590 coeto
932 3553 1039 3602 eumque
1064 3539 1178 3598 ipsoram
1195 3535 1313 3596 fiduciae

173 3626 231 3659 aves
248 3612 326 3669 dedit,
351 3612 411 3675 quia
431 3612 529 3662 fidelem
552 3623 669 3678 expertus
686 3624 723 3665 est
761 3621 921 3681 permittunt.
954 3619 989 3666 Et
1013 3615 1158 3667 Guntherus
1179 3614 1271 3677 Ligur.
1293 3614 1314 3663 I.

173 3693 199 3739 in
218 3692 387 3756 Ganymede.”
420 3691 486 3740 Nam
513 3693 552 3741 hic
577 3709 658 3758 nequa
682 3698 717 3744 in·
762 3700 819 3750 677.
855 3701 935 3761 Reyr'a
956 3700 993 3746 sic
1013 3696 1134 3754 volueris,
1152 3695 1255 3755 prtinus
1272 3696 1315 3744 ubi

174 3770 253 3833 telligi
270 3778 349 3834 potest
366 3771 451 3820 eadem
468 3772 564 3835 aquila,
585 3775 627 3823 sed
644 3791 722 3838 genus
762 3793 871 3826 creseere
890 3779 991 3839 plumas
1017 3775 1140 3831 Artatus,
1165 3779 1191 3822 et
1215 3779 1315 3822 teneros

175 3851 327 3913 aquilarum:
353 3856 378 3899 et
402 3864 465 3913 quae
491 3851 663 3915 Ganymedem
684 3870 721 3902 ra·
763 3860 893 3906 durescere
920 3856 1024 3903 tenerit
1054 3867 1160 3916 aeques,
1192 3853 1315 3900 Naturae

173 3930 240 3992 puit‚
258 3945 307 3978 non
328 3930 420 3993 primos
442 3930 511 3978 nisus
532 3932 657 3990 tentabat,
679 3934 722 3981 scd
762 3942 874 3986 sectatur
890 3937 954 3984 tter:
975 3934 1027 3981 tam
1052 3933 1152 3993 tamque
1174 3935 1315 3992 pareatum

173 4007 224 4055 iam
241 4015 294 4057 crat
314 4009 422 4057 robusta.
457 4008 531 4069 Quod
555 4013 667 4075 sequitur
693 4013 722 4060 de
766 4016 857 4077 Officio
878 4013 1013 4063 contemnit
1034 4012 1084 4069 ali,
1101 4011 1209 4071 nidoque
1224 4011 1315 4057 relicto

173 4088 259 4135 eadem
276 4089 374 4153 aquila,
394 4104 453 4138 mox
471 4090 576 4153 impetus
593 4093 617 4139 in
634 4091 720 4141 draco·
763 4096 917 4156 Eareatitar,
945 4106 1073 4153 parvoque
1098 4091 1178 4151 pudet
1207 4089 1316 4137 latuisse

174 4181 217 4215 nes
238 4169 384 4227 meditante,
409 4169 455 4216 hoc
475 4169 649 4219 difficultatem
670 4186 721 4220 non
762 4174 854 4221 cubili:
878 4169 942 4220 Moe
965 4170 1058 4232 confisa
1074 4170 1133 4225 sihi,
1150 4181 1236 4216 securo
1255 4172 1316 4214 tuta

174 4245 248 4307 plane
281 4247 354 4294 tollit.
398 4247 464 4295 Hinc
497 4248 720 4311 interpretationes,
761 4253 857 4312 volatu,
884 4253 939 4301 Aut
963 4252 1070 4312 leporem
1094 4253 1203 4297 cenatur
1226 4249 1312 4310 apris,

173 4324 253 4386 qualis
270 4341 293 4373 v.
311 4340 332 4374 c.
351 4325 501 4376 Commeat:
528 4328 652 4391 “Qualem
672 4331 717 4379 mi·
761 4336 808 4378 aut
825 4333 923 4381 atam
938 4347 1044 4395 cypetum
1064 4329 1193 4392 Corripit,
1214 4332 1238 4376 et
1254 4343 1314 4390 pro-
