2916 5220
644 276 951 342 CARMINUM

416 467 458 529 'l'a
480 485 601 549 seraper
624 467 723 528 anteit
746 485 840 529 saeua
863 464 1060 545 Necessitas,

415 567 527 633 Claros
549 565 686 633 trabales
707 577 737 632 et
759 588 870 633 careas
891 589 987 633 amaa

460 670 595 736 Gestaas
617 676 715 753 aiae,
739 691 794 735 aec
817 692 941 737 secans

503 774 607 838 Uarus
630 772 715 839 adea
744 773 951 859 liquidamque
967 773 1136 858 plumbum.

412 877 454 942 Te
478 877 559 962 Spes
590 883 624 941 et
647 876 721 942 albo
745 898 817 941 rara
841 876 939 941 Fides
963 876 1042 942 colit

232 1052 301 1102 quor.
328 1037 379 1099 Qui
390 1039 425 1087 aet
438 1053 511 1086 orma
526 1043 693 1086 carsaatnon
707 1042 781 1099 egent
854 1038 930 1085 Rara
949 1040 1025 1088 Fides
1041 1041 1108 1088 colit.
1144 1040 1230 1095 Fides,
1248 1045 1276 1086 ut
1293 1041 1369 1101 Spes,

232 1119 324 1166 maiore
345 1117 510 1166 incitamento.
547 1118 582 1165 Et
601 1116 708 1180 populus
724 1116 780 1180 fre·
821 1115 861 1162 hio
878 1124 936 1165 sunt
953 1117 1034 1173 Deae,
1051 1118 1151 1166 comites
1162 1118 1297 1167 Fortunae.
1314 1118 1371 1167 Dea

232 1211 310 1259 queas
326 1210 376 1244 non
393 1203 474 1245 totum
485 1197 586 1245 omnino
597 1196 728 1260 populum,
739 1211 779 1246 ne
825 1195 906 1256 Fides,
923 1211 987 1244 rara
1003 1195 1124 1259 appellari
1140 1210 1191 1244 non
1207 1202 1299 1259 potest,
1310 1196 1371 1258 quia

233 1276 300 1324 mine
316 1281 431 1338 excepto,
451 1276 559 1337 iudicat,
578 1276 621 1324 sed
637 1276 713 1338 louge
728 1290 780 1323 ms·
820 1291 872 1324 nna
888 1277 961 1325 modo
978 1283 1015 1325 est
1031 1277 1094 1326 Dea.
1115 1276 1254 1324 Mitscherl.
1272 1287 1371 1337 quoque

233 1355 329 1402 ximam
344 1355 431 1418 populi
446 1361 554 1418 partem,
569 1354 780 1418 paucisexceptis.
821 1353 946 1418 duplicem
975 1356 1045 1404 Deae
1069 1361 1093 1403 ct
1120 1355 1218 1403 virtutis
1242 1352 1371 1402 messmam

234 1432 347 1496 Populus
363 1439 498 1496 tyrannum
515 1433 638 1497 opprimit.
667 1434 782 1482 Maxima
821 1433 956 1496 imaginem
972 1433 1136 1496 reprehendit.
1161 1432 1193 1481 In
1206 1432 1370 1482 Anal.T.II.

233 1527 291 1575 pars
308 1513 358 1560 iam
375 1518 472 1561 armata
488 1526 542 1569 ecs,
559 1513 602 1575 qui
619 1512 701 1561 adhuc
717 1514 780 1561 iner·
821 1527 845 1575 p.
863 1513 924 1571 693,
949 1513 1112 1561 imitationem
1131 1512 1256 1561 Martialis
1273 1511 1308 1559 X.
1326 1512 1371 1568 78,

235 1606 286 1641 mes
303 1596 374 1650 sunt,
389 1591 502 1640 eoncitat.
536 1589 780 1640 Audiuuturvoces·¹
821 1593 939 1650 ostendit,
960 1593 1035 1654 inque
1051 1606 1081 1640 ea
1098 1592 1249 1654 acquiescere
1265 1590 1371 1638 videtur.

234 1674 297 1733 qaid
320 1687 394 1721 arma
418 1685 507 1732 capere
531 1671 649 1719 cessatis?
686 1671 782 1719 Animo
822 1669 1372 1728 Martialiszlbislitoreae,Macer,Saloaaa,

234 1751 344 1813 cupienti
359 1751 422 1799 nihil
439 1748 645 1801 satissestinatur.
671 1749 714 1800 Sic
726 1751 781 1800 An·
823 1752 880 1801 Ilrit
906 1766 970 1800 rara
987 1751 1054 1813 fiaes
1082 1764 1199 1812 aramque
1227 1750 1303 1806 recti,
1334 1749 1373 1796 Et

234 1829 341 1892 drogeus
367 1829 433 1891 apud
457 1827 550 1889 Virgil.
575 1827 611 1879 ΙΙ.
637 1829 703 1878 Aen.
724 1830 781 1880 373.
822 1843 904 1879 secum
921 1833 1035 1881 comitem
1051 1829 1137 1877 trahet
1153 1827 1281 1889 pudorem.
1305 1828 1373 1877 Saar-

236 1910 380 1963 Festiaate,
397 1907 455 1955 ciri.
487 1908 556 1955 Nam
571 1922 636 1969 qaae
656 1915 709 1957 ram
725 1923 783 1957 sera
820 1923 868 1970 per
884 1910 1022 1970 pauperior
1038 1910 1105 1958 redit
1119 1911 1240 1968 patratas.
1271 1905 1372 1955 Mitsch.

235 1991 351 2035 moratur
376 1985 512 2047 separarat
540 1986 587 2033 alii
610 1989 717 2047 rapiant
744 1989 783 2037 irs·
822 1986 900 2036 edidit
917 1989 1013 2048 Fidus
1022 1989 1162 2042 Pastorem,
1181 1983 1274 2033 faciens
1289 1999 1372 2048 perso

234 2079 310 2114 caesa
323 2064 464 2126 seruatque
485 2066 625 2127 Perpama:
650 2081 691 2116 aas
711 2069 784 2117 celsis
823 2079 881 2125 nus,
897 2080 1006 2114 amarem
1022 2069 1098 2122 recti,
1115 2064 1206 2112 faciens
1222 2078 1282 2112 rem.
1316 2064 1373 2126 Ego

235 2157 302 2193 aare
310 2145 422 2206 primam
435 2158 451 2190 a
461 2144 635 2194 metieritis?
646 2152 670 2197 et
681 2147 728 2195 IV.
736 2146 783 2197 Ge·
822 2144 932 2207 primum
948 2145 1070 2194 contendo
1080 2142 1224 2194 Martialem
1235 2143 1372 2205 scripsisse:

235 2236 289 2284 org.
306 2223 347 2273 67.
369 2238 427 2271 uam
451 2236 525 2284 saepe
549 2224 645 2272 danlae
674 2227 784 2287 Repibcs
824 2224 880 2270 Ibit
892 2224 993 2271 litoreas
1005 2221 1095 2273 Macer
1107 2223 1224 2279 Salonas,
1243 2222 1298 2270 Iiit
1308 2237 1373 2270 rara

235 2303 337 2353 incessit
353 2317 441 2364 empna
457 2303 584 2351 decorata
600 2309 684 2364 mota,
697 2303 783 2353 Capti·
818 2301 884 2362 fldes
904 2317 1021 2365 amorque
1042 2303 1115 2362 recti,
1138 2303 1178 2350 Et
1198 2317 1279 2350 secum
1300 2302 1373 2350 conri-

235 2395 332 2443 rtuoque
356 2381 453 2430 artinas
476 2383 545 2442 vulpi
570 2387 596 2431 et
627 2385 784 2447 trepidantia
824 2385 874 2429 tem
899 2383 1003 2430 tratrem
1029 2383 1157 2429 Pastorem
1182 2382 1285 2442 Semper
1309 2395 1373 2442 paa-

236 2461 298 2509 bello
323 2460 409 2509 Corda
430 2459 488 2510 licet
513 2462 582 2523 lonpe
605 2461 781 2524 praesciscere:
821 2461 907 2521 perior
938 2461 1006 2509 rodit
1031 2462 1157 2508 Potestas.
1196 2458 1295 2508 Deinde
1317 2472 1373 2507 cou-

235 2554 343 2602 aamque
366 2545 493 2589 morantes
515 2540 634 2589 Martiae
658 2541 701 2591 ille
717 2541 785 2589 aeris
824 2539 909 2597 tendo,
935 2554 1023 2587 raram
1036 2538 1128 2600 fidem,
1153 2538 1189 2587 ite
1210 2553 1268 2587 curu
1290 2553 1375 2589 amore

235 2619 309 2666 rauci
324 2633 401 2666 aanor
417 2620 539 2681 increpat.
824 2619 884 2666 recti
904 2619 930 2666 in
952 2617 1039 2666 Macro
1060 2618 1231 2673 coniunctam,
1248 2617 1310 2665 bene
1332 2619 1374 2666 ad·

273 2698 308 2744 Te
327 2712 424 2759 seraper
440 2699 521 2746 anteit
536 2713 606 2747 saeue
633 2698 783 2747 Necessitas.
824 2695 886 2758 spici
906 2711 975 2760 posse
995 2698 1067 2761 quasi
1088 2697 1157 2745 dotes
1178 2697 1265 2756 animi,
1283 2699 1373 2747 Potae·

236 2773 317 2823 Credo
337 2774 398 2823 haec
418 2777 477 2826 ficta
498 2790 549 2825 esse
569 2774 600 2824 ab
620 2775 716 2840 aliquo,
741 2779 785 2840 qui
826 2780 903 2824 tatem
917 2776 1008 2839 (ipsum
1017 2773 1302 2838 Macrum‚praeiectum
1312 2775 1375 2825 Del·

236 2852 343 2915 legerat,
365 2854 424 2916 quid
445 2869 517 2917 saepe
537 2856 564 2905 in
580 2855 692 2903 tumultu
708 2869 784 2918 popu·
825 2853 925 2917 matis-e)
958 2869 1016 2903 cum
1045 2855 1134 2902 comite
1160 2856 1279 2912 Pudore,
1304 2856 1375 2917 quasi

236 2929 284 2979 lari
302 2932 440 2992 accidisset,
461 2933 592 2996 praecipue
612 2932 634 2980 si
653 2933 684 2981 de
700 2939 784 2996 tyran·
825 2947 948 2995 personas.
981 2934 1013 2982 In
1034 2932 1176 2982 hominibus
1190 2939 1272 2981 autem
1290 2934 1374 2997 appel·

236 3008 275 3059 nis
296 3009 444 3060 Caesaribus
467 3012 617 3076 supplicium
639 3018 784 3062 sumeretur.
825 3011 893 3060 latur
909 3028 973 3061 rara
982 3012 1060 3076 fides,
1076 3025 1141 3074 quae
1162 3025 1218 3059 raro
1239 3011 1297 3060 talis
1318 3026 1375 3060 con-

235 3087 353 3139 Ridiculs
377 3091 476 3154 imago:
501 3090 657 3148 Necessitas,
683 3091 785 3151 clavos,
825 3090 940 3153 spiritur,
956 3105 1016 3139 nam
1033 3104 1104 3152 saepe
1120 3095 1158 3138 est
1172 3105 1268 3152 parva,
1285 3093 1376 3149 dubia,

236 3182 338 3228 cuneos,
360 3184 454 3218 uncum
471 3176 496 3218 ot
512 3169 644 3232 plumbum
661 3171 784 3232 liquidam
825 3172 906 3226 mala,
927 3176 953 3218 et
968 3171 1049 3219 uuila.
1086 3167 1192 3217 Mallem
1213 3183 1280 3217 cana
1300 3171 1377 3218 Fides

236 3256 343 3311 gestans.
372 3249 472 3298 Bonum
489 3249 595 3307 factum,
612 3250 678 3313 quod
694 3251 784 3300 Neces-
826 3247 919 3312 Virgil.
934 3249 963 3297 Ι.’
980 3249 1046 3297 Aen.
1063 3248 1120 3297 292.
1154 3246 1228 3295 Cana
1246 3249 1322 3296 Fides
1349 3254 1374 3296 et

235 3329 303 3377 sitati
324 3328 392 3376 dedit
408 3343 510 3377 manum
528 3343 636 3378 aeneum
671 3329 782 3380 Sunado·
831 3327 918 3390 Vesta,
948 3331 1027 3379 Remo
1052 3343 1109 3377 cam
1130 3327 1222 3391 fratre
1252 3328 1376 3386 Quirinus

236 3422 298 3456 num
315 3407 375 3455 haee
391 3407 487 3457 Franco
503 3414 598 3457 vertere
612 3409 708 3471 puduit.
737 3410 785 3458 Est
827 3409 895 3456 Iara
911 3411 1014 3459 Manat.
1050 3407 1127 3457 Dicas
1151 3405 1202 3457 fere
1223 3405 1319 3456 Corum.
1341 3406 1375 3456 le·

236 3501 295 3536 vero
311 3487 385 3536 etiam
401 3487 484 3548 imago
501 3486 612 3535 obscura.
637 3487 785 3550 Numquae
827 3486 891 3548 gisse
907 3502 978 3537 cana.
1002 3487 1129 3545 “Deinde,
1145 3487 1203 3549 quia
1213 3499 1288 3535 canos
1299 3486 1376 3535 nimia

236 3565 401 3613 instrumenta
425 3564 468 3612 alii
492 3565 523 3612 ad
548 3579 638 3612 munus
663 3566 784 3614 carnificis
826 3578 887 3613 cura
903 3572 927 3614 et
942 3566 1101 3628 pauperiores
1117 3564 1375 3614 efficitamantessui:

236 3642 358 3698 referunt,
383 3657 413 3691 ea
434 3643 477 3691 alii
497 3644 533 3690 ita
552 3642 692 3704 explicant,
708 3651 737 3693 ut
753 3645 784 3693 si·
828 3652 914 3694 contra
940 3652 1023 3695 eutem
1049 3652 1198 3708 quaestuosa
1216 3651 1254 3695 est
1274 3644 1377 3708 perfidia

236 3721 369 3784 gnifieetur
388 3721 425 3776 id,
450 3720 516 3783 quod
536 3720 675 3769 Necessitas
692 3725 783 3772 consti·
827 3732 851 3775 et
867 3727 969 3775 minime
985 3741 1055 3775 cana.
1082 3725 1149 3775 Hinc
1165 3724 1305 3774 luvenalis:
1318 3722 1375 3772 Ori·

236 3800 297 3856 tuit,
314 3806 365 3847 tam
382 3798 484 3847 firmum
500 3813 565 3857 esse,
581 3814 656 3862 quum
668 3801 689 3848 si
699 3801 784 3860 clavis,
827 3807 936 3855 minitas
948 3808 1036 3854 debeat
1049 3807 1142 3862 hortos,
1152 3803 1307 3865 praetoria.”
1320 3801 1375 3852 Sta·

236 3879 331 3937 cuneis,
357 3879 426 3927 uncis
447 3885 472 3929 et
493 3878 587 3941 liquido
603 3879 706 3942 plumbo
722 3889 785 3931 esset
826 3884 875 3931 tius
892 3884 992 3947 quidem
1009 3883 1059 3932 111.
1078 3883 1141 3933 silv.
1155 3884 1178 3933 3.
1199 3884 1219 3930 l.
1242 3881 1273 3928 nd
1291 3880 1374 3929 Pieta-

236 3967 399 4024 compactum.
429 3959 496 4007 Tota
512 3973 550 4008 res
567 3959 655 4009 similis
671 3967 709 4009 est
726 3963 784 4011 Ha·
827 3969 888 4010 tem:
921 3966 992 4012 cuias
1016 3965 1163 4026 pertissima
1185 3968 1267 4010 terras
1300 3961 1377 4008 Rara

236 4056 310 4090 rnaao
330 4041 410 4102 capiti
429 4040 546 4089 cerviam
566 4041 648 4101 pictor
667 4041 784 4103 equinam
824 4041 978 4105 profanatas
995 4045 1139 4104 inspectaret
1156 4042 1263 4090 aomina
1280 4044 1376 4098 terras,

238 4122 346 4182 irrupere
373 4121 397 4168 ei
420 4120 487 4168 velit.
529 4118 580 4167 Pro
604 4135 679 4168 saera
703 4119 746 4168 elii
770 4134 783 4168 e
827 4121 899 4178 Hac,
917 4122 1013 4169 vittata
1023 4135 1130 4181 comam,
1143 4123 1261 4183 aiaeoqae
1270 4119 1377 4180 irtsiprris

236 4197 313 4248 Mss.
330 4204 475 4260 receperunt
490 4213 574 4257 seraa,
592 4200 659 4261 quod
676 4199 784 4248 defendit
826 4200 922 4247 arricta
940 4199 1013 4247 Ades.
1048 4198 1178 4249 Seduliud
1190 4204 1227 4246 est
1237 4211 1302 4260 qaae
1312 4211 1376 4245 rara

236 4274 348 4338 Cauneg.
366 4277 397 4325 sd
414 4276 507 4324 Arion.
526 4275 573 4325 fab.
593 4277 667 4326 XXI.
826 4281 966 4338 inspectas,
982 4292 1028 4340 pro
1045 4292 1105 4326 raro
1115 4290 1209 4339 nempe.
1232 4275 1320 4338 Neque
1332 4274 1374 4322 ille
