2916 5220
536 713 585 800 Q.
618 712 856 788 HORATII
885 714 1086 789 FLACCI

457 959 1167 1061 CARMINUM

627 1222 766 1287 LIBER
793 1223 990 1291 TERTIUS.

722 1473 903 1497 ..w-

652 1672 900 1736 CARMEN
951 1674 973 1736 l.

422 1830 491 1909 Odi
516 1845 688 1930 profanum
713 1846 833 1930 vulgus
857 1852 890 1911 et
913 1869 1020 1912 arceo:

423 1950 544 2015 Favete
567 1950 707 2033 linguis:
733 1950 878 2015 carmina
901 1972 966 2015 non
989 1950 1080 2035 prius

465 2053 590 2118 Audita
614 2053 784 2117 Musarum
808 2054 956 2118 sacerdos

510 2155 702 2240 Virginibus
726 2156 899 2240 puerisque
923 2161 1028 2220 canto.

420 2334 572 2385 CARMEN
589 2337 610 2385 I¹
809 2314 812 2377 ξ
830 2317 956 2373 separatas
972 2316 1054 2373 partes
1070 2309 1235 2366 continuavit,
1258 2308 1384 2372 iidemque

830 2389 904 2437 simul
922 2388 971 2437 alia
992 2387 1139 2443 turbarunt,
1164 2386 1196 2434 de
1219 2385 1312 2448 quibus
1337 2400 1384 2433 suo

278 2431 343 2518 Ost
372 2465 511 2527 profanum
539 2469 627 2529 culpus
659 2473 683 2516 et
711 2483 789 2516 arceo.
830 2467 1043 2518 locovidebimus.
1067 2467 1121 2514 lam
1132 2463 1253 2528 praefatio
1263 2464 1308 2512 illa
1319 2463 1384 2513 Mus

240 2542 364 2603 Quorsum
381 2545 428 2592 ista
445 2551 496 2592 tam
515 2546 598 2607 gravis
615 2546 747 2609 praefatio,
765 2553 790 2594 et
830 2554 879 2594 stat
896 2547 922 2594 in
939 2561 985 2593 sua
1001 2545 1070 2602 sedo,
1092 2550 1116 2593 et
1137 2542 1247 2606 quaestio
1265 2543 1297 2592 de
1313 2557 1383 2592 nexu

239 2621 316 2683 longa
344 2636 390 2683 pro
411 2621 533 2672 brevitate
558 2623 633 2672 unius
658 2625 790 2673 carminis?
830 2624 1009 2674 sententiarum
1038 2622 1159 2686 explicari
1188 2627 1276 2684 potest.
1309 2620 1383 2682 Quae

238 2701 415 2763 Exspectasses
430 2710 509 2760 certe,
531 2702 575 2750 ubi
597 2703 658 2751 dicit
675 2707 791 2753 carmina
829 2705 922 2754 scilicet
943 2703 1008 2752 ratio
1028 2716 1101 2764 saepe
1121 2701 1205 2749 estin
1229 2699 1297 2763 po'asi
1319 2715 1382 2763 gno-

238 2795 287 2827 non
302 2782 378 2840 priua
400 2783 490 2829 cudda
511 2787 596 2841 cuuto,
617 2782 691 2845 plura
710 2783 789 2845 philo
830 2784 907 2844 mica,
924 2783 991 2846 apud
1009 2780 1148 2832 Orientales
1165 2786 1190 2829 et
1207 2780 1330 2839 Graecos,
1353 2788 1383 2828 ut

239 2857 338 2919 sophiae
354 2866 486 2921 praecepta
502 2859 533 2906 ad
550 2860 628 2908 vitam
646 2860 708 2908 bene
721 2861 789 2909 insti-
829 2865 913 2913 varias
929 2870 1013 2927 partes
1034 2861 1101 2909 solae
1126 2874 1155 2907 ac
1175 2866 1303 2922 separatae
1324 2873 1383 2908 cou-

238 2936 364 2984 tuendam.
390 2937 509 2995 Falleris,
527 2945 551 2986 et
562 2938 626 2986 illud
637 2941 790 3000 parturiunt
829 2943 930 2998 sistant,
946 2948 971 2989 ct
987 2955 1045 2988 cum
1061 2944 1269 3001 novopraocepto
1279 2938 1384 3002 incipiat

239 3022 333 3064 montes
350 3015 395 3064 tibi
418 3017 458 3065 rel
479 3017 559 3064 invito
580 3016 605 3063 in
623 3024 731 3066 mentem
748 3033 789 3067 ve·
830 3020 901 3083 quasi
913 3034 1005 3068 novum
1015 3033 1115 3068 carmen
1126 3017 1305 3080 nunclongius
1313 3031 1383 3066 nunc

238 3094 282 3142 uit.
317 3094 346 3144 Si
370 3102 453 3144 autem
474 3110 579 3159 quaeras
600 3096 630 3144 de
647 3112 715 3146 nexu
732 3112 788 3147 sen·
830 3098 941 3154 brevius,
961 3105 987 3148 et
1007 3098 1107 3146 eaedem
1127 3111 1166 3145 res
1182 3097 1309 3144 intardum
1327 3096 1383 3145 aliis

239 3174 386 3231 tentisrum,
408 3189 458 3223 non
481 3190 527 3238 ego
550 3190 605 3223 sum
622 3175 730 3238 primus,
748 3177 790 3239 qui
830 3179 911 3228 verbis
928 3184 1082 3241 repetantur;
1104 3177 1169 3224 hanc
1188 3189 1241 3225 esse
1261 3182 1322 3238 puto
1344 3190 1382 3222 ra-

240 3250 318 3301 lateor
338 3253 398 3301 mihi
426 3253 465 3301 hic
490 3270 582 3318 aquam
608 3255 721 3312 haerere,
747 3255 790 3302 sed
830 3257 923 3307 tionem
940 3256 1057 3319 longioris
1074 3257 1147 3305 huius
1163 3254 1292 3312 carminis,
1314 3253 1383 3302 simi-

239 3331 289 3378 iam
307 3332 424 3392 Homius,
442 3340 514 3381 acuto
530 3334 629 3395 ingenio
640 3333 789 3392 Britannus,
830 3335 880 3384 lem
905 3334 956 3382 fera
980 3334 1083 3391 rationi,
1112 3347 1188 3396 quam
1219 3337 1317 3380 secutus
1345 3338 1383 3380 est

239 3410 324 3459 etalii
346 3411 452 3474 ingenue
477 3413 580 3474 professi
601 3420 668 3460 sunt.
702 3412 790 3474 Neque
830 3413 965 3476 Theognis.
999 3412 1107 3462 Diversa
1131 3413 1208 3475 igitur
1229 3416 1290 3458 sunt
1310 3424 1382 3472 prae·

239 3488 286 3536 hoc
306 3495 406 3536 tantum
422 3490 457 3537 ita
473 3497 511 3538 est
528 3491 553 3538 in
570 3490 679 3539 carmine
696 3490 789 3553 primo,
831 3501 961 3555 ceptorum
978 3506 1080 3554 genera,
1102 3504 1166 3554 quae
1187 3488 1320 3552 separatim
1338 3503 1382 3536 ex·

239 3567 282 3614 sed
299 3568 385 3626 etiam,
397 3575 422 3616 et
431 3568 523 3631 magis,
535 3570 560 3617 in
572 3570 679 3618 secundo
690 3576 715 3617 et
726 3568 788 3618 aliis.
830 3571 985 3634 plicabimus.
1009 3569 1066 3618 Has
1077 3575 1159 3630 partes
1170 3567 1325 3617 constituunt
1336 3567 1383 3616 illa

240 3645 367 3709 Quidquid
388 3645 490 3695 fecerint
510 3648 601 3695 eruditi
622 3654 647 3695 et
663 3647 789 3709 elegantes
829 3653 946 3700 carmina
961 3664 1011 3698 non
1029 3649 1098 3713 prius
1119 3649 1216 3706 audita,
1236 3661 1300 3710 quaa
1321 3647 1381 3696 Mu-

239 3726 397 3788 interpretes,
423 3732 452 3773 ut
476 3725 548 3773 illum
574 3739 667 3773 nexum
690 3725 788 3775 iuvesti-
830 3742 915 3776 sarum
937 3728 1049 3777 sacerdos
1069 3727 1136 3775 canit
1156 3725 1295 3789 virginibus
1319 3740 1380 3789 pue·

239 3811 328 3867 garant
344 3811 369 3853 et
385 3805 554 3864 ostenderent,
576 3804 668 3852 fmstra
688 3818 741 3854 sese
761 3807 788 3854 in
829 3808 923 3871 risque,
940 3807 1062 3870 aquibus
1079 3805 1205 3854 audiendis
1216 3804 1309 3867 vulgus
1321 3818 1380 3866 pro-

239 3898 324 3932 omnes
343 3890 427 3947 partes
453 3890 641 3942 converterunt,
662 3890 687 3932 ct
708 3885 789 3934 multa
829 3884 914 3933 fanum
925 3895 999 3934 arcet.
1032 3886 1120 3948 Neque
1131 3882 1381 3939 ominaomina

239 3963 315 4011 verba
349 3962 469 4011 laudabili
503 3962 616 4026 quidem,
648 3962 690 4010 sed
720 3963 788 4011 inani
830 3965 934 4014 moralia
957 3965 1042 4014 eodem
1064 3971 1143 4012 metro
1158 3972 1216 4011 'esse
1232 3961 1381 4025 composita,

239 4042 321 4090 studio
354 4041 524 4104 profuderunt.
575 4041 634 4089 Mea
667 4043 789 4091 sententia
829 4050 853 4092 et
870 4043 1005 4093 Horatium
1022 4043 1047 4091 in
1064 4043 1094 4090 iis
1105 4040 1230 4090 neminem
1241 4040 1379 4088 amicorum

240 4119 300 4168 haec
316 4128 361 4169 est.
394 4122 502 4170 Librarii
523 4121 634 4170 focerunt
650 4121 720 4168 varis
735 4134 787 4168 car-
830 4123 932 4187 alloqui.
971 4123 1029 4184 Quo
1061 4120 1150 4170 melius
1185 4124 1269 4168 autem
1303 4118 1380 4167 huius

239 4197 308 4245 mina
328 4213 359 4246 ax
377 4212 427 4245 uno
443 4198 599 4261 longissimo,
624 4198 690 4261 quod
707 4198 786 4247 Hora·
829 4201 944 4248 carminis
961 4199 1068 4263 gnomici
1084 4199 1163 4247 forma
1179 4212 1209 4246 ac
1221 4199 1297 4258 ratio,
1316 4213 1380 4260 quas

239 4274 288 4321 tius
305 4274 395 4336 incepit
412 4276 443 4322 ab
463 4279 512 4325 Odi
526 4277 677 4338 profanum,
698 4286 723 4326 ct
743 4293 788 4340 per
807 4302 809 4343 p
829 4279 992 4336 instituimus,
1010 4278 1196 4341 intelligantur,
1216 4282 1297 4324 totum
1314 4276 1380 4324 illud
