<?xml version="1.0" encoding="UTF-8"?>
<!DOCTYPE html PUBLIC "-//W3C//DTD XHTML 1.0 Transitional//EN"
    "http://www.w3.org/TR/xhtml1/DTD/xhtml1-transitional.dtd">
<html xmlns="http://www.w3.org/1999/xhtml" xml:lang="en" lang="en">
 <head>
  <title>
</title>
<meta http-equiv="Content-Type" content="text/html;charset=utf-8" />
  <meta name='ocr-system' content='tesseract 3.04.00' />
  <meta name='ocr-capabilities' content='ocr_page ocr_carea ocr_par ocr_line ocrx_word'/>
</head>
<body>
  <div class='ocr_page' id='page_1' title='image "./qhoratiiflaccic00horagoog_0437.png"; bbox 0 0 2916 5220; ppageno 0'>
   <div class='ocr_carea' id='block_1_1' title="bbox 157 301 877 370">
    <p class='ocr_par' dir='ltr' id='par_1_1' title="bbox 157 301 877 370">
     <span class='ocr_line' id='line_1_1' title="bbox 157 301 877 370; baseline -0.004 -3"><span class='ocrx_word' id='word_1_1' title='bbox 157 308 221 370; x_wconf 73' lang='lat'>378</span> <span class='ocrx_word' id='word_1_2' title='bbox 587 303 613 365; x_wconf 83' lang='lat' dir='ltr'>ll</span> <span class='ocrx_word' id='word_1_3' title='bbox 639 302 715 365; x_wconf 91' lang='grc' dir='ltr'>ΡΟ</span> <span class='ocrx_word' id='word_1_4' title='bbox 741 302 769 364; x_wconf 92' lang='lat' dir='ltr'>D</span> <span class='ocrx_word' id='word_1_5' title='bbox 794 303 822 364; x_wconf 83' lang='grc' dir='ltr'>Ο</span> <span class='ocrx_word' id='word_1_6' title='bbox 847 301 877 364; x_wconf 93' lang='lat' dir='ltr'>N</span> 
     </span>
    </p>
   </div>
   <div class='ocr_carea' id='block_1_2' title="bbox 156 485 1295 711">
    <p class='ocr_par' dir='ltr' id='par_1_2' title="bbox 156 485 1295 711">
     <span class='ocr_line' id='line_1_2' title="bbox 156 485 1294 553; baseline -0.006 -14"><span class='ocrx_word' id='word_1_7' title='bbox 156 497 213 539; x_wconf 78' lang='lat' dir='ltr'>aule</span> <span class='ocrx_word' id='word_1_8' title='bbox 230 498 267 538; x_wconf 84' lang='lat' dir='ltr'>est</span> <span class='ocrx_word' id='word_1_9' title='bbox 292 491 410 553; x_wconf 72' lang='lat' dir='ltr'>pedestre.</span> <span class='ocrx_word' id='word_1_10' title='bbox 446 489 604 553; x_wconf 71' lang='lat' dir='ltr'>significaret</span> <span class='ocrx_word' id='word_1_11' title='bbox 624 489 702 538; x_wconf 89' lang='lat' dir='ltr'>enim:</span> <span class='ocrx_word' id='word_1_12' title='bbox 745 488 831 537; x_wconf 78' lang='lat' dir='ltr'>turin</span> <span class='ocrx_word' id='word_1_13' title='bbox 849 502 899 534; x_wconf 91' lang='lat' dir='ltr'>uuo</span> <span class='ocrx_word' id='word_1_14' title='bbox 916 487 985 535; x_wconf 90' lang='lat' dir='ltr'>Leid.</span> <span class='ocrx_word' id='word_1_15' title='bbox 1006 487 1154 534; x_wconf 71' lang='lat' dir='ltr'>nieditatur.</span> <span class='ocrx_word' id='word_1_16' title='bbox 1189 485 1294 535; x_wconf 85' lang='lat' dir='ltr'>Guietus</span> 
     </span>
     <span class='ocr_line' id='line_1_3' title="bbox 156 564 1295 631; baseline -0.003 -16"><span class='ocrx_word' id='word_1_17' title='bbox 156 569 217 631; x_wconf 81' lang='lat' dir='ltr'>fuga</span> <span class='ocrx_word' id='word_1_18' title='bbox 235 569 303 616; x_wconf 88' lang='lat' dir='ltr'>vobis</span> <span class='ocrx_word' id='word_1_19' title='bbox 325 569 398 617; x_wconf 89' lang='lat' dir='ltr'>datur</span> <span class='ocrx_word' id='word_1_20' title='bbox 422 569 511 618; x_wconf 90' lang='lat' dir='ltr'>horum</span> <span class='ocrx_word' id='word_1_21' title='bbox 534 569 703 626; x_wconf 87' lang='lat' dir='ltr'>saeculorum,</span> <span class='ocrx_word' id='word_1_22' title='bbox 745 569 818 616; x_wconf 84' lang='lat' dir='ltr'>etiem</span> <span class='ocrx_word' id='word_1_23' title='bbox 844 573 978 629; x_wconf 88' lang='lat' dir='ltr'>utrumque</span> <span class='ocrx_word' id='word_1_24' title='bbox 1003 579 1104 612; x_wconf 76' lang='lat' dir='ltr'>versum</span> <span class='ocrx_word' id='word_1_25' title='bbox 1129 564 1238 613; x_wconf 84' lang='lat' dir='ltr'>Horatio</span> <span class='ocrx_word' id='word_1_26' title='bbox 1254 565 1295 612; x_wconf 88' lang='lat' dir='ltr'>ab·</span> 
     </span>
     <span class='ocr_line' id='line_1_4' title="bbox 157 644 846 711; baseline -0.003 -17"><span class='ocrx_word' id='word_1_27' title='bbox 157 656 184 695; x_wconf 87' lang='lat' dir='ltr'>ut</span> <span class='ocrx_word' id='word_1_28' title='bbox 201 663 248 711; x_wconf 81' lang='lat' dir='ltr'>ego</span> <span class='ocrx_word' id='word_1_29' title='bbox 265 647 376 696; x_wconf 81' lang='lat' dir='ltr'>versibus</span> <span class='ocrx_word' id='word_1_30' title='bbox 396 647 506 710; x_wconf 79' lang='lat' dir='ltr'><strong>exposui.</strong></span> <span class='ocrx_word' id='word_1_31' title='bbox 536 647 588 696; x_wconf 88' lang='lat' dir='ltr'>Pro</span> <span class='ocrx_word' id='word_1_32' title='bbox 607 665 645 696; x_wconf 82' lang='lat' dir='ltr'>ure</span> <span class='ocrx_word' id='word_1_33' title='bbox 661 650 704 695; x_wconf 80' lang='lat' dir='ltr'>de-</span> <span class='ocrx_word' id='word_1_34' title='bbox 746 644 846 692; x_wconf 84' lang='lat' dir='ltr'>iudicat.</span> 
     </span>
    </p>
   </div>
   <div class='ocr_carea' id='block_1_3' title="bbox 640 814 804 836">
    <p class='ocr_par' dir='ltr' id='par_1_3' title="bbox 640 814 804 836">
     <span class='ocr_line' id='line_1_5' title="bbox 640 814 804 836; baseline -0.006 -6"><span class='ocrx_word' id='word_1_35' title='bbox 640 814 804 836; x_wconf 51' lang='lat'>*-</span> 
     </span>
    </p>
   </div>
   <div class='ocr_carea' id='block_1_4' title="bbox 526 972 933 1036">
    <p class='ocr_par' dir='ltr' id='par_1_4' title="bbox 526 972 933 1036">
     <span class='ocr_line' id='line_1_6' title="bbox 526 972 933 1036; baseline 0 0"><span class='ocrx_word' id='word_1_36' title='bbox 526 972 775 1036; x_wconf 80' lang='lat' dir='ltr'>uARMEN</span> <span class='ocrx_word' id='word_1_37' title='bbox 822 972 933 1036; x_wconf 90' lang='lat' dir='ltr'><strong>XVII.</strong></span> 
     </span>
    </p>
   </div>
   <div class='ocr_carea' id='block_1_5' title="bbox 339 1137 1082 1339">
    <p class='ocr_par' dir='ltr' id='par_1_5' title="bbox 339 1137 1082 1339">
     <span class='ocr_line' id='line_1_7' title="bbox 340 1137 1060 1232; baseline 0 -17"><span class='ocrx_word' id='word_1_38' title='bbox 340 1137 418 1215; x_wconf 86' lang='lat' dir='ltr'>lam</span> <span class='ocrx_word' id='word_1_39' title='bbox 442 1151 508 1214; x_wconf 90' lang='lat' dir='ltr'>iam</span> <span class='ocrx_word' id='word_1_40' title='bbox 533 1149 657 1215; x_wconf 84' lang='lat' dir='ltr'>efficaci</span> <span class='ocrx_word' id='word_1_41' title='bbox 681 1151 723 1214; x_wconf 95' lang='lat' dir='ltr'>do</span> <span class='ocrx_word' id='word_1_42' title='bbox 746 1173 864 1216; x_wconf 86' lang='lat' dir='ltr'>manus</span> <span class='ocrx_word' id='word_1_43' title='bbox 889 1150 1060 1232; x_wconf 79' lang='lat' dir='ltr'>scientiae,</span> 
     </span>
     <span class='ocr_line' id='line_1_8' title="bbox 339 1254 1082 1339; baseline 0 -21"><span class='ocrx_word' id='word_1_44' title='bbox 339 1254 486 1338; x_wconf 83' lang='lat' dir='ltr'>Supplex</span> <span class='ocrx_word' id='word_1_45' title='bbox 510 1259 543 1318; x_wconf 91' lang='lat' dir='ltr'>et</span> <span class='ocrx_word' id='word_1_46' title='bbox 567 1276 622 1318; x_wconf 95' lang='lat' dir='ltr'>oro</span> <span class='ocrx_word' id='word_1_47' title='bbox 645 1276 746 1338; x_wconf 87' lang='lat' dir='ltr'>regna</span> <span class='ocrx_word' id='word_1_48' title='bbox 769 1276 826 1338; x_wconf 91' lang='lat' dir='ltr'>per</span> <span class='ocrx_word' id='word_1_49' title='bbox 852 1254 1082 1339; x_wconf 84' lang='lat' dir='ltr'>Proserpinae,</span> 
     </span>
    </p>
   </div>
   <div class='ocr_carea' id='block_1_6' title="bbox 337 1366 1223 2792">
    <p class='ocr_par' dir='ltr' id='par_1_6' title="bbox 337 1366 1057 1656">
     <span class='ocr_line' id='line_1_9' title="bbox 338 1366 1057 1448; baseline 0 -18"><span class='ocrx_word' id='word_1_50' title='bbox 338 1367 399 1431; x_wconf 82' lang='lat' dir='ltr'>l’er</span> <span class='ocrx_word' id='word_1_51' title='bbox 423 1374 456 1432; x_wconf 90' lang='lat' dir='ltr'>et</span> <span class='ocrx_word' id='word_1_52' title='bbox 480 1366 605 1432; x_wconf 89' lang='lat' dir='ltr'>Dianae</span> <span class='ocrx_word' id='word_1_53' title='bbox 629 1389 694 1430; x_wconf 92' lang='lat' dir='ltr'>non</span> <span class='ocrx_word' id='word_1_54' title='bbox 718 1367 881 1432; x_wconf 91' lang='lat' dir='ltr'>movenda</span> <span class='ocrx_word' id='word_1_55' title='bbox 903 1368 1057 1448; x_wconf 87' lang='lat' dir='ltr'>numina,</span> 
     </span>
     <span class='ocr_line' id='line_1_10' title="bbox 337 1469 1057 1556; baseline -0.003 -22"><span class='ocrx_word' id='word_1_56' title='bbox 337 1470 400 1535; x_wconf 90' lang='lat' dir='ltr'>Per</span> <span class='ocrx_word' id='word_1_57' title='bbox 422 1479 520 1556; x_wconf 90' lang='lat' dir='ltr'>atque</span> <span class='ocrx_word' id='word_1_58' title='bbox 544 1470 645 1535; x_wconf 92' lang='lat' dir='ltr'>libros</span> <span class='ocrx_word' id='word_1_59' title='bbox 669 1469 851 1534; x_wconf 81' lang='lat' dir='ltr'>carminum</span> <span class='ocrx_word' id='word_1_60' title='bbox 874 1470 1057 1535; x_wconf 90' lang='lat' dir='ltr'>valentium</span> 
     </span>
     <span class='ocr_line' id='line_1_11' title="bbox 339 1573 891 1656; baseline 0.005 -20"><span class='ocrx_word' id='word_1_61' title='bbox 339 1573 454 1639; x_wconf 83' lang='lat' dir='ltr'>Refixa</span> <span class='ocrx_word' id='word_1_62' title='bbox 477 1575 566 1639; x_wconf 89' lang='lat' dir='ltr'>coelo</span> <span class='ocrx_word' id='word_1_63' title='bbox 591 1574 745 1638; x_wconf 90' lang='lat' dir='ltr'>devocare</span> <span class='ocrx_word' id='word_1_64' title='bbox 770 1573 891 1656; x_wconf 89' lang='lat' dir='ltr'>sidera,</span> 
     </span>
    </p>

    <p class='ocr_par' dir='ltr' id='par_1_7' title="bbox 337 1676 1076 1968">
     <span class='ocr_line' id='line_1_12' title="bbox 337 1676 1076 1762; baseline 0 -22"><span class='ocrx_word' id='word_1_65' title='bbox 337 1677 496 1759; x_wconf 81' lang='lat' dir='ltr'>Canidia,</span> <span class='ocrx_word' id='word_1_66' title='bbox 521 1699 616 1762; x_wconf 90' lang='lat' dir='ltr'>parce</span> <span class='ocrx_word' id='word_1_67' title='bbox 639 1677 773 1741; x_wconf 80' lang='lat' dir='ltr'>vocibus</span> <span class='ocrx_word' id='word_1_68' title='bbox 798 1677 932 1742; x_wconf 90' lang='lat' dir='ltr'>tandem</span> <span class='ocrx_word' id='word_1_69' title='bbox 956 1676 1076 1755; x_wconf 89' lang='lat' dir='ltr'>sacris,</span> 
     </span>
     <span class='ocr_line' id='line_1_13' title="bbox 337 1779 1064 1865; baseline -0.001 -21"><span class='ocrx_word' id='word_1_70' title='bbox 337 1780 513 1865; x_wconf 76' lang='lat' dir='ltr'>Oitumque</span> <span class='ocrx_word' id='word_1_71' title='bbox 535 1788 621 1844; x_wconf 89' lang='lat' dir='ltr'>retro</span> <span class='ocrx_word' id='word_1_72' title='bbox 646 1779 753 1862; x_wconf 93' lang='lat' dir='ltr'>solve,</span> <span class='ocrx_word' id='word_1_73' title='bbox 779 1780 868 1844; x_wconf 88' lang='lat' dir='ltr'>solve</span> <span class='ocrx_word' id='word_1_74' title='bbox 890 1780 1064 1844; x_wconf 87' lang='lat' dir='ltr'>turbinem.</span> 
     </span>
     <span class='ocr_line' id='line_1_14' title="bbox 338 1883 1005 1968; baseline 0 -22"><span class='ocrx_word' id='word_1_75' title='bbox 338 1884 444 1947; x_wconf 90' lang='lat' dir='ltr'>Movit</span> <span class='ocrx_word' id='word_1_76' title='bbox 467 1891 620 1968; x_wconf 80' lang='lat' dir='ltr'>nepotem</span> <span class='ocrx_word' id='word_1_77' title='bbox 644 1883 803 1968; x_wconf 84' lang='lat' dir='ltr'>Telephus</span> <span class='ocrx_word' id='word_1_78' title='bbox 828 1883 1005 1964; x_wconf 76' lang='lat' dir='ltr'>Neretum,</span> 
     </span>
    </p>

    <p class='ocr_par' dir='ltr' id='par_1_8' title="bbox 337 1985 1223 2688">
     <span class='ocr_line' id='line_1_15' title="bbox 339 1985 1029 2071; baseline -0.001 -21"><span class='ocrx_word' id='word_1_79' title='bbox 339 1989 377 2050; x_wconf 92' lang='lat' dir='ltr'>ln</span> <span class='ocrx_word' id='word_1_80' title='bbox 402 2009 498 2071; x_wconf 90' lang='lat' dir='ltr'>quem</span> <span class='ocrx_word' id='word_1_81' title='bbox 523 1987 681 2071; x_wconf 90' lang='lat' dir='ltr'>superbus</span> <span class='ocrx_word' id='word_1_82' title='bbox 706 1986 873 2052; x_wconf 87' lang='lat' dir='ltr'>ordinarat</span> <span class='ocrx_word' id='word_1_83' title='bbox 895 1985 1029 2070; x_wconf 87' lang='lat' dir='ltr'>agmina</span> 
     </span>
     <span class='ocr_line' id='line_1_16' title="bbox 337 2089 1136 2174; baseline -0.001 -21"><span class='ocrx_word' id='word_1_84' title='bbox 337 2090 521 2173; x_wconf 86' lang='lat' dir='ltr'>Mysorum,</span> <span class='ocrx_word' id='word_1_85' title='bbox 546 2089 637 2165; x_wconf 86' lang='lat' dir='ltr'>etin</span> <span class='ocrx_word' id='word_1_86' title='bbox 662 2111 759 2174; x_wconf 88' lang='lat' dir='ltr'>quem</span> <span class='ocrx_word' id='word_1_87' title='bbox 782 2090 849 2154; x_wconf 87' lang='lat' dir='ltr'>tela</span> <span class='ocrx_word' id='word_1_88' title='bbox 871 2095 966 2153; x_wconf 86' lang='lat' dir='ltr'>acuta</span> <span class='ocrx_word' id='word_1_89' title='bbox 990 2094 1136 2153; x_wconf 89' lang='lat' dir='ltr'>torserat.</span> 
     </span>
     <span class='ocr_line' id='line_1_17' title="bbox 337 2183 1011 2259; baseline -0.006 0"><span class='ocrx_word' id='word_1_90' title='bbox 337 2193 468 2259; x_wconf 81' lang='lat' dir='ltr'>Unxere</span> <span class='ocrx_word' id='word_1_91' title='bbox 491 2183 611 2258; x_wconf 78' lang='lat' dir='ltr'>matres</span> <span class='ocrx_word' id='word_1_92' title='bbox 637 2193 718 2257; x_wconf 86' lang='lat' dir='ltr'>Ilia-e</span> <span class='ocrx_word' id='word_1_93' title='bbox 742 2191 911 2256; x_wconf 87' lang='lat' dir='ltr'>addictum</span> <span class='ocrx_word' id='word_1_94' title='bbox 933 2190 1011 2256; x_wconf 84' lang='lat' dir='ltr'>feris</span> 
     </span>
     <span class='ocr_line' id='line_1_18' title="bbox 339 2295 1223 2381; baseline -0.003 -20"><span class='ocrx_word' id='word_1_95' title='bbox 339 2297 488 2361; x_wconf 88' lang='lat' dir='ltr'>Alitibus</span> <span class='ocrx_word' id='word_1_96' title='bbox 513 2301 611 2381; x_wconf 85' lang='lat' dir='ltr'>atque</span> <span class='ocrx_word' id='word_1_97' title='bbox 637 2296 772 2361; x_wconf 91' lang='lat' dir='ltr'>canibus</span> <span class='ocrx_word' id='word_1_98' title='bbox 796 2295 995 2360; x_wconf 81' lang='lat' dir='ltr'>homicidam</span> <span class='ocrx_word' id='word_1_99' title='bbox 1020 2295 1223 2375; x_wconf 76' lang='lat' dir='ltr'>Hectorem,</span> 
     </span>
     <span class='ocr_line' id='line_1_19' title="bbox 340 2397 1110 2484; baseline -0.003 -22"><span class='ocrx_word' id='word_1_100' title='bbox 340 2401 521 2484; x_wconf 89' lang='lat' dir='ltr'>Postquam</span> <span class='ocrx_word' id='word_1_101' title='bbox 544 2399 667 2463; x_wconf 91' lang='lat' dir='ltr'>relictis</span> <span class='ocrx_word' id='word_1_102' title='bbox 692 2397 864 2462; x_wconf 89' lang='lat' dir='ltr'>moenibus</span> <span class='ocrx_word' id='word_1_103' title='bbox 888 2419 945 2461; x_wconf 88' lang='lat' dir='ltr'>rex</span> <span class='ocrx_word' id='word_1_104' title='bbox 967 2397 1110 2482; x_wconf 87' lang='lat' dir='ltr'>procidit</span> 
     </span>
     <span class='ocr_line' id='line_1_20' title="bbox 342 2500 1000 2587; baseline -0.003 -21"><span class='ocrx_word' id='word_1_105' title='bbox 342 2502 433 2566; x_wconf 79' lang='lat' dir='ltr'>Heu!</span> <span class='ocrx_word' id='word_1_106' title='bbox 458 2502 636 2587; x_wconf 82' lang='lat' dir='ltr'>pervicacis</span> <span class='ocrx_word' id='word_1_107' title='bbox 661 2502 703 2566; x_wconf 89' lang='lat' dir='ltr'>ad</span> <span class='ocrx_word' id='word_1_108' title='bbox 725 2501 824 2586; x_wconf 87' lang='lat' dir='ltr'>pedes</span> <span class='ocrx_word' id='word_1_109' title='bbox 848 2500 1000 2565; x_wconf 87' lang='lat' dir='ltr'>Achillei.</span> 
     </span>
     <span class='ocr_line' id='line_1_21' title="bbox 342 2603 876 2688; baseline -0.006 -18"><span class='ocrx_word' id='word_1_110' title='bbox 342 2605 456 2670; x_wconf 80' lang='lat' dir='ltr'>Setosa</span> <span class='ocrx_word' id='word_1_111' title='bbox 480 2604 570 2668; x_wconf 90' lang='lat' dir='ltr'>duris</span> <span class='ocrx_word' id='word_1_112' title='bbox 595 2626 711 2668; x_wconf 84' lang='lat' dir='ltr'>exuere</span> <span class='ocrx_word' id='word_1_113' title='bbox 734 2603 876 2688; x_wconf 88' lang='lat' dir='ltr'>pellibus</span> 
     </span>
    </p>

    <p class='ocr_par' dir='ltr' id='par_1_9' title="bbox 342 2706 852 2792">
     <span class='ocr_line' id='line_1_22' title="bbox 342 2706 852 2792; baseline -0.002 -21"><span class='ocrx_word' id='word_1_114' title='bbox 342 2707 512 2772; x_wconf 84' lang='lat' dir='ltr'>Laboriosi</span> <span class='ocrx_word' id='word_1_115' title='bbox 535 2707 676 2792; x_wconf 84' lang='lat' dir='ltr'>remiges</span> <span class='ocrx_word' id='word_1_116' title='bbox 701 2706 852 2790; x_wconf 89' lang='lat' dir='ltr'>Ulyssei,</span> 
     </span>
    </p>
   </div>
   <div class='ocr_carea' id='block_1_7' title="bbox 301 2868 1307 3012">
    <p class='ocr_par' dir='ltr' id='par_1_10' title="bbox 301 2868 1307 3012">
     <span class='ocr_line' id='line_1_23' title="bbox 301 2868 1303 2946; baseline -0.023 -15"><span class='ocrx_word' id='word_1_117' title='bbox 301 2896 453 2946; x_wconf 74' lang='lat' dir='ltr'><strong>CARMEN</strong></span> <span class='ocrx_word' id='word_1_118' title='bbox 472 2897 562 2943; x_wconf 34' lang='lat' dir='ltr'>XVII,</span> <span class='ocrx_word' id='word_1_119' title='bbox 753 2869 870 2918; x_wconf 85' lang='lat' dir='ltr'>Scholion</span> <span class='ocrx_word' id='word_1_120' title='bbox 898 2868 978 2918; x_wconf 87' lang='lat' dir='ltr'>Servii</span> <span class='ocrx_word' id='word_1_121' title='bbox 1007 2870 1038 2917; x_wconf 90' lang='lat' dir='ltr'>ad</span> <span class='ocrx_word' id='word_1_122' title='bbox 1072 2870 1121 2918; x_wconf 88' lang='lat' dir='ltr'>XI.</span> <span class='ocrx_word' id='word_1_123' title='bbox 1151 2872 1217 2919; x_wconf 77' lang='lat' dir='ltr'>Aen,</span> <span class='ocrx_word' id='word_1_124' title='bbox 1246 2873 1303 2920; x_wconf 84' lang='lat'>211¹</span> 
     </span>
     <span class='ocr_line' id='line_1_24' title="bbox 753 2949 1307 3012; baseline 0.004 -16"><span class='ocrx_word' id='word_1_125' title='bbox 753 2950 885 2998; x_wconf 82' lang='lat' dir='ltr'>“Moerere</span> <span class='ocrx_word' id='word_1_126' title='bbox 901 2957 937 2996; x_wconf 93' lang='lat' dir='ltr'>est</span> <span class='ocrx_word' id='word_1_127' title='bbox 954 2963 1012 2996; x_wconf 89' lang='lat' dir='ltr'>cum</span> <span class='ocrx_word' id='word_1_128' title='bbox 1024 2949 1122 2996; x_wconf 86' lang='lat' dir='ltr'>silentio</span> <span class='ocrx_word' id='word_1_129' title='bbox 1133 2949 1228 3009; x_wconf 88' lang='lat' dir='ltr'>dolere,</span> <span class='ocrx_word' id='word_1_130' title='bbox 1239 2952 1307 3012; x_wconf 81' lang='lat' dir='ltr'>fiere</span> 
     </span>
    </p>
   </div>
   <div class='ocr_carea' id='block_1_8' title="bbox 160 2994 1306 3488">
    <p class='ocr_par' dir='ltr' id='par_1_11' title="bbox 160 2994 1306 3488">
     <span class='ocr_line' id='line_1_25' title="bbox 195 2994 1306 3091; baseline 0.002 -19"><span class='ocrx_word' id='word_1_131' title='bbox 195 2994 311 3075; x_wconf 71' lang='lat' dir='ltr'>Leaen</span> <span class='ocrx_word' id='word_1_132' title='bbox 328 3031 422 3074; x_wconf 73' lang='lat' dir='ltr'>arrotres</span> <span class='ocrx_word' id='word_1_133' title='bbox 439 3028 507 3075; x_wconf 83' lang='lat' dir='ltr'>Iliae</span> <span class='ocrx_word' id='word_1_134' title='bbox 527 3027 656 3074; x_wconf 82' lang='lat' dir='ltr'>addictum</span> <span class='ocrx_word' id='word_1_135' title='bbox 667 3025 708 3088; x_wconf 84' lang='lat' dir='ltr'>fe·</span> <span class='ocrx_word' id='word_1_136' title='bbox 753 3028 861 3076; x_wconf 89' lang='lat' dir='ltr'>ubertim</span> <span class='ocrx_word' id='word_1_137' title='bbox 887 3028 1011 3091; x_wconf 87' lang='lat' dir='ltr'>lacrymas</span> <span class='ocrx_word' id='word_1_138' title='bbox 1038 3027 1179 3085; x_wconf 83' lang='lat' dir='ltr'>demittere,</span> <span class='ocrx_word' id='word_1_139' title='bbox 1200 3031 1306 3091; x_wconf 82' lang='lat' dir='ltr'>plorare</span> 
     </span>
     <span class='ocr_line' id='line_1_26' title="bbox 161 3106 1304 3172; baseline 0.001 -17"><span class='ocrx_word' id='word_1_140' title='bbox 161 3110 206 3156; x_wconf 82' lang='lat' dir='ltr'>ris.</span> <span class='ocrx_word' id='word_1_141' title='bbox 240 3106 302 3156; x_wconf 84' lang='lat' dir='ltr'>Alia</span> <span class='ocrx_word' id='word_1_142' title='bbox 318 3106 394 3156; x_wconf 85' lang='lat' dir='ltr'>MSS.</span> <span class='ocrx_word' id='word_1_143' title='bbox 413 3109 510 3163; x_wconf 74' lang='lat' dir='ltr'>iuuere,</span> <span class='ocrx_word' id='word_1_144' title='bbox 536 3106 585 3154; x_wconf 88' lang='lat' dir='ltr'>alia</span> <span class='ocrx_word' id='word_1_145' title='bbox 606 3120 709 3154; x_wconf 75' lang='lat' dir='ltr'>traxere.</span> <span class='ocrx_word' id='word_1_146' title='bbox 752 3123 809 3155; x_wconf 90' lang='lat' dir='ltr'>cum</span> <span class='ocrx_word' id='word_1_147' title='bbox 826 3123 886 3156; x_wconf 83' lang='lat' dir='ltr'>voce</span> <span class='ocrx_word' id='word_1_148' title='bbox 903 3107 972 3164; x_wconf 87' lang='lat' dir='ltr'>flere,</span> <span class='ocrx_word' id='word_1_149' title='bbox 993 3110 1114 3170; x_wconf 78' lang='lat' dir='ltr'>planpere</span> <span class='ocrx_word' id='word_1_150' title='bbox 1130 3123 1189 3155; x_wconf 91' lang='lat' dir='ltr'>eum</span> <span class='ocrx_word' id='word_1_151' title='bbox 1213 3108 1304 3172; x_wconf 81' lang='lat' dir='ltr'>uliqui-</span> 
     </span>
     <span class='ocr_line' id='line_1_27' title="bbox 162 3185 1304 3250; baseline 0.002 -17"><span class='ocrx_word' id='word_1_152' title='bbox 162 3186 277 3248; x_wconf 90' lang='lat' dir='ltr'>Utraque</span> <span class='ocrx_word' id='word_1_153' title='bbox 301 3187 375 3235; x_wconf 89' lang='lat' dir='ltr'>lectio</span> <span class='ocrx_word' id='word_1_154' title='bbox 396 3201 452 3235; x_wconf 89' lang='lat' dir='ltr'>suos</span> <span class='ocrx_word' id='word_1_155' title='bbox 474 3191 590 3249; x_wconf 85' lang='lat' dir='ltr'>patronos</span> <span class='ocrx_word' id='word_1_156' title='bbox 607 3185 708 3233; x_wconf 90' lang='lat' dir='ltr'>invenit.</span> <span class='ocrx_word' id='word_1_157' title='bbox 752 3189 798 3236; x_wconf 92' lang='lat' dir='ltr'>bus</span> <span class='ocrx_word' id='word_1_158' title='bbox 815 3190 885 3237; x_wconf 88' lang='lat' dir='ltr'>dietis</span> <span class='ocrx_word' id='word_1_159' title='bbox 903 3187 1084 3236; x_wconf 87' lang='lat' dir='ltr'>miserabilibus</span> <span class='ocrx_word' id='word_1_160' title='bbox 1100 3194 1188 3250; x_wconf 88' lang='lat' dir='ltr'>peetus</span> <span class='ocrx_word' id='word_1_161' title='bbox 1205 3195 1250 3235; x_wconf 88' lang='lat' dir='ltr'>aut</span> <span class='ocrx_word' id='word_1_162' title='bbox 1268 3188 1304 3235; x_wconf 88' lang='lat' dir='ltr'>fa-</span> 
     </span>
     <span class='ocr_line' id='line_1_28' title="bbox 160 3264 1305 3330; baseline 0.003 -17"><span class='ocrx_word' id='word_1_163' title='bbox 160 3266 289 3314; x_wconf 89' lang='lat' dir='ltr'>Bentleius</span> <span class='ocrx_word' id='word_1_164' title='bbox 306 3267 376 3314; x_wconf 89' lang='lat' dir='ltr'>docte</span> <span class='ocrx_word' id='word_1_165' title='bbox 393 3274 418 3314; x_wconf 90' lang='lat' dir='ltr'>et</span> <span class='ocrx_word' id='word_1_166' title='bbox 432 3266 558 3328; x_wconf 79' lang='lat' dir='ltr'>ingeniose</span> <span class='ocrx_word' id='word_1_167' title='bbox 570 3268 656 3313; x_wconf 73' lang='lat' dir='ltr'>lusere</span> <span class='ocrx_word' id='word_1_168' title='bbox 669 3264 709 3311; x_wconf 89' lang='lat' dir='ltr'>de·</span> <span class='ocrx_word' id='word_1_169' title='bbox 751 3271 813 3317; x_wconf 91' lang='lat' dir='ltr'>ciem</span> <span class='ocrx_word' id='word_1_170' title='bbox 831 3269 946 3325; x_wconf 89' lang='lat' dir='ltr'>tundere,</span> <span class='ocrx_word' id='word_1_171' title='bbox 965 3271 1048 3330; x_wconf 82' lang='lat' dir='ltr'>lupere</span> <span class='ocrx_word' id='word_1_172' title='bbox 1063 3268 1138 3316; x_wconf 87' lang='lat' dir='ltr'>etiam</span> <span class='ocrx_word' id='word_1_173' title='bbox 1156 3282 1214 3314; x_wconf 92' lang='lat' dir='ltr'>cum</span> <span class='ocrx_word' id='word_1_174' title='bbox 1233 3268 1305 3316; x_wconf 89' lang='lat' dir='ltr'>habi·</span> 
     </span>
     <span class='ocr_line' id='line_1_29' title="bbox 160 3344 1306 3408; baseline 0.001 -15"><span class='ocrx_word' id='word_1_175' title='bbox 160 3347 246 3395; x_wconf 87' lang='lat' dir='ltr'>fendit.</span> <span class='ocrx_word' id='word_1_176' title='bbox 280 3348 387 3396; x_wconf 87' lang='lat' dir='ltr'>Mallem</span> <span class='ocrx_word' id='word_1_177' title='bbox 405 3353 488 3396; x_wconf 88' lang='lat' dir='ltr'>tamen</span> <span class='ocrx_word' id='word_1_178' title='bbox 503 3349 633 3408; x_wconf 77' lang='lat' dir='ltr'>planrere.</span> <span class='ocrx_word' id='word_1_179' title='bbox 655 3344 710 3392; x_wconf 88' lang='lat' dir='ltr'>Hoc</span> <span class='ocrx_word' id='word_1_180' title='bbox 751 3356 791 3397; x_wconf 86' lang='lat' dir='ltr'>tus</span> <span class='ocrx_word' id='word_1_181' title='bbox 808 3349 969 3396; x_wconf 87' lang='lat' dir='ltr'>mutatione.&#39;&#39;</span> <span class='ocrx_word' id='word_1_182' title='bbox 998 3349 1041 3396; x_wconf 79' lang='lat' dir='ltr'>Ex</span> <span class='ocrx_word' id='word_1_183' title='bbox 1066 3346 1151 3396; x_wconf 86' lang='lat' dir='ltr'>Schol.</span> <span class='ocrx_word' id='word_1_184' title='bbox 1176 3346 1251 3397; x_wconf 84' lang='lat' dir='ltr'>Statii</span> <span class='ocrx_word' id='word_1_185' title='bbox 1275 3348 1306 3394; x_wconf 86' lang='lat' dir='ltr'>ad</span> 
     </span>
     <span class='ocr_line' id='line_1_30' title="bbox 161 3424 1306 3488; baseline 0.002 -15"><span class='ocrx_word' id='word_1_186' title='bbox 161 3427 221 3474; x_wconf 88' lang='lat' dir='ltr'>olim</span> <span class='ocrx_word' id='word_1_187' title='bbox 239 3426 265 3472; x_wconf 92' lang='lat' dir='ltr'>in</span> <span class='ocrx_word' id='word_1_188' title='bbox 282 3426 360 3475; x_wconf 84' lang='lat' dir='ltr'>MSS.</span> <span class='ocrx_word' id='word_1_189' title='bbox 378 3426 453 3474; x_wconf 85' lang='lat' dir='ltr'>fuisse</span> <span class='ocrx_word' id='word_1_190' title='bbox 471 3426 591 3488; x_wconf 88' lang='lat' dir='ltr'>suspicor,</span> <span class='ocrx_word' id='word_1_191' title='bbox 610 3424 669 3486; x_wconf 86' lang='lat' dir='ltr'>quia</span> <span class='ocrx_word' id='word_1_192' title='bbox 685 3424 710 3470; x_wconf 93' lang='lat' dir='ltr'>in</span> <span class='ocrx_word' id='word_1_193' title='bbox 752 3429 800 3477; x_wconf 80' lang='lat' dir='ltr'>VI,</span> <span class='ocrx_word' id='word_1_194' title='bbox 824 3428 903 3476; x_wconf 71' lang='lat' dir='ltr'>Theb,</span> <span class='ocrx_word' id='word_1_195' title='bbox 929 3429 985 3475; x_wconf 83' lang='lat'>219.</span> <span class='ocrx_word' id='word_1_196' title='bbox 1012 3428 1129 3475; x_wconf 85' lang='lat' dir='ltr'>discimus</span> <span class='ocrx_word' id='word_1_197' title='bbox 1152 3430 1306 3488; x_wconf 82' lang='lat' dir='ltr'>planetum,</span> 
     </span>
    </p>
   </div>
   <div class='ocr_carea' id='block_1_9' title="bbox 160 3504 1309 4359">
    <p class='ocr_par' dir='ltr' id='par_1_12' title="bbox 160 3504 1309 4359">
     <span class='ocr_line' id='line_1_31' title="bbox 161 3504 1305 3570; baseline 0.002 -19"><span class='ocrx_word' id='word_1_198' title='bbox 161 3506 230 3554; x_wconf 88' lang='lat' dir='ltr'>Leid.</span> <span class='ocrx_word' id='word_1_199' title='bbox 249 3506 378 3567; x_wconf 90' lang='lat' dir='ltr'>perspicue</span> <span class='ocrx_word' id='word_1_200' title='bbox 396 3505 488 3567; x_wconf 87' lang='lat' dir='ltr'>legitur</span> <span class='ocrx_word' id='word_1_201' title='bbox 509 3507 620 3551; x_wconf 73' lang='lat' dir='ltr'>laurera</span> <span class='ocrx_word' id='word_1_202' title='bbox 659 3504 710 3549; x_wconf 81' lang='lat' dir='ltr'>Un-</span> <span class='ocrx_word' id='word_1_203' title='bbox 752 3508 864 3570; x_wconf 87' lang='lat' dir='ltr'>opinione</span> <span class='ocrx_word' id='word_1_204' title='bbox 881 3507 1016 3563; x_wconf 85' lang='lat' dir='ltr'>Varronis,</span> <span class='ocrx_word' id='word_1_205' title='bbox 1042 3506 1091 3554; x_wconf 92' lang='lat' dir='ltr'>dici</span> <span class='ocrx_word' id='word_1_206' title='bbox 1112 3520 1212 3554; x_wconf 92' lang='lat' dir='ltr'>omnem</span> <span class='ocrx_word' id='word_1_207' title='bbox 1234 3509 1305 3556; x_wconf 79' lang='lat' dir='ltr'>eolli-</span> 
     </span>
     <span class='ocr_line' id='line_1_32' title="bbox 160 3580 1308 3648; baseline -0.002 -14"><span class='ocrx_word' id='word_1_208' title='bbox 160 3599 220 3632; x_wconf 78' lang='lat' dir='ltr'>xere</span> <span class='ocrx_word' id='word_1_209' title='bbox 231 3590 256 3631; x_wconf 87' lang='lat' dir='ltr'>et</span> <span class='ocrx_word' id='word_1_210' title='bbox 268 3587 353 3632; x_wconf 71' lang='lat' dir='ltr'>lasere</span> <span class='ocrx_word' id='word_1_211' title='bbox 370 3585 444 3631; x_wconf 84' lang='lat' dir='ltr'>etiam</span> <span class='ocrx_word' id='word_1_212' title='bbox 462 3583 559 3630; x_wconf 86' lang='lat' dir='ltr'>notiora</span> <span class='ocrx_word' id='word_1_213' title='bbox 574 3581 601 3628; x_wconf 86' lang='lat' dir='ltr'>in</span> <span class='ocrx_word' id='word_1_214' title='bbox 619 3580 711 3642; x_wconf 85' lang='lat' dir='ltr'>vulgus</span> <span class='ocrx_word' id='word_1_215' title='bbox 751 3589 850 3635; x_wconf 67' lang='lat' dir='ltr'>donent.</span> <span class='ocrx_word' id='word_1_216' title='bbox 878 3585 1002 3634; x_wconf 87' lang='lat' dir='ltr'>Graecum</span> <span class='ocrx_word' id='word_1_217' title='bbox 1018 3586 1158 3634; x_wconf 66' lang='lat' dir='ltr'>abariobar</span> <span class='ocrx_word' id='word_1_218' title='bbox 1171 3585 1308 3648; x_wconf 84' lang='lat' dir='ltr'>diligenter</span> 
     </span>
     <span class='ocr_line' id='line_1_33' title="bbox 160 3662 1307 3726; baseline 0 -16"><span class='ocrx_word' id='word_1_219' title='bbox 160 3671 230 3721; x_wconf 89' lang='lat' dir='ltr'>sunt,</span> <span class='ocrx_word' id='word_1_220' title='bbox 248 3677 324 3726; x_wconf 86' lang='lat' dir='ltr'>quam</span> <span class='ocrx_word' id='word_1_221' title='bbox 344 3665 474 3724; x_wconf 73' lang='lat' dir='ltr'>plausere.</span> <span class='ocrx_word' id='word_1_222' title='bbox 501 3664 627 3723; x_wconf 82' lang='lat' dir='ltr'>Pluapere</span> <span class='ocrx_word' id='word_1_223' title='bbox 643 3673 709 3707; x_wconf 90' lang='lat' dir='ltr'>mor·</span> <span class='ocrx_word' id='word_1_224' title='bbox 751 3663 908 3711; x_wconf 85' lang='lat' dir='ltr'>illustravere</span> <span class='ocrx_word' id='word_1_225' title='bbox 925 3662 1071 3725; x_wconf 86' lang='lat' dir='ltr'>interpretes</span> <span class='ocrx_word' id='word_1_226' title='bbox 1089 3664 1121 3710; x_wconf 88' lang='lat' dir='ltr'>ad</span> <span class='ocrx_word' id='word_1_227' title='bbox 1138 3664 1238 3726; x_wconf 82' lang='lat' dir='ltr'>Evang.</span> <span class='ocrx_word' id='word_1_228' title='bbox 1255 3665 1307 3712; x_wconf 90' lang='lat' dir='ltr'>Lu-</span> 
     </span>
     <span class='ocr_line' id='line_1_34' title="bbox 162 3741 1307 3805; baseline 0 -15"><span class='ocrx_word' id='word_1_229' title='bbox 162 3751 249 3799; x_wconf 88' lang='lat' dir='ltr'>tuum,</span> <span class='ocrx_word' id='word_1_230' title='bbox 274 3749 326 3790; x_wconf 90' lang='lat' dir='ltr'>est:</span> <span class='ocrx_word' id='word_1_231' title='bbox 344 3756 385 3800; x_wconf 86' lang='lat' dir='ltr'>se,</span> <span class='ocrx_word' id='word_1_232' title='bbox 406 3755 453 3788; x_wconf 90' lang='lat' dir='ltr'>sua</span> <span class='ocrx_word' id='word_1_233' title='bbox 480 3746 591 3803; x_wconf 87' lang='lat' dir='ltr'>pectora,</span> <span class='ocrx_word' id='word_1_234' title='bbox 611 3746 711 3801; x_wconf 89' lang='lat' dir='ltr'>propter</span> <span class='ocrx_word' id='word_1_235' title='bbox 752 3757 795 3790; x_wconf 88' lang='lat' dir='ltr'>eae</span> <span class='ocrx_word' id='word_1_236' title='bbox 812 3741 917 3789; x_wconf 87' lang='lat' dir='ltr'>XXIII.</span> <span class='ocrx_word' id='word_1_237' title='bbox 942 3743 982 3792; x_wconf 87' lang='lat'>27.</span> <span class='ocrx_word' id='word_1_238' title='bbox 1009 3757 1032 3805; x_wconf 91' lang='lat' dir='ltr'>q.</span> <span class='ocrx_word' id='word_1_239' title='bbox 1057 3742 1075 3791; x_wconf 94' lang='lat' dir='ltr'>l.</span> <span class='ocrx_word' id='word_1_240' title='bbox 1101 3742 1156 3791; x_wconf 86' lang='lat' dir='ltr'>ideo</span> <span class='ocrx_word' id='word_1_241' title='bbox 1186 3742 1307 3799; x_wconf 85' lang='lat' dir='ltr'>laudavi,</span> 
     </span>
     <span class='ocr_line' id='line_1_35' title="bbox 163 3818 1307 3885; baseline 0.002 -16"><span class='ocrx_word' id='word_1_242' title='bbox 163 3827 308 3878; x_wconf 86' lang='lat' dir='ltr'>mortuum,</span> <span class='ocrx_word' id='word_1_243' title='bbox 325 3821 457 3883; x_wconf 83' lang='lat' dir='ltr'>plangere,</span> <span class='ocrx_word' id='word_1_244' title='bbox 470 3819 627 3879; x_wconf 71' lang='grc' dir='ltr'><em>τύπτεσθαι,</em></span> <span class='ocrx_word' id='word_1_245' title='bbox 645 3818 710 3866; x_wconf 86' lang='grc' dir='ltr'>κόπ-</span> <span class='ocrx_word' id='word_1_246' title='bbox 752 3826 792 3877; x_wconf 88' lang='lat' dir='ltr'>ut,</span> <span class='ocrx_word' id='word_1_247' title='bbox 809 3836 884 3869; x_wconf 87' lang='lat' dir='ltr'>versu</span> <span class='ocrx_word' id='word_1_248' title='bbox 901 3822 930 3868; x_wconf 85' lang='lat'>31</span> <span class='ocrx_word' id='word_1_249' title='bbox 958 3829 1013 3883; x_wconf 85' lang='lat' dir='ltr'>post</span> <span class='ocrx_word' id='word_1_250' title='bbox 1034 3822 1068 3873; x_wconf 86' lang='lat'>27</span> <span class='ocrx_word' id='word_1_251' title='bbox 1084 3822 1181 3885; x_wconf 88' lang='lat' dir='ltr'>posito,</span> <span class='ocrx_word' id='word_1_252' title='bbox 1201 3821 1307 3871; x_wconf 84' lang='lat' dir='ltr'>fortasse</span> 
     </span>
     <span class='ocr_line' id='line_1_36' title="bbox 163 3899 1307 3966; baseline 0.001 -16"><span class='ocrx_word' id='word_1_253' title='bbox 163 3902 251 3950; x_wconf 64' lang='grc' dir='ltr'>τεσᾶαι</span> <span class='ocrx_word' id='word_1_254' title='bbox 265 3900 361 3966; x_wconf 85' lang='grc' dir='ltr'>νεκρόν.</span> <span class='ocrx_word' id='word_1_255' title='bbox 374 3900 488 3962; x_wconf 86' lang='lat' dir='ltr'>Propert.</span> <span class='ocrx_word' id='word_1_256' title='bbox 505 3899 590 3946; x_wconf 84' lang='lat'>11.19.</span> <span class='ocrx_word' id='word_1_257' title='bbox 602 3899 643 3947; x_wconf 78' lang='lat'>35.</span> <span class='ocrx_word' id='word_1_258' title='bbox 663 3899 713 3946; x_wconf 86' lang='lat' dir='ltr'>Sed</span> <span class='ocrx_word' id='word_1_259' title='bbox 751 3915 821 3947; x_wconf 91' lang='lat' dir='ltr'>suam</span> <span class='ocrx_word' id='word_1_260' title='bbox 844 3900 937 3949; x_wconf 89' lang='lat' dir='ltr'>auctori</span> <span class='ocrx_word' id='word_1_261' title='bbox 954 3915 1058 3948; x_wconf 89' lang='lat' dir='ltr'>manum</span> <span class='ocrx_word' id='word_1_262' title='bbox 1075 3902 1224 3950; x_wconf 87' lang='lat' dir='ltr'>redderem:</span> <span class='ocrx_word' id='word_1_263' title='bbox 1248 3903 1307 3960; x_wconf 85' lang='grc' dir='ltr'>ἡκο-</span> 
     </span>
     <span class='ocr_line' id='line_1_37' title="bbox 162 3978 1307 4044; baseline 0.001 -17"><span class='ocrx_word' id='word_1_264' title='bbox 162 3987 192 4028; x_wconf 83' lang='lat' dir='ltr'>tu</span> <span class='ocrx_word' id='word_1_265' title='bbox 214 3982 315 4041; x_wconf 78' lang='lat' dir='ltr'>petiae,</span> <span class='ocrx_word' id='word_1_266' title='bbox 337 3994 438 4040; x_wconf 78' lang='lat' dir='ltr'>precor,</span> <span class='ocrx_word' id='word_1_267' title='bbox 472 3984 501 4024; x_wconf 85' lang='lat' dir='ltr'>ut</span> <span class='ocrx_word' id='word_1_268' title='bbox 526 3994 564 4025; x_wconf 87' lang='lat' dir='ltr'>me</span> <span class='ocrx_word' id='word_1_269' title='bbox 590 3979 712 4026; x_wconf 79' lang='lat' dir='ltr'>Demissis</span> <span class='ocrx_word' id='word_1_270' title='bbox 750 3979 837 4028; x_wconf 68' lang='grc' dir='ltr'>λούθει</span> <span class='ocrx_word' id='word_1_271' title='bbox 853 3978 873 4028; x_wconf 77' lang='grc' dir='ltr'>ὁυ</span> <span class='ocrx_word' id='word_1_272' title='bbox 888 3981 958 4044; x_wconf 74' lang='grc' dir='ltr'>αὐτῷ</span> <span class='ocrx_word' id='word_1_273' title='bbox 975 3981 1041 4028; x_wconf 79' lang='grc' dir='ltr'>πολὺ</span> <span class='ocrx_word' id='word_1_274' title='bbox 1056 3981 1158 4039; x_wconf 60' lang='grc' dir='ltr'>πλῆθος</span> <span class='ocrx_word' id='word_1_275' title='bbox 1177 3983 1224 4029; x_wconf 75' lang='grc' dir='ltr'>τοῦ</span> <span class='ocrx_word' id='word_1_276' title='bbox 1238 3981 1307 4029; x_wconf 84' lang='grc' dir='ltr'>λαοῦ</span> 
     </span>
     <span class='ocr_line' id='line_1_38' title="bbox 160 4056 1308 4123; baseline -0.001 -16"><span class='ocrx_word' id='word_1_277' title='bbox 160 4061 269 4121; x_wconf 67' lang='lat' dir='ltr'>pleneus</span> <span class='ocrx_word' id='word_1_278' title='bbox 292 4064 393 4119; x_wconf 81' lang='lat' dir='ltr'>pectore</span> <span class='ocrx_word' id='word_1_279' title='bbox 417 4059 487 4106; x_wconf 78' lang='lat' dir='ltr'>nuda</span> <span class='ocrx_word' id='word_1_280' title='bbox 515 4058 598 4104; x_wconf 78' lang='lat' dir='ltr'>comis.</span> <span class='ocrx_word' id='word_1_281' title='bbox 632 4056 712 4104; x_wconf 83' lang='lat' dir='ltr'>Plura</span> <span class='ocrx_word' id='word_1_282' title='bbox 751 4059 793 4106; x_wconf 80' lang='grc' dir='ltr'>καὶ</span> <span class='ocrx_word' id='word_1_283' title='bbox 823 4063 964 4123; x_wconf 81' lang='grc' dir='ltr'><em>γυναικῶν,</em></span> <span class='ocrx_word' id='word_1_284' title='bbox 994 4059 1020 4106; x_wconf 85' lang='lat' dir='ltr'>ai</span> <span class='ocrx_word' id='word_1_285' title='bbox 1042 4059 1083 4107; x_wconf 84' lang='grc' dir='ltr'>καὶ</span> <span class='ocrx_word' id='word_1_286' title='bbox 1102 4059 1245 4108; x_wconf 80' lang='grc' dir='ltr'>ἐκόπτοντο</span> <span class='ocrx_word' id='word_1_287' title='bbox 1264 4062 1308 4107; x_wconf 84' lang='grc' dir='ltr'>καὶ</span> 
     </span>
     <span class='ocr_line' id='line_1_39' title="bbox 162 4134 1309 4202; baseline 0.003 -20"><span class='ocrx_word' id='word_1_288' title='bbox 162 4138 217 4185; x_wconf 74' lang='lat' dir='ltr'>ride</span> <span class='ocrx_word' id='word_1_289' title='bbox 235 4137 300 4198; x_wconf 88' lang='lat' dir='ltr'>apud</span> <span class='ocrx_word' id='word_1_290' title='bbox 318 4135 433 4185; x_wconf 91' lang='lat' dir='ltr'>Oudend.</span> <span class='ocrx_word' id='word_1_291' title='bbox 451 4135 482 4182; x_wconf 88' lang='lat' dir='ltr'>ad</span> <span class='ocrx_word' id='word_1_292' title='bbox 496 4135 592 4197; x_wconf 89' lang='lat' dir='ltr'>Appul.</span> <span class='ocrx_word' id='word_1_293' title='bbox 606 4135 710 4183; x_wconf 87' lang='lat' dir='ltr'>Metam.</span> <span class='ocrx_word' id='word_1_294' title='bbox 751 4137 876 4201; x_wconf 68' lang='grc' dir='ltr'>ἐθρήνουν</span> <span class='ocrx_word' id='word_1_295' title='bbox 909 4138 998 4187; x_wconf 74' lang='grc' dir='ltr'>αὐτόν.</span> <span class='ocrx_word' id='word_1_296' title='bbox 1032 4137 1086 4198; x_wconf 79' lang='grc' dir='ltr'>ὅτι,</span> <span class='ocrx_word' id='word_1_297' title='bbox 1114 4136 1135 4184; x_wconf 78' lang='grc' dir='ltr'>εἰ</span> <span class='ocrx_word' id='word_1_298' title='bbox 1173 4138 1202 4186; x_wconf 83' lang='grc' dir='ltr'>ἐν</span> <span class='ocrx_word' id='word_1_299' title='bbox 1236 4134 1309 4202; x_wconf 69' lang='grc' dir='ltr'>ὑγρῷ</span> 
     </span>
     <span class='ocr_line' id='line_1_40' title="bbox 163 4213 1307 4281; baseline 0.002 -19"><span class='ocrx_word' id='word_1_300' title='bbox 163 4216 196 4262; x_wconf 91' lang='lat' dir='ltr'>V.</span> <span class='ocrx_word' id='word_1_301' title='bbox 214 4231 270 4278; x_wconf 82' lang='lat' dir='ltr'>pag.</span> <span class='ocrx_word' id='word_1_302' title='bbox 289 4216 345 4264; x_wconf 81' lang='lat'>332.</span> <span class='ocrx_word' id='word_1_303' title='bbox 364 4221 388 4264; x_wconf 85' lang='lat' dir='ltr'>et</span> <span class='ocrx_word' id='word_1_304' title='bbox 397 4214 525 4276; x_wconf 83' lang='lat' dir='ltr'>Heynium</span> <span class='ocrx_word' id='word_1_305' title='bbox 538 4213 568 4260; x_wconf 88' lang='lat' dir='ltr'>ad</span> <span class='ocrx_word' id='word_1_306' title='bbox 581 4213 675 4261; x_wconf 87' lang='lat' dir='ltr'>Tibull.</span> <span class='ocrx_word' id='word_1_307' title='bbox 689 4214 710 4261; x_wconf 84' lang='lat' dir='ltr'>l.</span> <span class='ocrx_word' id='word_1_308' title='bbox 752 4215 820 4278; x_wconf 76' lang='grc' dir='ltr'>ξύλῳ</span> <span class='ocrx_word' id='word_1_309' title='bbox 842 4218 923 4265; x_wconf 78' lang='grc' dir='ltr'>ταῦτα</span> <span class='ocrx_word' id='word_1_310' title='bbox 946 4219 1080 4276; x_wconf 82' lang='grc' dir='ltr'><strong>ποιοῦσιν,</strong></span> <span class='ocrx_word' id='word_1_311' title='bbox 1098 4216 1126 4264; x_wconf 82' lang='grc' dir='ltr'>ἐν</span> <span class='ocrx_word' id='word_1_312' title='bbox 1143 4218 1182 4280; x_wconf 79' lang='grc' dir='ltr'>τῷ</span> <span class='ocrx_word' id='word_1_313' title='bbox 1200 4220 1268 4281; x_wconf 62' lang='lat' dir='ltr'>{appi</span> <span class='ocrx_word' id='word_1_314' title='bbox 1286 4237 1307 4266; x_wconf 84' lang='grc' dir='ltr'>τι</span> 
     </span>
     <span class='ocr_line' id='line_1_41' title="bbox 161 4293 1303 4359; baseline -0.002 -13"><span class='ocrx_word' id='word_1_315' title='bbox 161 4295 184 4346; x_wconf 84' lang='grc'>7.</span> <span class='ocrx_word' id='word_1_316' title='bbox 195 4296 235 4343; x_wconf 83' lang='grc'>28.</span> <span class='ocrx_word' id='word_1_317' title='bbox 253 4295 278 4341; x_wconf 93' lang='lat' dir='ltr'>in</span> <span class='ocrx_word' id='word_1_318' title='bbox 296 4294 398 4344; x_wconf 83' lang='lat' dir='ltr'>Observ.</span> <span class='ocrx_word' id='word_1_319' title='bbox 416 4295 504 4343; x_wconf 87' lang='lat' dir='ltr'>Latuit</span> <span class='ocrx_word' id='word_1_320' title='bbox 519 4308 560 4341; x_wconf 88' lang='lat' dir='ltr'>eos</span> <span class='ocrx_word' id='word_1_321' title='bbox 578 4293 710 4355; x_wconf 83' lang='lat' dir='ltr'>pulchrum</span> <span class='ocrx_word' id='word_1_322' title='bbox 752 4295 872 4359; x_wconf 64' lang='lat' dir='ltr'>planiae,</span> <span class='ocrx_word' id='word_1_323' title='bbox 891 4295 974 4343; x_wconf 88' lang='lat' dir='ltr'>Iesum</span> <span class='ocrx_word' id='word_1_324' title='bbox 991 4295 1156 4357; x_wconf 79' lang='lat' dir='ltr'>plangebant,</span> <span class='ocrx_word' id='word_1_325' title='bbox 1168 4302 1193 4343; x_wconf 82' lang='lat' dir='ltr'>et</span> <span class='ocrx_word' id='word_1_326' title='bbox 1205 4297 1303 4344; x_wconf 88' lang='lat' dir='ltr'>lamen-</span> 
     </span>
    </p>
   </div>
   <div class='ocr_carea' id='block_1_10' title="bbox 0 0 1462 5220">
    <p class='ocr_par' dir='ltr' id='par_1_13' title="bbox 0 0 1462 5220">
     <span class='ocr_line' id='line_1_42' title="bbox 0 0 1462 5220; baseline 0 0"><span class='ocrx_word' id='word_1_327' title='bbox 0 0 1462 5220; x_wconf 95' lang='lat' dir='ltr'> </span> 
     </span>
    </p>
   </div>
  </div>
 </body>
</html>
