2916 5220
608 303 926 366 (Julttttxt‘it

381 493 461 555 Post
485 500 588 555 certes
610 490 722 554 hieraca
747 496 817 552 eret
840 487 979 552 richerius

429 597 517 679 Iunis
539 593 659 658 Iliacos
683 593 796 657 (1111113.

205 776 256 807 mm
273 762 369 807 [lieres
384 764 443 820 port
459 763 542 807 certus
553 758 658 817 hyenae,
670 755 749 818 magis
768 755 771 761 '
791 753 883 802 Classis
904 752 1012 800 Achillis
1037 753 1117 800 stabat
1138 755 1163 800 in
1185 754 1256 801 litore
1278 754 1337 800 sub-

205 840 302 902 sapIunt
319 839 458 895 historiam,
475 850 551 899 quam
562 834 714 889 vaticinium,
723 834 748 879 in
791 832 873 878 ducta.
899 831 1116 878 Huiusclassisin
1128 831 1196 879 bello
1211 831 1261 878 iam
1278 832 1337 880 nul-

204 933 254 981 quo
270 933 309 966 res
327 918 425 966 iirturac
435 912 656 964 nontumdisertis
667 913 749 961 verbis
790 910 831 958 Ius
853 924 914 957 usus
935 916 995 957 erat.
1030 909 1194 972 Pugnabatm
1215 911 1240 957 in
1262 918 1337 958 terra.

204 997 383 1058 significantur.
426 995 482 1042 Iam
509 994 597 1043 classis
624 992 749 1040 decuma
790 989 858 1036 Tum
874 988 943 1036 solus
952 988 1067 1037 Achilles
1078 990 1116 1036 ira
1125 989 1242 1038 fervebat.
1261 989 1338 1037 Solus

205 1076 322 1134 Achillei,
337 1089 383 1136 pro
399 1075 440 1121 ira
450 1073 566 1126 Achillis,
582 1077 634 1116 tam
646 1069 749 1117 ridicule
789 1067 881 1124 effecit,
898 1082 929 1116 ne
946 1068 985 1115 sui
1000 1069 1025 1116 in
1037 1069 1159 1131 proelium
1171 1069 1245 1116 irent:
1263 1067 1338 1130 idque

204 1153 299 1200 dietum
316 1161 361 1210 est,
379 1160 408 1200 ut
424 1148 589 1198 sanchomini
604 1147 748 1194 intuentem
790 1146 991 1209 Myrmidonibus
1013 1146 1085 1194 valde
1109 1147 1204 1204 inritis,
1227 1153 1253 1193 et
1278 1160 1337 1194 eum

204 1231 288 1278 venire
308 1244 358 1278 non
383 1230 465 1292 possit.
497 1227 596 1277 Classis
623 1225 749 1272 interdum
790 1225 1337 1290 proptereacuipantibus.Vid.Iliad.ss.200.

204 1322 250 1368 pro
265 1308 392 1356 clrrssicric'
404 1306 510 1368 ponitur.
528 1304 628 1351 Tacitus
640 1303 749 1352 ILIIist.
791 1306 833 1354 ubi
851 1306 964 1355 Achilles
980 1319 1034 1361 eos,
1047 1305 1110 1352 duce
1118 1304 1235 1351 Patroclo
1251 1311 1339 1351 eontra

210 1384 261 1431 100.
290 1385 352 1446 Ipse
361 1386 510 1431 Ravennam
521 1383 668 1439 devertitur,
676 1398 749 1445 prce-
792 1385 928 1434 Troianum
953 1385 1089 1432 exercitum
1113 1381 1277 1446 profecturos,
1302 1384 1339 1430 ita

206 1467 275 1509 tecte
291 1463 395 1509 classem
413 1461 561 1522 alloquendi.
594 1461 628 1508 Et
644 1475 750 1522 puppes.
791 1460 1168 1523 alloquitur:“Nuncmemorcs
1177 1460 1337 1517 estoteillius‚

205 1539 279 1602 Virg.
296 1539 373 1588 VIII.
390 1540 456 1588 Aen.
474 1539 529 1589 497.
551 1540 628 1586 Totae
644 1554 751 1601 acerque
791 1540 859 1602 quod
875 1554 920 1602 per
935 1554 1009 1588 omne
1016 1547 1115 1602 tempus
1126 1541 1177 1588 irae
1188 1554 1258 1587 meae
1265 1554 1338 1603 saepe

197 1620 319 1679 fremunt
328 1621 461 1668 condensae
473 1619 545 1666 litore
555 1632 653 1679 puppes
663 1618 748 1680 Sipha·
791 1618 899 1676 dixistis,
917 1617 1026 1680 Σχὲτλιε,
1036 1617 1136 1678 Πηλέος
1144 1620 1194 1680 υἱὲ,
1208 1620 1278 1684 χόλῳ
1288 1621 1338 1684 ἄρα

205 1711 252 1758 que
261 1696 336 1759 ferre
351 1698 444 1744 iubent.
471 1695 520 1744 Sed
537 1709 567 1742 ea
583 1710 634 1743 non
650 1704 709 1744 sunt
720 1698 749 1744 si-
792 1694 814 1743 c'
827 1696 909 1760 ἔτρεφε
926 1696 1132 1761 μήτηρ.Νηλεές,
1149 1699 1178 1754 ὃς
1192 1700 1262 1759 παρὰ
1276 1717 1338 1758 νηυ-

205 1775 275 1821 milia
294 1775 371 1822 iratae
387 1774 459 1821 classi
475 1773 595 1832 Achillis,
616 1774 681 1823 diem
702 1775 751 1823 Ilio
792 1775 835 1823 civ
851 1776 915 1838 ἔχεις
929 1774 1052 1834 ἀέκοντας
1070 1775 1209 1839 έταίρους.”
1227 1777 1284 1832 An,
1296 1780 1340 1840 qui

205 1852 345 1916 proferenti.
365 1853 454 1915 Neque
472 1852 572 1900 ferenda
587 1861 625 1902 est
640 1856 751 1916 repetitio
791 1852 827 1898 ita
843 1852 990 1900 incusabant
1008 1853 1147 1910 Achillem,
1168 1854 1215 1902 diei
1235 1866 1339 1916 possunt

207 1934 304 1980 Iliacas
320 1937 371 1978 tam
388 1946 464 1994 prope
477 1931 509 1979 ab
521 1933 578 1980 Ilio.
596 1931 699 1980 Violata
715 1944 751 1982 est
792 1943 849 1976 111111
866 1944 895 1978 co
906 1932 983 1979 irati?
1001 1931 1038 1979 At
1055 1930 1175 1993 quamdiu
1191 1933 1229 1979 ira
1246 1932 1336 1981 Achil·

206 2010 248 2058 lex
266 2023 351 2058 versus
370 2009 503 2073 Glyconei,
521 2012 600 2073 posito
616 2012 682 2073 ipris
702 2020 750 2060 tro
792 2008 823 2056 lis
840 2008 904 2056 diem
920 2009 1026 2071 protulit
1042 2009 1105 2058 Ilio?
1130 2011 1172 2058 Ex
1184 2018 1268 2059 assuto
1282 2026 1338 2060 cen-

205 2089 281 2136 chaeo
296 2102 342 2150 pro
358 2090 487 2151 spondaeo.
512 2091 580 2138 Nam
596 2090 685 2138 ultima
700 2091 751 2154 syl-
792 2094 850 2136 tone
858 2088 949 2136 diceres
957 2088 1045 2136 saltem
1054 2088 1147 2152 aliquot
1153 2104 1237 2138 annos.
1246 2091 1340 2138 “Troia

206 2165 264 2213 laba
283 2172 356 2214 extra
376 2181 502 2217 caesuram
527 2184 577 2218 non
599 2170 749 2233 producitur.
793 2172 876 2215 tamen
884 2173 1036 2229 poetcertes
1050 2170 1148 2230 hyemes
1160 2169 1338 2228 cremabitur;''

206 2244 397 2308 Oudendorpius
432 2246 457 2293 h.
479 2247 495 2294 I.
527 2247 636 2310 disputat
664 2253 751 2295 contra
792 2247 865 2308 poeta
888 2245 1023 2294 Horatium
1052 2247 1109 2295 fecit
1130 2249 1258 2298 dicentem.
1289 2249 1340 2299 Sed

205 2324 349 2373 Broukhue.
380 2326 411 2372 ad
442 2325 536 2374 TianI.
566 2326 586 2374 1.
612 2327 636 2377 7.
657 2327 697 2378 72
727 2334 752 2374 et
793 2331 846 2372 tota
863 2324 923 2372 Ilias
933 2326 1105 2388 complectitur
1115 2329 1189 2376 modo
1201 2329 1252 2377 dies
1264 2329 1338 2392 quin-

203 2405 334 2454 Drakenb.
352 2406 383 2453 ad
401 2405 445 2455 sil.
463 2405 522 2454 Ital.
548 2405 597 2453 IX.
615 2406 672 2454 555.
697 2406 750 2453 uni-
793 2404 915 2466 quaginta
930 2413 955 2452 et
972 2420 1052 2453 unum
1070 2409 1128 2454 anni
1143 2409 1273 2470 postremi,
1290 2422 1341 2470 quo

203 2498 262 2531 cum
288 2485 372 2532 locum
395 2501 411 2533 a
426 2486 587 2534 Broukhusie
603 2486 750 2542 laudatum,
793 2482 871 2530 Troia
886 2483 1051 2533 obsidebatur.
1064 2486 1167 2534 Decime
1175 2487 1214 2536 die
1225 2487 1340 2535 Achilles

204 2565 247 2625 qui
264 2563 313 2610 hue
331 2563 416 2622 saciat,
427 2580 480 2613 esse
498 2565 606 2615 Senecae
617 2565 683 2613 Med.
694 2567 750 2617 775.
771 2603 774 2669 ι
793 2560 856 2608 iram
873 2563 989 2626 concipit,
1007 2565 1126 2626 vigesimo
1147 2567 1249 2628 septimo
1268 2565 1340 2628 depo

211 2644 317 2690 Victoris
331 2645 390 2692 istic
397 2645 601 2707 perfidicanpais
611 2646 684 2692 iacet.
702 2644 752 2693 Sed
793 2640 855 2687 suit:
873 2641 922 2689 ud.
936 2642 1028 2704 Heynii
1043 2644 1151 2692 Excurs.
1168 2644 1245 2692 VIII.
1263 2644 1295 2691 ad
1312 2645 1340 2692 Ii-

205 2720 337 2766 nuetoritas
356 2720 464 2768 Senecae
484 2736 533 2770 non
555 2722 663 2769 multum
685 2722 752 2770 valet
771 2730 774 2805 ἶ
794 2721 868 2768 brum
885 2720 990 2769 XVIII.
1025 2721 1091 2770 Sunt
1111 2722 1189 2785 igitur
1204 2722 1278 2785 pauci
1295 2723 1339 2769 ad-

206 2798 237 2844 ad
254 2796 437 2846 defendendmn
453 2800 601 2858 Horatium,
621 2808 646 2849 et
663 2801 752 2849 ultima
793 2799 897 2846 modum
914 2799 977 2856 dies,
997 2800 1041 2861 qui
1056 2800 1130 2848 valde
1149 2801 1266 2862 exiguam
1289 2816 1341 2848 mo-

206 2876 305 2938 syllaba
321 2876 347 2924 in
364 2880 478 2940 sanquis,
504 2893 555 2926 non
570 2880 680 2927 multum
701 2882 752 2928 abit
793 2893 847 2926 ram
865 2877 978 2925 interitus
995 2879 1097 2926 Troiani
1113 2878 1231 2928 fecerunt.
1256 2881 1342 2942 Atque

207 2972 222 3002 a
233 2955 393 3018 diphthongo.
411 2957 495 3018 Quare
512 2956 700 3022 Oudendorpius
714 2961 752 3008 hie
771 2968 774 3035 i
794 2972 878 3006 omncs
894 2958 981 3020 poetae
998 2958 1186 3007 diuturnitatem
1202 2959 1274 3016 belli,
1290 2974 1342 3008 non

207 3035 256 3098 legi
273 3034 383 3083 volebat:
401 3036 466 3097 191111
485 3038 639 3098 Perpemcas
656 3039 753 3099 clericos,
771 3042 774 3091 ἶ
793 3039 844 3086 irae
861 3037 982 3095 Achillis,
999 3039 1040 3085 sed
1058 3039 1172 3087 Deorum
1183 3038 1309 3086 discordiis
1318 3045 1343 3087 et

206 3114 271 3177 quod
288 3120 342 3162 erat
357 3115 383 3161 in
400 3114 484 3177 paucis
501 3115 580 3165 MSS.
592 3116 635 3164 alii
647 3118 752 3167 conieee-
771 3100 774 3169 1
793 3115 881 3162 virtuti
900 3115 1014 3163 Hectoris
1036 3116 1193 3175 tribuerunt:
1215 3117 1342 3173 Hectoris,

109 3190 112 3197 '
206 3200 266 3241 runt
284 3195 440 3250 barbaricas,
458 3194 501 3242 alii
522 3197 680 3245 Dardanius.
703 3197 752 3247 Sed
772 3190 774 3263 1
793 3211 850 3245 cent
862 3209 910 3256 quo
931 3209 978 3242 cac
996 3195 1073 3242 Troia
1085 3196 1184 3256 sepulte
1197 3201 1246 3250 cst,
1262 3201 1290 3242 ut
1307 3196 1343 3242 di·

207 3273 256 3321 alia
272 3279 330 3320 sunt
348 3273 373 3321 in
392 3274 428 3321 his
445 3274 568 3331 versibus,
581 3277 752 3325 contrariare·
771 3268 774 3331 1
794 3272 961 3321 citAusonius
969 3273 996 3320 in
1004 3274 1136 3336 Epitaphio
1144 3273 1256 3321 Heroum
1266 3275 1342 3323 XIV.

207 3353 272 3401 rituti
298 3368 386 3416 nempe
414 3360 439 3402 et
464 3354 578 3402 historiae
598 3354 752 3404 Homericae.
771 3400 774 3426 Ι
793 3350 837 3399 ubi
853 3349 909 3397 tide
927 3349 1047 3398 Tollium.

688 3497 852 3520 -οομ-

569 3634 817 3699 OARMEN
863 3635 954 3699 XVI.

386 3792 421 3872 Ο
445 3808 549 3866 matre
571 3801 708 3885 pulchra
731 3801 801 3866 filia
823 3801 1001 3886 pulchrior,

387 3904 491 3983 Quem
515 3904 699 3969 criminosis
724 3926 863 3989 cumque
890 3904 980 3969 voles
1006 3904 1142 3967 modum

356 4086 508 4135 CARMEN
526 4087 601 4136 XVI·
794 4058 842 4114 bis,
865 4059 885 4105 si
907 4058 1025 4107 Horatius
1046 4072 1096 4105 non
1118 4057 1202 4119 piures
1220 4056 1342 4105 scriberet.

794 4137 847 4198 Qui
862 4138 951 4184 modus
973 4143 1078 4198 ponatur
1099 4136 1203 4183 carmini
1233 4136 1282 4183 iem
1304 4136 1346 4182 ab·
1398 4185 1402 4191 ¹

253 4173 496 4283 Quentcriminosia
513 4234 616 4280 certeque
632 4221 753 4267 1111111111-
794 4215 889 4273 soluto,
906 4216 972 4277 quod
984 4215 1015 4262 ad
1032 4215 1142 4277 puellam
1160 4214 1345 4277 miserat‚quod

207 4295 266 4341 (111111
277 4297 462 4343 Pcncsiembt'c.
482 4296 573 4343 Modus
585 4297 685 4357 ponitur
695 4297 754 4344 iem·
773 4336 775 4359 =
795 4293 839 4341 illa
855 4294 880 4341 in
899 4295 1012 4342 manIbus
1030 4295 1143 4352 habebut,
1161 4308 1210 4341 non
1224 4294 1344 4354 intelligo.
