2916 5220
514 343 575 404 Ll
608 344 746 408 111111.

284 527 402 592 Videre
423 534 633 613 properantes
656 529 812 612 domum,

240 629 358 694 Videre
381 630 484 696 fessos
508 652 672 696 vomerem
695 632 861 698 inversum
884 635 983 701 boves

286 732 379 798 Oollo
402 735 567 800 trahentes
591 736 765 820 languido,

241 836 435 922 Positosque
457 860 595 921 vernas,
620 839 699 904 ditis
724 861 862 904 examen
888 842 1024 925 domus,

285 939 417 1005 Oircum
444 941 630 1006 renidentes
655 942 773 1007 Lares!

240 1043 330 1107 Haec
353 1043 411 1107 ubi
434 1043 590 1128 loquutus
614 1043 798 1110 foenerator
820 1046 983 1132 Alphius,

284 1147 355 1210 lam
379 1145 445 1211 iam
468 1146 600 1212 futurus
625 1148 786 1231 rusticus,

242 1248 383 1314 Omnem
406 1250 533 1334 redegit
556 1249 671 1315 Idibus
695 1253 885 1336 pecuniam3

286 1352 421 1431 Quaerit
444 1353 604 1418 Kalendis
628 1376 756 1438 ponere.

93 1492 212 1553 erpuino.
246 1490 312 1539 Vide
328 1491 478 1554 Wesseling.
504 1491 535 1538 de
551 1490 607 1539 Iud.
650 1492 699 1540 vit:
721 1495 759 1541 uel
785 1496 880 1555 optima
909 1495 1012 1542 nomina
1036 1508 1085 1541 non
1112 1496 1195 1556 appel·
1257 1507 1260 1512 ·

59 1570 141 1618 Arch.
157 1585 215 1633 pag.
233 1571 273 1619 89.
649 1571 724 1618 londo
743 1573 811 1618 naula
823 1571 893 1634 fieri.
928 1572 1001 1621 Unde
1021 1579 1137 1633 apparet,
1155 1585 1195 1619 ne·

97 1650 200 1697 Omnem
225 1651 320 1711 redepit
348 1649 437 1698 Idibus
463 1650 606 1712 pecuniam.
648 1662 697 1710 que
714 1649 829 1697 timidum
846 1650 921 1700 fuisse
937 1651 962 1698 in
974 1651 1129 1713 appellando.
1147 1651 1195 1699 De·

59 1726 158 1790 Optimi
183 1727 339 1788 interpretes,
367 1728 498 1789 praecipue
522 1726 607 1775 Bentl.
648 1726 722 1790 nique
747 1728 812 1776 hanc
836 1730 910 1777 credo
934 1727 1007 1777 fuisse
1023 1729 1195 1777 Romanorum

59 1808 157 1869 redepit
181 1807 216 1854 ita
232 1806 433 1865 vindicaverunt,
459 1812 487 1853 ut
507 1808 607 1867 relepit,
648 1807 862 1866 consuetudinem,
879 1821 930 1856 non
947 1813 976 1855 ut
997 1808 1082 1856 eodem
1099 1808 1139 1856 die
1155 1822 1196 1869 pe·

59 1900 124 1947 quae
142 1891 178 1933 est
195 1884 273 1934 altera
283 1884 367 1941 lectio,
383 1884 466 1932 locum
476 1899 548 1946 porro
565 1884 608 1932 ha·
648 1885 736 1934 cuniae
752 1901 767 1933 a
784 1886 894 1935 debitore
911 1892 1097 1950 reposcerentur
1112 1893 1137 1935 et
1149 1886 1196 1935 sol·

60 1965 120 2013 bere
137 1980 186 2012 non
203 1965 297 2013 debeat.
315 1965 384 2012 Ante
391 1963 533 2011 Bentleium
542 1965 607 2013 idem
647 1971 773 2025 verentur,
799 1966 841 2014 sed
857 1966 979 2015 Kalendis
1000 1973 1195 2029 reposcerentur,

61 2042 152 2091 fecerat
168 2043 307 2093 Gronovius
324 2040 427 2091 Observ.
439 2041 459 2089 I.
469 2041 510 2090 20.
524 2050 549 2090 et
565 2043 605 2090 iis·
648 2043 735 2091 Idibus
758 2046 922 2095 solverentur.
948 2045 1037 2108 Itaque
1053 2045 1111 2093 novi
1127 2059 1195 2093 men-

60 2123 119 2170 dem
144 2121 193 2171 fere
218 2122 336 2184 exemplis
353 2120 501 2169 locutionem
521 2122 607 2184 proba·
648 2121 680 2169 sis
697 2123 819 2172 Kalendis
836 2125 926 2173 iterum
944 2123 1000 2171 aliis
1013 2123 1116 2172 'foenori
1134 2125 1196 2172 'darc

60 2208 141 2249 verat.
179 2203 252 2251 Adde
277 2200 401 2250 Valcken.
427 2201 458 2249 ad
483 2201 608 2250 Theocriti
647 2208 773 2263 poterant,
791 2209 865 2266 atque
882 2204 979 2251 interea
995 2202 1127 2266 dispicere,
1143 2203 1195 2265 qui-

60 2282 147 2329 Adon.
164 2296 220 2342 pag.
238 2280 294 2328 340.
314 2280 432 2328 Heinsius
449 2286 533 2328 tamen
550 2282 605 2331 Ad·
648 2280 694 2328 bus
711 2282 794 2328 daturi
814 2288 902 2329 essent.
930 2282 996 2328 Hinc
1016 2280 1104 2330 Cicero
1121 2280 1195 2330 Catil.

60 2374 155 2407 verser.
173 2374 230 2423 pag.
246 2361 303 2408 235.
321 2359 428 2423 praefert
452 2362 553 2422 relepit,
578 2368 606 2409 nt
647 2359 669 2408 I.
686 2360 710 2408 6,
729 2362 912 2409 Praetermitto
924 2361 1013 2407 ruinae
1023 2359 1195 2422 fortunarum

60 2438 138 2486 etiam
155 2436 314 2500 Oudendorp.
331 2439 363 2485 ad
387 2440 484 2502 Appul.
503 2441 605 2489 Metam.
648 2443 764 2494 tuarum,
779 2453 842 2500 quaa
857 2453 940 2487 ontnes
952 2440 1095 2499 impendere
1105 2441 1193 2500 proxi-

59 2517 110 2566 VI.
132 2531 189 2580 pag.
210 2517 268 2565 340.
288 2518 331 2580 qui
351 2518 471 2581 explicat:
492 2535 604 2568 renume·
647 2519 696 2565 ntia
716 2519 807 2565 Idibtu
827 2517 925 2565 senties.
959 2515 1099 2565 creditores
1122 2515 1194 2564 nimi·

59 2599 142 2653 ravit,
166 2611 258 2644 rursus
271 2598 394 2658 pecuniae
418 2613 542 2647 summam
567 2601 606 2648 de·
647 2610 705 2643 rum
730 2594 865 2644 Catilinam
890 2593 1011 2642 Kalendis
1035 2601 1195 2651 monuerant,

58 2677 152 2735 duxit,
170 2675 273 2731 addens,
290 2675 367 2722 talem
387 2677 507 2737 pecuniae
523 2677 606 2725 redac-
647 2681 675 2723 ut
691 2683 782 2723 sortem
805 2673 892 2722 Idibus
913 2673 1032 2722 redderet.
1067 2672 1191 2731 “Senties,

59 2754 165 2814 tionem,
195 2754 294 2816 qualem
322 2754 440 2802 volebant
465 2754 605 2804 Gronovius
646 2754 744 2816 inquit,
770 2753 856 2802 Idibus
877 2753 962 2800 ruinas
982 2752 1128 2814 impendere
1148 2751 1195 2801 for-

57 2839 84 2880 et
108 2832 250 2889 Bentleius,
269 2846 320 2879 uno
336 2832 375 2880 die
391 2831 444 2880 fieri
462 2846 511 2879 non
528 2847 605 2895 posse.
636 2839 777 2891 tunarum,
802 2846 882 2896 quum
903 2832 955 2879 dies
971 2830 1078 2890 venerit,
1106 2836 1130 2878 et
1147 2830 1195 2878 sol·

59 2912 111 2961 Sed
128 2911 250 2974 Alphius,
272 2911 379 2973 diligens
394 2910 542 2970 foenerator,
559 2918 619 2960 noe*
645 2926 703 2961 vere
719 2928 768 2961 non
780 2912 895 2975 poteris.''
913 2909 1041 2959 Kalendas
1056 2909 1143 2972 po'etae
1155 2924 1196 2973 ap·

57 2996 131 3038 verat
146 2989 270 3049 homiues,
293 2990 382 3053 quibus
402 2990 534 3052 pecuniam
550 3005 603 3040 cre·
645 2990 741 3054 pellant
754 2993 841 3039 tristes
857 2995 881 3040 et
890 2992 992 3048 celeres,
1004 2988 1126 3050 quiatum
1135 3003 1194 3037 nsu-

56 3069 140 3117 debat.
173 3067 315 3118 Columella
331 3068 425 3116 dictum
448 3069 501 3117 eius
523 3084 604 3119 serva·
646 3085 674 3118 ra
683 3077 736 3120 erat
745 3070 876 3119 solvenda:
892 3083 951 3116 nam
959 3083 988 3116 ea
997 3073 1050 3115 erat
1059 3075 1195 3117 menstrua.

543 3218 706 3241 ἥθ’-..-

452 3354 703 3420 OARMEN
750 3354 811 3416 111.

10 3538 130 3575 ι»,
134 3491 438 3675 ‘in
368 3529 438 3572 rso
440 3506 500 3571 lim
524 3507 552 3572 si
576 3507 649 3593 quis
673 3506 776 3592 impia
799 3527 899 3570 manu

338 3611 393 3675 ile
415 3615 532 3695 guttur
554 3610 705 3696 fregerit,

308 3712 459 3780 ecioutis
483 3714 600 3778 allium
623 3712 803 3778 nocentius.

253 3881 375 3933 fflMEN
392 3884 435 3933 m
650 3857 721 3904 1435.
738 3857 818 3904 “Alia
830 3871 887 3904 cum
896 3856 1091 3904 intellexerimus
1104 3870 1193 3903 nornen

436 3922 441 3932 ⁶
648 3949 712 3995 esse,
738 3936 844 3997 primam
869 3935 992 3998 syllabam
1017 3934 1118 3996 longam
1140 3949 1192 3983 esse

202 4013 275 4061 mune
286 4015 375 4062 ellium
385 4016 521 4063 nocentius.
542 4015 605 4062 Nae·
647 4015 826 4072 existimamus,
835 4021 874 4062 ut:
886 4014 939 4061 alia
947 4015 1132 4075 serpyllumque
1140 4016 1195 4063 her·

173 4090 268 4154 Apella
279 4093 345 4154 apud
356 4092 477 4143 Priscian.
488 4093 537 4142 VI.
548 4109 606 4156 pag.
648 4096 704 4142 bas:
721 4107 779 4141 cum
796 4107 854 4142 vero
878 4105 1014 4155 pronomen
1038 4097 1088 4148 est,
1116 4092 1195 4140 brevis

156 4170 193 4218 Ut
217 4172 290 4219 illum
320 4171 354 4220 Di
379 4177 477 4231 terent,
494 4175 539 4234 qui
553 4174 607 4234 pri·
648 4173 704 4230 erit,
721 4178 760 4220 ut:
778 4187 871 4234 perque
892 4172 960 4219 niuea
980 4171 1084 4218 ulium.''
1118 4171 1195 4220 Hein-

58 4244 129 4297 mum
144 4249 220 4298 oliter
243 4264 329 4312 cepam
350 4251 468 4312 protulit.
501 4251 533 4299 In
549 4251 606 4302 MS.
648 4253 698 4300 sius
714 4252 762 4299 ista
779 4251 810 4298 ad
826 4249 928 4313 Virgilii
945 4250 1034 4311 Eclog.
1051 4248 1087 4297 ΙΙ.
1107 4249 1193 4298 ll.af·

59 4327 147 4375 alium.
183 4326 281 4374 Probus
302 4327 333 4374 de
349 4327 414 4376 Arte
432 4336 564 4390 grammat.
583 4345 606 4392 p.
648 4330 740 4387 ferens,
758 4329 839 4378 addit:
857 4328 916 4379 “Sic
933 4337 957 4378 et
975 4329 1124 4379 Scholiastes
1141 4330 1193 4378 Ho-

998 4407 1063 4471 ear
