2916 5220
549 291 725 354 LIBER
770 293 817 354 Il.

380 478 474 544 Luna
497 475 598 558 mari,
625 475 827 562 Gnidiosque
852 476 981 563 Gyges,

294 583 390 663 Quem
412 586 442 647 si
457 580 641 667 puellarum
663 584 818 646 insereres
841 581 953 662 ciera,

293 687 380 750 Mire
402 705 531 772 sapaces
542 682 680 768 falleret
702 683 839 769 iaspites

336 789 520 854 Disrrimeu
544 785 724 870 obseurum,
748 787 860 854 salutis

385 889 533 956 Crinibus
556 888 754 976 ambipueque
776 889 871 958 auita.

145 1033 301 1096 Gnidiosque
320 1034 409 1096 (ἔνθα.
425 1032 579 1081 Notustuue
593 1046 660 1094 puer.
702 1034 806 1083 adiurit:
826 1033 950 1098 fallitque
974 1041 1072 1084 tuentes
1099 1034 1249 1097 serapam,

106 1111 250 1161 Commeat.
267 1113 382 1162 “Nomen
393 1112 463 1181 pueri
474 1128 506 1161 ex
523 1111 611 1170 Gaulo,
624 1111 660 1158 in·
702 1115 819 1176 tenuique
835 1117 917 1164 lateus
934 1118 1079 1165 discrimine
1095 1130 1176 1165 sexus.
1201 1116 1249 1164 Lo-

107 1191 166 1240 sula
181 1191 277 1241 Veneri
294 1206 371 1240 saera
389 1192 471 1240 Huius
487 1196 570 1238 autem
591 1191 661 1252 paeri
701 1193 818 1239 cumiam
830 1194 983 1257 comparavit
994 1195 1138 1244 Markland.
1151 1195 1183 1242 ad
1194 1193 1249 1244 Sta-

106 1269 321 1333 pulohritudinem
331 1271 419 1319 laudat
439 1271 513 1319 etiam
530 1267 660 1319 Ovidius·
702 1271 729 1319 tii
746 1271 781 1320 11.
800 1272 863 1322 silv.
880 1275 904 1321 6.
914 1275 955 1322 39.
969 1274 1102 1323 Plutarch.
1114 1275 1140 1322 iu
1152 1274 1250 1323 Theseo

107 1349 165 1398 Iam
181 1349 208 1398 iu
225 1349 315 1400 Ouidio
330 1350 393 1399 nihil
411 1357 504 1409 exstat,
524 1350 590 1412 quod
611 1349 660 1397 huo
700 1349 741 1398 23.
762 1350 793 1399 de
813 1350 875 1400 sesto
896 1357 947 1401 τῶν
968 1353 1144 1418 ὠσχοφορίων,
1165 1359 1251 1402 narrat

106 1427 195 1478 referri
210 1429 295 1492 possit.
320 1429 402 1493 Legit,
419 1435 488 1492 puto,
502 1428 659 1479 Commenta·
701 1428 797 1478 Thesea
813 1431 947 1496 ἐξαγαγεῖν
959 1435 1011 1481 τῶν
1021 1432 1138 1492 συνήθων
1148 1434 1249 1482 νεανίσ-

107 1512 148 1554 tor
169 1522 256 1556 versus
279 1507 417 1556 scholastici
437 1508 535 1570 politae,
552 1506 596 1570 qui
616 1521 659 1555 110·
701 1525 752 1557 κων
761 1508 962 1575 δύοθηλυφανεῖς
972 1511 1128 1576 ὀφθῆναικαὶ
1136 1513 1251 1577 νεαρούς,

106 1600 166 1634 men
194 1584 276 1636 Ovidii
296 1593 426 1636 sumserat.
456 1587 497 1635 De
517 1599 568 1649 quo
592 1598 660 1634 more
700 1592 726 1635 et
742 1587 864 1648 docuisse,
882 1589 915 1646 ὡς
934 1590 970 1638 ἔνι
986 1589 1096 1654 μάλιστα
1114 1591 1250 1655 παρθένοις

58 1706 63 1715 .
106 1679 182 1728 saepe
198 1664 261 1714 dixi.
279 1667 320 1714 Ita
333 1665 434 1715 Servius
451 1666 483 1712 ad
500 1664 549 1713 IV.
568 1663 659 1727 Georg.
701 1663 856 1729 ὁμοιοῦσθαι,
873 1668 915 1717 rai
931 1667 1008 1732 μηδὲν
1025 1669 1158 1732 φαίνεσθαι
1165 1667 1249 1734 διαφέ-

107 1745 165 1793 495.
186 1758 219 1794 ex
235 1746 321 1794 eodem
342 1744 426 1795 Ovidii
442 1744 540 1792 laudat:
566 1745 603 1792 aa
617 1759 659 1792 ra·
701 1760 810 1806 ροντας,
827 1745 950 1810 ἐμβαλεῖν
966 1744 1001 1804 εἰς
1018 1747 1065 1796 τὸν
1084 1752 1135 1797 τῶν
1152 1747 1249 1813 παρθέ-

102 1825 192 1885 pitur,
214 1825 328 1888 vixitque
347 1826 429 1873 serael.
458 1822 532 1883 Quod
552 1823 578 1870 in
601 1837 660 1871 vero
701 1840 754 1871 νων
776 1823 892 1889 ἀριθμὸν,
910 1827 952 1874 καὶ
975 1825 1105 1874 διαλαθεῖν
1122 1826 1250 1883 ἅπαντας.

106 1901 201 1952 Ovidio
223 1918 273 1953 non
289 1903 418 1967 reperitur.
444 1903 530 1951 Fletus
556 1900 660 1952 Ouidius
701 1902 772 1951 Idem
794 1903 858 1954 Stat.
879 1904 914 1954 V.
939 1905 1017 1954 Theb.
1039 1907 1097 1957 437.
1130 1907 1251 1968 Ammpuo

106 1995 158 2030 non
175 1983 259 2030 malus
275 1983 347 2046 poita
364 1980 439 2030 fnisse
455 1981 560 2030 videtur.
591 1980 659 2031 Stro-
701 1983 861 2032 uouemere
870 1984 994 2033 lacessant
1006 1985 1141 2033 Oebalidae
1151 1985 1249 2046 pemiai.

105 2062 159 2124 pha
183 2077 288 2126 sequens
312 2077 370 2110 eum
395 2069 521 2110 auctorem
546 2061 661 2110 habuisse
702 2059 1248 2125 ColumelladeReRustJ.Praefat.p.389.

106 2147 195 2202 potest.
221 2140 286 2191 Sunt
302 2139 329 2188 in
347 2140 504 2203 Anthologia
519 2141 661 2190 Burmanni
703 2143 862 2208 Attamitique
878 2145 1003 2192 miramur
1022 2149 1106 2205 pestus
1120 2144 1248 2206 effemina-

107 2219 191 2268 multa
199 2219 340 2268 huiusmodi
351 2220 410 2268 ficta
417 2219 533 2277 nomina,
544 2221 625 2268 multa
634 2221 659 2268 in
703 2226 801 2284 torum,
817 2225 882 2283 quad
898 2238 915 2271 a
930 2229 1026 2271 matura
1041 2238 1127 2272 seuam
1137 2223 1202 2270 airu
1209 2224 1249 2272 de·

106 2300 331 2364 vetereinterprete
342 2301 498 2358 Imaum.
515 2300 659 2349 advs.259.
701 2305 818 2362 aepatam
846 2302 961 2350 uruliehri
993 2305 1062 2349 matu
1091 2301 1250 2350 mentiantur

143 2381 225 2438 Quem
242 2381 264 2427 si
278 2381 425 2442 puellarum
440 2381 561 2429 insereres
578 2383 658 2432 citare.
701 2380 875 2442 decipiantque
891 2381 973 2428 oeulos
989 2380 1164 2440 spectantium.
1187 2378 1249 2427 Ele·

106 2457 143 2506 Hi
159 2472 245 2506 versus
266 2459 298 2506 ad
319 2464 498 2521 argumentum
518 2459 592 2522 plane
609 2474 658 2509 non
701 2464 790 2519 gauter
797 2458 823 2506 in
835 2456 1200 2518 similitudinevultusVirgil.
1213 2456 1247 2506 X.

108 2537 210 2586 faciunt.
234 2537 330 2599 Lalage
350 2551 403 2587 esse
424 2538 496 2587 debet
518 2538 617 2587 initium
633 2546 659 2589 et
700 2536 766 2584 Aen.
783 2537 844 2585 390:
862 2537 954 2599 gemini
969 2540 1041 2584 erant
1055 2535 1183 2585 simillima
1192 2552 1247 2599 pro·

108 2617 173 2666 finis.
197 2617 274 2665 Nunc
289 2631 333 2679 per
356 2617 467 2678 ineptum
485 2617 574 2680 Gygae
589 2632 658 2681 prae-
700 2615 749 2674 les,
765 2618 912 2664 Iudisoreta
928 2616 983 2663 suis
998 2620 1134 2677 proraeque
1157 2631 1247 2678 parea-

107 2696 208 2745 conium
232 2695 340 2757 Lalages
360 2695 536 2744 obliviscimur.
570 2696 660 2746 (Σήνας
701 2696 767 2744 tam
783 2711 862 2744 error.
874 2695 950 2744 Unde
961 2694 1122 2757 explicandus
1139 2695 1247 2744 Ambro-

106 2777 184 2825 saluti
200 2780 225 2824 et
241 2777 372 2836 ambipuus
388 2776 487 2833 uultus,
499 2789 548 2824 nou
561 2774 608 2825 soli
618 2776 658 2824 de·
699 2773 751 2822 sius
771 2773 805 2822 Τ.
820 2774 855 2822 Π.
873 2789 923 2836 pag
945 2774 1016 2823 1124.
1037 2774 1080 2837 qui
1099 2781 1125 2822 et
1145 2774 1248 2824 fratrem

108 2856 206 2918 cipiunt
221 2855 335 2918 hospites.
361 2847 489 2904 Accedere
504 2861 601 2918 oportet
617 2870 658 2904 ve·
700 2853 807 2902 hahebat
823 2852 893 2902 fratri
910 2854 1076 2901 simillimum:
1096 2855 1181 2912 Quam
1191 2870 1248 2916 pra-

108 2934 204 2982 etitum.
229 2934 284 2982 Iam
305 2933 356 2982 sive
382 2933 448 2981 dieas
473 2935 536 2982 mire
559 2948 659 2996 rapaces
701 2938 742 2981 tus
755 2948 833 2982 error.
851 2932 903 2981 Vid
915 2933 1016 2995 interpr.
1027 2934 1150 2983 adValer.
1163 2935 1248 2984 Flacc.

108 3013 161 3061 sive
181 3015 245 3061 mire
254 3012 374 3076 falleret,
396 3018 531 3074 utrumque
556 3013 597 3061 hic
622 3020 659 3064 est
699 3011 720 3058 Ι.
742 3011 839 3074 Argon.
861 3013 918 3060 368.
950 3011 1084 3062 Caeterum
1110 3012 1249 3064 Scholiasta

107 3092 241 3155 insipidum
267 3096 292 3140 et
316 3091 399 3140 versui
428 3091 565 3155 supplendo
594 3094 658 3142 adie-
700 3090 828 3138 Iuvenalis
845 3105 905 3138 usus
920 3097 959 3139 est
976 3091 1057 3139 verbis
1074 3092 1160 3152 poitae
1172 3094 1249 3141 nostri

107 3181 184 3221 ctum.
201 3173 236 3221 Et
251 3186 329 3236 quare
345 3171 452 3234 hospites
469 3172 588 3233 sapaces?
609 3174 657 3222 Sa·
700 3170 731 3216 ad
755 3169 905 3232 explicanda
933 3169 985 3219 Sat.
1009 3169 1069 3216 XV.
1097 3169 1150 3218 137.
1176 3174 1248 3220 ouius

107 3267 160 3311 pau
175 3250 280 3310 fallitur,
297 3250 341 3314 qui
357 3250 469 3298 fraudem
487 3250 626 3313 suspicatur
634 3260 659 3301 et
700 3250 833 3297 manantia
842 3249 911 3310 ,ἡνία
935 3250 989 3296 θνα
1003 3249 1130 3308 puellares
1140 3248 1249 3312 faaiuut

109 3341 198 3377 cavere
222 3329 312 3378 studet.
350 3327 435 3391 Igitur
457 3327 566 3391 hospites
591 3332 659 3392 prius
700 3329 909 3390 iaeertacapilli:
922 3327 1006 3375 dicens
1022 3330 1182 3389 “atrapaees
1192 3329 1247 3391 fal·

108 3409 232 3456 admoniti
248 3413 317 3466 suut,
334 3408 449 3456 iuvenem
466 3406 492 3454 in
504 3408 580 3457 choro
590 3411 659 3472 puel·
701 3407 762 3454 leret
770 3408 878 3468 hospites
889 3407 1022 3456 duerimem
1030 3407 1160 3455 aurearum
1170 3407 1183 3430 '⁸
1196 3407 1248 3456 Ubi

107 3487 191 3535 larum
208 3487 297 3548 latere;
314 3488 381 3551 quod
395 3493 447 3534 tam
460 3488 572 3536 additum
589 3504 659 3553 opor-
701 3485 836 3535 Gramerus
857 3487 994 3536 annotavit:
1015 3484 1082 3534 “Sed
1102 3486 1181 3549 magis
1203 3487 1246 3536 oh·

108 3566 207 3624 ruisset,
224 3581 299 3629 quam
316 3566 423 3615 alterum
439 3566 503 3614 illud
519 3567 549 3615 de
560 3571 658 3617 uestitu.
701 3580 801 3615 scuram
821 3566 880 3628 quid
901 3564 941 3613 hio
965 3565 1026 3614 velit
1046 3566 1248 3629 glossographus.

107 3645 202 3705 Libuit,
218 3647 299 3703 credo,
310 3645 386 3693 alieni
396 3660 446 3694 non
462 3647 659 3697 indoctoGram·
701 3646 745 3694 An
761 3647 853 3694 iudices
869 3644 924 3692 loeo
940 3647 1049 3707 hospites
1065 3646 1177 3707 scripsit?
1198 3645 1248 3697 Sed

107 3725 199 3772 metica
214 3723 427 3788 pulchritudinem
445 3723 534 3787 Gygae
551 3726 659 3788 amplius
700 3739 747 3772 nec
757 3725 790 3772 sic
802 3724 870 3771 alara
879 3723 939 3771 est.''
957 3723 992 3770 Et
1007 3737 1065 3771 vero
1075 3724 1179 3772 obscura
1189 3730 1249 3772 sunt

107 3803 247 3858 declarare,
265 3802 301 3850 ita
317 3808 346 3850 ut
362 3817 432 3861 eum,
450 3803 489 3851 hie
509 3804 583 3853 simul
600 3818 658 3852 cum
700 3805 777 3853 verba
794 3804 958 3861 Scholiastae‚
979 3803 1025 3851 nisi
1047 3803 1165 3860 sciamus,
1181 3801 1248 3849 uude

106 3881 216 3943 Lalage,
233 3880 329 3929 Pholoe
346 3887 371 3930 et
385 3881 503 3931 Chlor-ide
519 3881 657 3941 laudatum,
701 3890 784 3932 sumta
811 3883 868 3932 sint.
905 3883 1000 3930 Locum
1030 3880 1194 3936 scholiastae,
1220 3886 1248 3927 ut

106 3960 246 4008 ostenderet
261 3973 348 4009 revera
363 3961 473 4023 puellam
489 3960 567 4008 videri
578 3975 656 4024 posse.
699 3968 784 4026 postea
801 3961 865 4018 vidi,
882 3959 933 4008 iam
954 3965 1103 4022 exposuerat
1118 3957 1247 4009 Husekius

106 4038 190 4087 Locus
215 4038 247 4087 P.
270 4038 343 4090 Statii
359 4040 380 4088 I.
404 4039 501 4089 Achill.
522 4042 579 4090 332.
600 4055 657 4089 sum
699 4039 776 4090 Anal.
796 4055 820 4103 p.
838 4040 877 4087 55.

597 4194 759 4217 ⁴*-
