2916 5220
566 323 883 388 (tnuMINUM

340 512 515 576 Parcentee
538 532 591 597 epe
615 510 764 573 dexterae

390 599 467 678 Oet:
491 634 608 699 eperpe
629 633 742 677 rotae:
766 613 878 678 audiet
902 612 1027 679 inuictus

338 718 520 781 Dementem
542 719 707 801 strepitum
729 717 835 801 mete

384 820 430 883 Et
452 822 555 884 emm
577 822 646 883 eem'
664 840 727 882 rtem
755 817 868 883 tutelis
893 819 988 902 [syro.

341 923 457 1007 Spr'serr
481 932 510 986 te
534 921 668 986 nitidum
692 942 797 1004 cerm,

382 1026 475 1090 Puro
497 1035 526 1089 te
553 1024 702 1107 elmr'lM,
732 1025 883 1110 Telephe,
912 1025 1067 1109 Vespero,

345 1138 540 1222 Tempeetr're
557 1142 642 1222 petit
666 1137 776 1203 cete:

369 1240 424 1303 Me
447 1240 548 1305 lentur
577 1240 729 1326 Glycerae
752 1250 851 1305 torret
874 1263 962 1306 amer
983 1263 1076 1307 meae.

161 1399 189 1442 ut
206 1393 252 1442 hoe
268 1392 334 1452 1000,
352 1395 441 1442 titium
461 1391 649 1454 Berecyntiam,
659 1391 707 1455 fir·
751 1393 1209 1455 mendationepulchritudinishaberi
1220 1397 1306 1459 possit,

161 1474 256 1532 tulum,
273 1479 298 1522 et
315 1475 406 1535 lyram
752 1473 845 1522 dubito.

194 1554 335 1601 Parcentee
347 1567 389 1614 epe
401 1552 517 1600 dexterae
528 1553 576 1600 odi.
602 1550 640 1599 At
655 1558 709 1599 erut
785 1555 859 1600 Puro
876 1557 901 1601 te
916 1552 1035 1609 similem,
1048 1553 1164 1614 Telephe,
1188 1554 1306 1614 Vespero.

161 1629 304 1678 mnrivium
320 1629 351 1678 de
367 1628 495 1693 symbolis,
506 1636 531 1677 et
543 1635 640 1676 sumtus
652 1642 709 1676 eon-
751 1630 821 1681 Haeo
841 1631 965 1694 quomodo
985 1645 1044 1678 eum
1069 1629 1242 1693 superioribus
1263 1645 1306 1679 eo·

162 1708 252 1759 stituti.
751 1710 882 1768 haereant,
903 1724 954 1758 non
979 1716 1090 1772 apparet.
1123 1709 1171 1757 Est
1196 1710 1308 1758 imitatio

194 1790 376 1852 sperneretur,
396 1787 479 1850 Igitur
490 1788 616 1835 hibernae.
633 1786 709 1841 Num,
751 1786 798 1835 loci
815 1802 828 1836 e
846 1788 893 1838 IV.
912 1788 997 1838 Germ.
1009 1789 1046 1836 ll.
1066 1789 1214 1848 Telephum,
1232 1804 1307 1851 quem

161 1867 237 1916 etium
261 1866 282 1915 si
307 1881 398 1929 equum
419 1865 517 1929 ignibus
543 1870 710 1927 temperatam
752 1872 780 1914 tu
800 1869 881 1930 petit,
902 1867 1033 1928 oeerrprm't
1062 1866 1122 1914 Nem
1143 1868 1307 1915 temeretis

162 1947 192 1996 cle
217 1946 307 1996 balneo
330 1945 431 2008 accipis,
451 1944 612 2007 cogitandum
629 1944 709 2004 magis
750 1949 862 1995 iuuenem
876 1948 964 2010 puella
982 1947 1061 1994 Dives
1081 1951 1106 1993 et
1123 1946 1229 1994 lurcium.

162 2032 199 2076 est
215 2024 312 2073 coelum
329 2023 451 2087 frigidius,
467 2022 709 2088 quamuermumvel
788 2029 944 2090 Ternpertiua
967 2028 1034 2089 petit
1060 2024 1146 2074 Glrln'e'.
1181 2027 1226 2074 Ex
1251 2027 1306 2076 Ho-

161 2106 291 2154 aeetr‘uum.
310 2103 473 2167 Splendidum
488 2119 547 2153 vero
558 2102 709 2163 convivium,
751 2112 797 2153 rut.
824 2104 859 2153 11.
882 2104 967 2155 carm.
992 2107 1015 2154 t.
1033 2120 1069 2153 vs.
1090 2107 1127 2154 15.
1162 2108 1226 2154 Iam
1242 2123 1301 2169 pro·

161 2184 183 2232 si
200 2190 271 2231 tantu
287 2198 374 2233 eurum
390 2185 460 2247 eopia
476 2191 546 2241 esset,
564 2190 593 2230 ut
609 2198 708 2247 sparge·
751 2189 822 2231 terra
844 2185 939 2232 Fronte
960 2190 1028 2246 petet
1049 2185 1146 2246 Lulape
1166 2187 1305 2233 nmrr'tum.

161 2268 255 2311 rentur.
750 2263 818 2311 Hine
841 2261 917 2311 etium
941 2263 1081 2325 Telephum
1105 2262 1214 2312 similem
1239 2277 1306 2326 puro

195 2345 343 2393 Dementem
363 2345 498 2406 strepitum
520 2345 613 2406 Lpeue.
651 2342 707 2390 Iam
749 2342 862 2405 Vespero
879 2341 943 2390 feeit.
968 2341 1088 2390 Horatius
1099 2341 1199 2390 dixerat
1212 2357 1251 2392 vs.
1264 2343 1305 2392 19.

161 2427 255 2470 eertum
271 2422 372 2470 domum
393 2422 519 2485 designet,
543 2438 619 2486 supra
637 2428 710 2485 roget
754 2424 791 2470 Ut
807 2437 875 2484 pure
890 2427 1013 2470 erueturne
1027 2422 1215 2470 renidetLuma
1226 2425 1305 2472 nturi.

161 2517 209 2564 quo
223 2505 359 2562 praebente
375 2504 489 2551 dentum?
753 2503 909 2562 Tempestira
946 2500 970 2548 h.
1005 2500 1022 2548 l.
1056 2513 1106 2549 non
1134 2508 1225 2563 aptum
1253 2503 1305 2565 epi·

194 2581 234 2627 Et
257 2583 342 2629 ultima
366 2583 419 2630 reni
443 2595 493 2629 rum
518 2581 610 2629 tutiltr
632 2581 706 2642 Lyce.
750 2581 843 2629 theton.

161 2659 338 2721 Exspectmses
355 2673 445 2708 nomen
461 2661 565 2709 ricimere.
599 2657 709 2708 Currum
779 2659 824 2708 Me
833 2661 915 2707 lentur
923 2658 1048 2719 Glycerae
1056 2662 1136 2705 terret
1145 2673 1304 2710 amerrneue.

162 2739 254 2786 letitie
269 2740 323 2785 reni
340 2738 486 2801 appelletur,
503 2738 610 2795 difficile,
627 2737 708 2794 erede,
749 2738 838 2786 Horat.
855 2736 876 2786 I.
894 2736 977 2786 Germ.
998 2736 1035 2784 19.
1052 2750 1088 2785 vs.
1111 2738 1135 2785 ὅ.
1174 2739 1240 2787 Urit
1265 2756 1306 2789 me

161 2823 264 2864 narratu
277 2823 340 2864 esset
352 2816 399 2878 ipsi
412 2818 505 2880 poetae.
522 2817 598 2865 Forte
611 2832 708 2879 expres·
753 2819 877 2879 Glycerae
893 2817 970 2864 nitor.
997 2815 1078 2864 Alibi:
1096 2813 1142 2864 Me
1152 2820 1236 2866 terret
1239 2819 1306 2882 free

162 2894 206 2950 sit,
223 2895 289 2956 quod
305 2894 425 2943 Horatius
441 2895 490 2944 IV.
508 2894 592 2944 Germ.
613 2895 650 2942 ll.
668 2896 707 2944 31.
750 2901 850 2952 rrrutua,
872 2900 907 2942 et:
931 2897 962 2944 st
984 2901 1080 2944 torrere
1103 2896 1172 2943 ieeur
1197 2899 1306 2957 quaerre

161 2975 260 3022 vocavit
282 2975 417 3035 dieperem.
443 2973 548 3036 Aliquid
569 2972 640 3021 nobis
660 2989 709 3022 nen
748 2974 879 3029 terreum,
904 2981 939 3022 et:
953 2974 1124 3032 Quemlentir
1133 2975 1239 3036 penitus
1250 2992 1303 3024 mu-

162 3056 245 3103 tabile
261 3053 364 3110 dicitur,
385 3067 435 3116 quo
456 3059 514 3116 apte
535 3052 571 3100 uti
587 3066 637 3100 non
654 3067 709 3116 pos·
749 3068 818 3100 cerer
843 3054 950 3114 lenitur.
984 3053 1016 3101 In
1041 3053 1098 3103 MS.
1123 3053 1198 3103 Voss.
1226 3069 1306 3118 supra

162 3147 256 3182 sumus.
273 3133 335 3182 Vid.
351 3132 472 3181 Burman.
486 3131 612 3181 udVeler.
624 3132 707 3181 Flete.
749 3144 835 3179 vocem
853 3137 944 3189 terret,
966 3139 1095 3196 tamquam
1112 3147 1158 3197 pro
1174 3134 1248 3183 varia
1267 3135 1303 3184 le·

161 3212 225 3262 VII.
242 3213 299 3262 231.
749 3213 829 3261 ctione
851 3213 971 3275 scriptum
997 3219 1047 3263 est:
1073 3216 1136 3262 urit.
1170 3214 1250 3264 Forte
1275 3215 1304 3263 in

196 3293 285 3354 Spreta
302 3298 327 3341 te
342 3292 453 3341 mitidum
469 3306 545 3341 eorm.
562 3292 603 3340 Ex
619 3292 708 3341 Horat.
749 3291 806 3340 aliis
823 3291 899 3342 MSS.
918 3291 974 3341 fuit:
996 3293 1043 3342 Me
1068 3294 1150 3341 lemma
1178 3294 1304 3356 Glyceree

162 3371 211 3420 1v.
223 3372 307 3422 Germ.
319 3372 343 3419 3.
360 3372 400 3419 Et
412 3372 508 3434 rpr‘reae
523 3386 651 3420 metuerem
667 3387 706 3421 eo·
749 3374 804 3420 urit
820 3387 891 3420 emor
912 3386 987 3420 mere.
1022 3370 1170 3421 Senudonus
1192 3379 1305 3434 quatuor

162 3466 224 3499 nme.
247 3452 292 3500 An
308 3453 390 3514 spiere
406 3450 492 3513 eapitis
509 3464 580 3498 eoma
595 3449 622 3497 in
638 3465 705 3498 mm·
749 3450 850 3498 ultimos
868 3463 953 3498 versus
969 3448 1058 3497 omisit.

645 3597 803 3622 -Οὒμ

545 3729 791 3794 CARMEN
837 3729 914 3794 XX.

341 3885 427 3966 Non
451 3895 558 3980 vides,
582 3902 705 3982 quanto
728 3917 859 3962 moveas
882 3896 1019 3982 pericIO,

343 3999 483 4084 Pyrrhe,
510 3999 670 4066 Gaetulae
693 4000 818 4065 catulos
842 4001 994 4065 leaenae?

321 4179 473 4229 CARMEN
491 4180 552 4228 XX¹
750 4151 857 4202 Carmen
890 4152 1023 4201 obscurum
1054 4159 1078 4202 et
1112 4153 1156 4201 vix
1189 4153 1300 4202 Horatio

749 4233 775 4280 di
811 4248 861 4281 um.

196 4276 251 4362 Ν
246 4325 276 4359 on
293 4312 371 4370 elder,
387 4317 481 4372 quanto
497 4325 593 4360 rnorem
608 4313 707 4375 periclo.
775 4247 909 4362 g(lietetulue
932 4315 1029 4362 catulos
1053 4314 1165 4364 leaenae?
1199 4313 1299 4362 Abesse
