2916 5220
632 327 949 391 cartularii-r

407 526 418 575 t
428 517 573 604 'allem'sse
598 520 700 587 r'mat,·
724 524 863 599 metuque
874 513 1018 599 jeraidr's

404 622 531 684 licitam
554 622 650 699 rotis,
670 615 839 701 palmaque
863 614 974 680 mobilis

399 724 568 787 Terrarum
592 721 741 785 dontinus
766 719 875 784 evehit
899 719 940 783 ad
965 720 1061 785 Deos.

399 827 514 908 Hunc,
540 826 567 891 si
591 824 764 889 mobilium
789 823 885 887 turba
909 822 1087 902 Quiritium

400 929 512 995 Certat
536 926 726 1014 tergeminis
751 925 865 990 toliere
888 926 1084 990 honoribus:

219 1107 302 1155 Deum
327 1106 429 1154 iaciunt.
466 1104 515 1152 Hic
541 1118 583 1166 per
608 1101 719 1164 Quirites
740 1101 768 1147 iit
786 1106 788 1165 i
806 1105 881 1161 gunt,
899 1108 923 1147 et
940 1100 966 1147 in
983 1101 1117 1150 certamine
1135 1101 1276 1150 vincuntur.
1307 1103 1359 1152 Res

219 1187 300 1243 Deus,
323 1183 503 1233 felicissimus.''
536 1183 613 1231 Recte
634 1179 711 1228 oratio
728 1178 765 1225 in·
786 1168 896 1242 'quippe
917 1180 942 1227 in
965 1194 993 1228 eo
1015 1181 1169 1241 vertebatur,
1194 1189 1219 1230 et
1239 1183 1360 1232 hocerat

217 1265 309 1328 cipitur
326 1267 391 1315 hunc
408 1266 438 1313 ai.
468 1262 570 1311 Persius
581 1261 616 1320 V,
628 1262 668 1309 53.
700 1261 768 1309 Velle
805 1257 1008 1319 paravictoriae,
1026 1258 1132 1322 siquis,
1151 1261 1359 1324 quamproxime

216 1359 288 1393 raum
305 1347 393 1408 cuique
409 1349 458 1403 eat,
474 1357 519 1391 rrec
535 1347 590 1390 uoto
600 1343 698 1389 vivitur
710 1353 766 1387 nna.
804 1343 897 1398 posset,
916 1343 1008 1385 metam
1025 1337 1263 1398 circumveheretur,
1280 1346 1306 1388 et
1321 1347 1358 1388 ta-

217 1424 346 1472 Merm'bus
362 1425 403 1472 hic
416 1423 495 1470 Italis
509 1425 593 1468 statut
607 1433 642 1480 sq.
667 1418 767 1466 Incerta
804 1430 862 1464 men
879 1430 933 1464 eam
950 1429 998 1464 non
1012 1422 1132 1478 tangeret.
1156 1417 1212 1466 Hoc
1223 1431 1296 1466 nemo
1308 1419 1358 1468 Ro·

217 1507 242 1548 et
263 1501 409 1562 perturbata
430 1497 618 1548 constructionis
641 1495 704 1543 ratio
726 1494 764 1542 iu·
803 1510 892 1544 manus
915 1494 951 1543 ita
968 1494 1114 1557 simpliciter
1130 1495 1229 1544 vocavit
1246 1498 1360 1558 euitare,

217 1587 334 1641 terpretes
346 1578 418 1627 unice
430 1578 509 1625 torsit.
522 1575 680 1636 Oudendorp.
690 1572 765 1622 etiam
803 1575 845 1622 sed
871 1579 963 1624 aretam
987 1576 1122 1637 atriupere,
1142 1577 1244 1635 radere,
1261 1581 1357 1634 terere,

216 1657 241 1705 in
267 1657 375 1705 Annott.
398 1656 473 1705 MSS.
500 1656 575 1717 longa
600 1651 765 1715 disputatione
800 1669 928 1716 premere,
950 1668 1065 1715 creuere.
1100 1654 1171 1714 Quae
1191 1653 1293 1715 quidem
1314 1669 1357 1702 no·

216 1737 323 1786 ostendit
341 1738 444 1800 vulgata
461 1736 519 1785 ferri
535 1750 584 1785 uon
597 1748 679 1797 posse,
692 1740 715 1781 ct
728 1732 762 1779 le·
803 1732 866 1780 tiora
883 1739 953 1791 sunt,
976 1746 1052 1794 quam
1074 1738 1102 1778 ut
1123 1731 1244 1794 exemplis
1264 1733 1357 1781 confir·

216 1815 264 1876 git:
286 1817 424 1878 palmaque
448 1817 537 1864 nobilia
561 1816 700 1862 Terrarum
721 1814 763 1860 ‹la-
802 1827 878 1860 mem.
900 1811 977 1860 Haud
991 1818 1075 1859 tamen
1089 1809 1275 1873 negligendum,
1288 1813 1355 1874 quod

215 1896 295 1942 mtrms
314 1895 336 1941 si
357 1896 437 1942 metit
458 1896 493 1941 ad
509 1895 586 1942 Deae.
624 1892 701 1938 Hauc
719 1891 763 1951 (sc.
802 1890 901 1940 monuit
922 1889 963 1940 (il.
986 1889 1136 1952 Lentingius
1157 1887 1183 1937 in
1204 1890 1242 1938 ed.
1264 1890 1354 1938 Horat.

215 1971 294 2032 iuvat)
312 1973 334 2019 ri
351 1973 477 2020 arabilium
496 1985 530 2033 aq.
550 1984 579 2017 ac
596 1978 681 2032 postea
696 1968 762 2018 Wit·
803 1970 946 2034 Groningae
963 1986 986 2020 a.
1005 1971 1078 2020 1843.
1100 1970 1168 2018 aliud
1189 1984 1242 2019 esse
1258 1973 1357 2020 evitare

215 2049 318 2097 hovium
344 2049 370 2096 in
396 2049 502 2112 Specim.
529 2047 653 2099 Gunther.
681 2062 706 2108 p.
731 2049 764 2096 63
783 2048 785 2115 ξ
801 2057 826 2099 et
842 2053 937 2109 vitare,
963 2057 992 2098 ut
1013 2065 1039 2098 v.
1057 2064 1080 2098 c.
1105 2049 1199 2099 Seneca
1214 2048 1297 2112 Epist.
1315 2050 1355 2098 93.

147 2146 149 2151 ·
215 2128 345 2176 coniecisse
363 2127 426 2175 uidit
441 2131 465 2176 ai
480 2130 565 2176 vitatu
583 2129 646 2175 rotis
656 2141 692 2188 sq.
716 2126 763 2175 Sed
783 2130 785 2169 !
805 2133 876 2191 Quid
891 2134 926 2180 ad
941 2147 993 2180 rem
1003 2133 1129 2193 pertinet,
1144 2133 1265 2193 quamdiu
1281 2134 1355 2190 amca,

214 2206 333 2270 quidquid
351 2208 459 2270 egerint,
482 2221 580 2269 quoquo
601 2221 627 2255 se
646 2207 765 2255 verterint
783 2189 785 2228 Ι
801 2213 866 2272 qaod
886 2213 982 2259 evitare
998 2225 1047 2258 aaa
1061 2211 1148 2272 poam.
1181 2209 1292 2268 Auctor,
1310 2210 1353 2258 do-

213 2300 298 2334 omnes
315 2285 469 2348 interpretes,
486 2285 550 2333 nihil
567 2285 724 2344 invenerunt,
738 2284 764 2331 in
802 2289 881 2337 ctrina
898 2296 922 2338 et
939 2289 1094 2338 humanitate
1111 2288 1230 2350 insignis,
1252 2294 1355 2337 annota-

214 2381 263 2430 quo
271 2367 405 2427 Horatium
417 2379 545 2429 agnoscas.
557 2364 689 2415 Caeterum
702 2364 765 2414 aliae
802 2366 881 2416 tiones
898 2374 997 2417 tanturn
1012 2369 1043 2415 ad
1058 2367 1144 2418 Carm.
1155 2368 1192 2427 Π,
1204 2369 1289 2419 7-12
1300 2382 1355 2431 per-

214 2459 303 2495 causae
320 2452 391 2505 sunt,
412 2459 458 2493 cur
476 2457 522 2507 ego
539 2444 583 2492 hos
600 2458 687 2493 versus
704 2458 762 2506 spu·
802 2447 920 2505 duxerat,
946 2461 1024 2509 quum
1049 2461 1115 2495 mors
1139 2446 1275 2495 immatura
1295 2461 1354 2496 eum

213 2524 262 2574 rios
289 2525 409 2585 iudicem,
435 2526 466 2574 de
490 2539 541 2587 qua
566 2538 592 2573 re
616 2522 765 2586 singulatim
801 2525 955 2575 Academiae
972 2525 1148 2588 Groningauae
1167 2531 1192 2574 et
1208 2525 1288 2574 literis
1303 2527 1355 2576 eri·

213 2618 344 2666 exponam.
801 2603 865 2666 puit.
898 2605 985 2667 Neque
1003 2603 1064 2653 mihi
1080 2603 1121 2652 hic
1138 2604 1220 2667 placet
1232 2619 1283 2653 vox
1295 2607 1355 2668 pal·

247 2685 315 2732 Sunt
327 2696 389 2745 quaa
399 2682 525 2730 curriculo
535 2683 661 2742 palearem
676 2681 763 2742 Olym·
802 2699 852 2732 ma.
880 2683 943 2733 Alia
959 2683 1023 2731 ratio
1034 2689 1083 2743 est,
1100 2683 1199 2746 quando
1208 2687 1298 2746 palma
1309 2698 1356 2746 pro

211 2764 284 2824 pium
321 2761 451 2822 Collepa'ase
466 2761 548 2807 iuvat.
582 2758 637 2807 Iam
655 2759 765 2821 primum
801 2764 909 2811 victoria
930 2762 1051 2821 sumitur,
1075 2776 1155 2825 neque
1177 2762 1285 2824 amplius
1307 2762 1355 2810 aii·

213 2843 340 2890 curriculo
361 2839 478 2901 ambigue
499 2838 602 2886 dictum.
637 2840 704 2887 Nam
725 2838 763 2886 in·
802 2843 862 2906 quid
874 2842 1005 2904 cogitatur.
1030 2844 1107 2891 Nunc
1117 2848 1203 2891 auctor
1214 2842 1284 2891 uobis
1296 2849 1355 2892 ante

214 2919 294 2983 telligi
319 2925 399 2982 potest
422 2927 447 2968 et
472 2933 574 2977 carrus,
600 2924 625 2967 et
645 2918 764 2967 stadium.
801 2922 886 2971 oculos
903 2923 986 2985 posuit
999 2923 1145 2985 Olympiam
1154 2923 1356 2984 pulvereamma-

214 2999 312 3049 Deinde
329 2998 413 3048 omnia
424 2997 551 3061 exempla,
569 3013 632 3061 quae
643 2997 764 3047 Horatius
802 3007 855 3049 tam
879 3003 1015 3060 critatem,
1043 3015 1089 3048 cur
1113 3014 1163 3048 non
1189 3006 1214 3048 et
1237 3016 1355 3050 corariam

213 3085 400 3137 commemorat,
417 3077 496 3140 petita
513 3083 762 3126 suntcxconsuetu-
800 3081 952 3142 oleaqimam,
973 3078 1101 3141 proprium
1123 3077 1227 3128 Graecis
1247 3094 1354 3138 munus,
1431 3072 1434 3077 ’

215 3155 273 3205 dine
283 3155 348 3205 vitae
356 3157 490 3206 Romanae.
508 3155 674 3215 Nominasset,
684 3157 763 3215 credo,
801 3158 912 3206 addidit?
955 3158 1040 3220 Quare
1063 3157 1179 3206 nonnulli
1204 3157 1353 3222 interpretes

214 3234 297 3298 potius
321 3235 478 3298 triumphurn
504 3236 660 3296 Romanum,
688 3250 764 3299 quam
800 3235 841 3284 hic
866 3237 897 3284 de
922 3235 988 3283 ludis
1012 3236 1131 3285 Romanis
1156 3237 1197 3299 agi
1221 3238 1354 3299 putabant.

213 3329 254 3365 eos
270 3314 355 3376 ludos,
368 3316 393 3363 in
411 3315 501 3379 quibus
518 3316 609 3378 populo
625 3330 678 3365 esse
694 3331 762 3379 spec-
800 3314 877 3362 Forte
899 3314 994 3363 auctori
1016 3315 1159 3377 exemplum
1176 3315 1292 3378 praebuit
1310 3316 1354 3366 Se·

213 3395 297 3444 taculo
319 3395 426 3445 Romani
450 3401 523 3458 turpe
540 3395 671 3444 ducebant.
710 3396 761 3444 De·
800 3408 861 3442 neca
881 3393 907 3441 in
929 3394 1041 3457 Thyeste
1061 3409 1099 3440 vs.
1123 3395 1182 3443 409.
1218 3395 1355 3443 Celetrum

213 3475 290 3537 nique
303 3474 422 3522 Horatius
439 3474 550 3537 loquitur
565 3475 595 3523 de
611 3474 764 3536 quotidianis
800 3474 884 3521 iuueni
901 3475 1000 3530 stadia,
1019 3489 1067 3535 per
1083 3488 1147 3536 qaae
1163 3475 1268 3522 academ
1286 3475 1354 3522 Pal-

214 3552 343 3600 hominum
361 3551 458 3599 studiis.
492 3551 559 3600 Ludi
576 3559 659 3600 autem
677 3551 763 3615 Olym·
800 3566 867 3598 mam
890 3558 998 3613 pateram
1022 3567 1072 3600 mora
1096 3554 1170 3600 semel
1191 3567 1271 3602 carru
1294 3556 1353 3602 tadi.

214 3629 263 3693 pici
288 3629 375 3692 quinto
399 3642 497 3691 quaque
523 3643 587 3677 anno
609 3628 765 3677 celebraban—
800 3627 867 3675 Nam
884 3627 920 3676 sic
937 3628 969 3676 ibi
987 3628 1235 3691 legendumeMSS.
1254 3630 1353 3680 Dehio·

214 3718 264 3757 tur.
281 3709 369 3770 Neque
377 3707 496 3755 Horatius
505 3707 546 3754 hic
554 3708 676 3771 posuisset
685 3711 764 3770 iurat,
782 3758 784 3777 =
800 3707 839 3755 nis
855 3722 899 3770 pro
915 3710 1013 3756 mobilia.

214 3787 257 3852 qui
283 3801 343 3835 mox
367 3785 507 3849 scripserit:
538 3789 654 3836 “Multaa
678 3795 764 3837 castra
833 3788 913 3834 Ham
929 3787 951 3834 si
967 3788 1094 3834 ambitium
1105 3789 1181 3835 turba
1196 3787 1355 3845 Quiritium.

214 3869 329 3918 iuvant.''
363 3867 498 3930 Elegantes
520 3869 605 3930 potitae
626 3867 652 3915 in
675 3868 719 3916 tali
738 3884 765 3918 re
800 3864 945 3914 Broukhus.
964 3863 990 3912 in
1008 3864 1114 3913 Annott.
1127 3864 1205 3915 MSS.
1216 3866 1354 3924 mabiliam,

215 3948 291 3996 verba
306 3947 392 3996 eadem
410 3960 459 3994 nou
476 3952 601 4010 repetunt.
801 3958 860 3993 nam
877 3950 902 3993 et
919 3946 1040 3994 nobilium
1057 3945 1149 4003 fertur,
1171 3944 1210 3992 his
1231 3944 1355 4008 exemplis

248 4027 486 4090 Metaqueferuidia
505 4027 616 4075 Eritata
631 4027 765 4089 ratiapal·
802 4032 895 4072 tuetur.
927 4024 985 4072 “Ita
1006 4023 1143 4086 antiquitus
1165 4024 1258 4073 lectum
1278 4022 1356 4072 iirisse

215 4122 304 4169 raraque
326 4107 425 4155 modilia.
460 4107 534 4154 Meta
564 4106 661 4156 evitata
689 4107 764 4164 rotis,
801 4111 869 4167 patet
893 4119 924 4153 ex
942 4103 1088 4166 fragmentis
1107 4103 1272 4163 Scholiastae,
1290 4118 1356 4167 quae

216 4197 265 4231 non
291 4189 404 4232 accurate
433 4183 468 4232 rei
493 4183 622 4232 veritatem
648 4184 763 4232 ostendit.
802 4182 916 4245 producit
933 4183 1021 4231 Barth.
1040 4182 1148 4231 Advers.
1166 4182 1209 4230 lib.
1227 4181 1315 4231 XLII.
1327 4182 1354 4230 4.

216 4261 283 4309 Nam
305 4266 330 4308 et
350 4259 387 4307 illi
406 4266 499 4308 metam
515 4260 623 4318 evitant,
648 4260 690 4322 qui
707 4275 764 4310 cur·
803 4262 866 4310 adde
887 4260 959 4310 Delr.
984 4261 1016 4308 ad
1034 4260 1120 4310 Senec.
1141 4261 1215 4310 Herc.
1232 4262 1296 4311 Fur.
1315 4275 1354 4308 rs.

216 4355 272 4389 rum
289 4339 363 4400 longo
380 4354 395 4386 a
411 4345 477 4387 meta
496 4339 628 4388 intervallo
644 4338 764 4389 circnma·
783 4360 785 4383 ι
805 4341 860 4388 169.
900 4339 987 4389 Cicero
1019 4354 1063 4402 pro
1094 4341 1218 4389 Muraena
1245 4341 1283 4391 17.
1308 4353 1356 4402 pro
