2916 5220
649 338 964 400 CilltMINUM

416 525 560 590 invicem
584 524 735 588 moechos
760 545 842 587 anus
867 531 1057 607 arrogantes

416 627 525 692 Flebis
551 627 584 690 in
610 628 678 691 solo
703 627 785 691 levis
810 627 1005 711 angiportu,

413 731 547 795 Thracio
571 731 751 794 bacchante
773 730 881 814 magis
908 731 969 794 sub
994 731 1096 794 inier-

504 833 596 898 lunia
620 840 718 899 vento

414 938 522 1016 Quum
547 937 608 1001 tibi
631 937 772 1021 flagrans
797 959 888 1001 amor
911 943 944 1000 et
967 935 1086 1018 libido,

416 1039 506 1118 Quae
530 1040 614 1104 solet
637 1046 757 1104 matres
786 1039 904 1103 furiare
928 1060 1103 1124 equorum,

419 1141 548 1207 Saeviet
572 1142 657 1206 circa
681 1142 768 1206 iecur
791 1142 994 1221 ulcerosum,

504 1245 580 1309 Non
604 1246 674 1310 sine
698 1251 834 1330 questu,

415 1348 516 1413 Laeta
540 1349 627 1433 quod
650 1350 752 1433 pubes
779 1349 898 1413 hedera
921 1348 1040 1412 virenti

344 1466 349 1473 '
416 1452 567 1517 Gaudeat
589 1453 682 1537 pulla
705 1452 811 1536 magis
836 1456 934 1536 atque
957 1455 1086 1534 myrto,

415 1554 534 1620 Aridus
558 1555 688 1620 frondes
713 1555 830 1620 hiemis
855 1553 959 1619 sodali
1002 1534 1006 1553 '

503 1658 639 1724 Dedicet
664 1659 761 1722 Euro.

236 1798 413 1861 intelligentes,
446 1812 549 1846 numero
576 1805 659 1848 tamon
690 1797 783 1861 plurali
826 1797 885 1844 Iam
902 1797 1018 1858 subrepet
1034 1797 1102 1844 iners
1123 1800 1206 1850 aetas,
1224 1811 1269 1844 uec
1284 1813 1373 1846 amare

237 1884 346 1935 utamur,
363 1883 391 1924 ut
408 1876 523 1939 temporis
540 1877 728 1924 diuturnitatem
741 1890 782 1923 au·
824 1877 918 1925 decebit
934 1877 1028 1923 Dicere
1044 1889 1087 1923 nec
1103 1889 1165 1922 cane
1182 1875 1319 1922 blanditias
1331 1891 1372 1924 ca·

237 1970 346 2015 neamus.
372 1955 469 2004 Locum
486 1955 584 2003 Horatii
601 1962 687 2003 contra
704 1957 780 2004 Bent-
822 1956 885 2016 pite.
919 1955 995 2002 Nunc
1017 1955 1076 2013 levia
1101 1957 1137 2000 est
1162 1956 1299 2002 tractanda
1324 1956 1370 2002 Ve-

237 2033 311 2082 lcium
325 2033 458 2082 vindicavit
474 2033 612 2081 Burmann.
625 2033 656 2079 ad
669 2030 743 2081 Ovid.
761 2031 781 2079 Ι.
824 2050 879 2083 aaa.
905 2034 976 2082 Idem
992 2032 1087 2082 (libuli,
1104 2031 1157 2083 1.7.
1175 2033 1371 2080 [intestanter.

237 2112 336 2161 Heroid.
354 2114 377 2160 9.
404 2113 458 2160 Nec
475 2112 537 2159 aiibi
548 2111 679 2173 quaerenti
689 2112 782 2172 spatio-
825 2113 859 2160 Et
875 2113 912 2160 sio
928 2112 994 2175 apud
1010 2112 1093 2174 poetas
1104 2111 1244 2173 saepissime
1260 2112 1372 2174 [eampo

237 2204 280 2239 aar
294 2192 390 2256 fallere
411 2195 499 2240 noctes.
533 2189 570 2239 Ut
587 2189 620 2237 ibi
636 2189 782 2251 legendum,
824 2192 893 2239 nitur
914 2191 945 2239 de
961 2190 1076 2238 omnibus
1099 2189 1186 2246 rebus,
1206 2203 1268 2252 quas
1289 2189 1371 2238 adole·

238 2281 288 2316 uon
304 2274 408 2318 uectem.
436 2266 550 2317 Oudend.
567 2267 598 2315 ad
615 2267 712 2330 Appul.
729 2266 782 2315 Me·
824 2271 916 2319 scentia
932 2269 993 2326 fert,
1010 2270 1051 2318 sed
1069 2274 1175 2319 aetatem
1195 2270 1371 2330 provectiorem

234 2354 292 2396 tam.
303 2363 358 2412 pag.
368 2347 424 2399 277.
441 2353 466 2396 et
476 2348 614 2395 Burmann.
626 2345 657 2394 ad
668 2344 781 2407 Propert.
825 2350 950 2398 dedecent.
984 2347 1135 2411 Interpretes
1153 2350 1228 2395 leuem
1244 2362 1321 2395 unam
1332 2363 1371 2396 ac-

234 2426 256 2475 1.
273 2428 310 2476 16.
326 2428 367 2476 23.
383 2426 634 2483 Memedt'eenoetee,
645 2440 683 2473 me
699 2426 782 2473 sidera
824 2427 932 2491 cipiunt,
945 2442 1007 2490 quae
1018 2440 1063 2489 pro
1074 2427 1182 2490 supuda
1191 2426 1284 2489 facilis
1293 2427 1371 2489 facto

233 2521 314 2568 provio
338 2507 459 2556 iacentem
486 2506 641 2567 Friqiduque
666 2503 720 2552 Boii
744 2519 783 2552 me
824 2512 874 2565 est,
896 2505 935 2554 vel
952 2507 1049 2554 abiecta
1069 2506 1180 2563 eteritis,
1205 2504 1246 2553 vel
1267 2521 1330 2569 cepa
1346 2514 1372 2556 et

234 2585 300 2634 dolet
311 2598 378 2633 aura
389 2585 452 2646 pelo.
478 2583 513 2631 Et
524 2582 560 2630 II.
570 2583 611 2630 23.
623 2582 663 2630 21.
681 2584 784 2641 Inane,
824 2599 914 2632 errans
933 2599 980 2647 per
1000 2585 1173 2647 aupipertam,
1193 2583 1234 2631 vel
1255 2584 1373 2648 denique,

235 2669 259 2712 et
276 2669 357 2712 noctes
374 2665 439 2713 duce
455 2678 556 2711 trrarrere
572 2664 644 2711 derisi.
675 2661 724 2710 Ubi
741 2677 782 2710 ao·
824 2669 853 2710 ut
874 2661 1002 2718 Reiskius,
1024 2664 1134 2712 tenuiter
1154 2664 1249 2712 amicta
1266 2672 1373 2727 propter

235 2748 285 2792 rtet
301 2743 366 2793 idem
387 2743 455 2791 valet
477 2749 552 2803 atquc
568 2745 651 2789 nocta.
681 2739 782 2789 Petrou.
823 2747 1010 2804 paupertatem.

235 2836 289 2885 cap.
306 2823 347 2871 81.
367 2825 458 2872 Iacent
475 2836 543 2870 nune
564 2821 668 2882 eblipeti
686 2827 779 2870 umato·
861 2821 970 2869 Thracio
987 2822 1131 2870 bacchante.
1159 2821 1243 2870 Valde
1259 2821 1321 2870 mihi
1334 2838 1372 2870 ar-

235 2915 288 2956 rea,
305 2902 419 2950 noctibus
437 2901 506 2948 tot-is.
826 2900 890 2947 ridet
918 2899 1057 2948 emendatio
1091 2900 1210 2950 Bentleii:
1244 2905 1373 2951 bacchata.

269 2979 348 3026 Levis.
382 2979 456 3027 Leuis
482 2992 547 3026 aaut
577 2977 663 3027 acerbe
688 2978 782 3025 dictum
826 2978 911 3039 Quum
929 2985 958 3026 tu
974 2980 1053 3042 magis
1067 2979 1206 3037 baccharis,
1223 2995 1298 3043 quam
1315 2996 1373 3030 ven·

235 3062 282 3105 est.
306 3056 393 3115 Anus,
411 3071 474 3119 quae
490 3057 573 3104 vivere
586 3056 655 3119 cupit
671 3062 699 3103 ut
715 3054 782 3105 iuva·
826 3064 866 3105 tus
885 3057 1007 3106 Thracius
1024 3059 1070 3106 sub
1086 3058 1228 3107 interlunia.

235 3135 273 3183 nis
290 3135 381 3197 puella.
408 3136 497 3185 Talem
518 3135 638 3183 Horatius
654 3135 783 3197 descripsit
859 3139 941 3186 Laeta
965 3140 1032 3199 qood
1056 3139 1133 3199 pubes
1157 3140 1248 3186 ladem
1272 3140 1374 3186 tarenti.

235 3216 320 3279 Lycen
337 3215 386 3264 IV.
404 3215 489 3265 Germ.
509 3217 546 3264 13.
556 3215 595 3278 fis
611 3230 688 3271 orara,
701 3220 726 3262 et
743 3220 781 3262 ta·
826 3214 894 3264 Male
911 3215 977 3278 apud
997 3215 1063 3264 Mar,
1084 3214 1207 3264 Victorin.
1224 3231 1281 3279 pag.
1298 3217 1373 3266 2605.

234 3311 291 3343 raca
312 3297 357 3344 Vis
370 3296 485 3358 fortunari
511 3293 591 3344 videri
612 3295 741 3355 Ladieqae
757 3299 782 3341 et
825 3295 907 3343 Laeta
924 3296 987 3357 quid
1000 3297 1086 3356 pubes.

235 3375 297 3422 otta
313 3376 451 3436 impudens.
469 3372 620 3423 ntchlorin
633 3371 779 3421 HLCarm.
858 3373 939 3421 Euro.
974 3372 1016 3419 Ex
1038 3373 1179 3421 coniectura
1199 3374 1327 3436 Rutgersii
1348 3385 1374 3424 et

239 3452 274 3500 15.
289 3452 398 3502 Mature
408 3456 510 3517 propior
519 3455 602 3502 desine
608 3452 696 3512 sanai
705 3453 781 3500 Inter
824 3450 930 3498 aliorum
955 3452 1054 3514 egregie
1075 3466 1091 3499 a
1111 3450 1226 3500 Bentleio
1245 3466 1370 3502 commen-

235 3533 319 3580 ladere
344 3533 460 3596 cirqiuee.
487 3533 572 3596 Turpe
597 3539 646 3592 est,
671 3538 700 3579 ut
722 3531 780 3580 dicit
823 3531 888 3579 data.
914 3531 991 3581 MSS.
1008 3531 1087 3593 vulgo
1103 3531 1196 3579 habent
1215 3533 1314 3582 Hebro:
1331 3537 1372 3582 cui

235 3608 353 3665 Ovidius,
375 3626 445 3660 ortior
466 3614 557 3661 seruilis.
588 3611 682 3660 Tibull.
707 3610 728 3658 1.
757 3612 779 3659 l.
822 3609 922 3660 lectioni
941 3610 1025 3660 favere
1041 3612 1204 3660 imitationem
1221 3611 1370 3673 Claudiani,

234 3688 274 3737 69.
287 3688 519 3752 durrrfctasimmt‚
530 3691 663 3752 iunpovrus
673 3704 779 3738 erueres.
823 3690 928 3752 putabat
946 3689 1048 3740 Gesner.
1066 3692 1097 3739 ad
1114 3691 1218 3740 XXVI.
1235 3693 1292 3740 339.
