2916 5220
245 343 307 405 132

651 341 968 404 CARMINUM

426 525 496 589 lam
521 530 554 589 tc
577 528 746 608 sequetur:
771 522 872 588 currit
895 521 984 586 enim
1007 521 1099 587 ferox

419 628 521 693 Aetas
546 633 579 693 ci
603 626 673 710 illi,
699 648 781 712 quos

814 625 875 691 tibi
899 625 1092 712 dempserit,

463 730 619 815 Apponct
642 749 761 795 annos:
785 727 852 793 iam
879 733 1031 813 proterva

509 833 630 897 Fronte
653 836 744 918 petet
767 830 890 914 Lalage
913 830 1088 914 maritum,

420 936 568 1018 Dilecta,
593 942 755 1021 quantum
778 956 845 999 nan
869 934 992 1000 Pholoe
1015 935 1134 1020 fugax,

421 1039 497 1103 Non
522 1038 671 1120 Chloris,
695 1038 771 1102 albo
794 1036 841 1102 sic
864 1037 1000 1102 humero
1024 1037 1152 1120 nitens,

463 1142 511 1208 Ut
533 1164 616 1229 pura
639 1147 803 1207 nocturno
825 1141 954 1207 renidet

236 1261 293 1316 psat
305 1271 371 1304 urna
382 1257 515 1314 Bacchus,
526 1262 551 1305 et
563 1257 672 1305 arboreis
683 1257 786 1305 redeunt

236 1345 282 1380 saa
304 1350 409 1383 munau
434 1336 522 1383 rumis.
564 1334 617 1384 Ubi
641 1335 787 1398 legendum:

235 1413 295 1460 dum
310 1415 388 1475 plara
404 1419 505 1476 turpeat
521 1430 571 1462 raca
589 1416 715 1464 Bacchus.

270 1491 363 1540 Currit
383 1495 449 1542 enim
463 1494 543 1555 ferax
576 1495 657 1542 Actus
682 1499 707 1541 ct
730 1494 787 1554 illi,

234 1585 294 1632 qum
319 1573 367 1620 titt
387 1574 535 1634 dempserit,
559 1575 676 1636 Apparet
698 1587 785 1621 annos.

234 1649 266 1696 In
283 1664 335 1698 uno
351 1650 409 1700 MS.
421 1651 490 1699 Leid.
509 1657 594 1709 caret,
610 1649 694 1698 addito
710 1664 786 1712 supra

234 1744 256 1777 r.
284 1729 316 1777 In
333 1729 418 1777 eodem
437 1729 492 1778 MS.
508 1729 532 1776 in
548 1729 661 1792 margine
671 1736 785 1777 notatum

228 1807 319 1871 seraa
337 1808 411 1869 Quod
421 1806 537 1855 nonnihil
551 1807 622 1855 iuvat
636 1805 785 1856 Wakefieldi

227 1886 327 1948 supas,
338 1887 381 1949 qui
397 1900 502 1949 sequens
520 1885 615 1934 Pholoe
625 1885 713 1949 fupac
728 1899 784 1932 mu-

234 1971 271 2012 tat
287 1965 313 2013 in
323 1964 412 2028 seror.
437 1964 468 2012 In
480 1963 584 2012 caetum
599 1964 668 2011 locus
685 1970 723 2012 est
739 1962 784 2010 dis-

234 2042 367 2091 ficillimus.
389 2042 543 2093 scholiastae
565 2057 643 2091 armas
665 2041 784 2106 interpre-

234 2128 319 2171 tantur
335 2123 413 2180 rires,
439 2121 525 2172 aetatis
550 2121 647 2180 florem,
672 2121 784 2184 vigorem

233 2204 259 2246 ot
275 2200 438 2262 voluptatem.
472 2201 506 2250 Et
522 2200 573 2248 tale
594 2200 688 2263 aliquid
705 2202 784 2265 requi·

232 2276 303 2327 ritur.
337 2279 405 2327 Nam
422 2279 444 2327 si
460 2294 539 2328 aanor
555 2279 653 2342 proprie
670 2280 783 2342 accipias,

232 2356 365 2420 significat:
383 2357 484 2406 “Aetas
494 2356 541 2406 tibi
557 2358 587 2406 de
603 2358 696 2407 maiore
706 2373 781 2406 enno-

232 2451 289 2485 rum
311 2442 411 2486 tuorum
434 2437 505 2500 capia
525 2436 659 2486 nonnullos
680 2437 783 2496 adimet,

231 2529 321 2579 eosque
330 2516 401 2565 annis
410 2516 520 2578 Leleges
530 2515 651 2565 adiiciet.''
669 2514 724 2563 Hoc
733 2520 781 2564 est:

231 2601 256 2644 te
273 2594 345 2644 faciet
361 2594 494 2652 iuniorem,
513 2595 583 2643 illam
601 2600 681 2643 aetate
696 2608 782 2657 prore·

232 2673 342 2722 ctiorcm.
369 2673 407 2722 Ut
423 2688 448 2721 r.
466 2687 488 2721 c.
505 2673 562 2722 Liv.
571 2672 624 2720 111.
642 2673 682 2721 32.
700 2675 780 2721 Deus·

232 2758 286 2800 tum
309 2755 339 2801 de
359 2754 384 2801 ui
406 2754 585 2814 nrapistratus,
604 2752 693 2814 populi
708 2753 780 2800 liber·

232 2833 283 2880 tuti
292 2832 421 2880 adiiceret.
440 2829 514 2880 oua.
525 2830 602 2879 XIV.
612 2830 714 2878 Metam.
724 2830 781 2880 732.

231 2912 272 2959 Et
287 2926 351 2973 quac
367 2911 491 2958 derisistis
504 2912 584 2968 uitae,
598 2911 657 2957 date
669 2915 781 2972 tempora

223 2990 322 3054 famae.
355 2987 450 3038 Seneca
465 2987 564 3037 Consol.
582 2988 614 3035 ad
637 2987 717 3037 Marc.
738 2990 779 3038 20.

230 3071 280 3117 Illi
301 3070 363 3131 ipsi,
379 3070 424 3131 qui
443 3069 628 3118 adiiciebantar
645 3070 780 3118 adolescen-

229 3149 282 3196 tiae
291 3149 364 3206 anni,
378 3148 446 3196 tritae
461 3149 668 3196 detrahebantur.
694 3146 780 3196 Orien·

229 3227 279 3276 tius
296 3226 445 3277 commonit.
463 3226 485 3274 Ι.
511 3228 630 3290 Quodque
645 3229 693 3276 sibi
710 3229 779 3277 dem-

228 3309 273 3370 sit,
288 3309 376 3356 melius
393 3308 559 3368 reparabitur
579 3307 626 3354 illi.
653 3304 724 3354 Talis
739 3305 779 3353 in·

229 3384 373 3448 terpretutio
389 3399 465 3448 quam
481 3385 565 3447 inepta
582 3383 627 3442 sit,
644 3399 716 3434 namo
729 3399 778 3433 non

228 3463 302 3512 ridet.
312 3463 562 3527 significarequaque
573 3463 670 3526 poterit:
683 3465 779 3514 “Aetas

229 3540 302 3590 faciet
323 3548 394 3590 tuam
410 3542 488 3590 vitam
505 3541 654 3603 breviorem,
669 3544 777 3607 Leleges

228 3620 391 3684 longiorem.”
411 3620 453 3671 Sic
470 3619 597 3670 interdum
608 3622 739 3685 optabant,
750 3630 780 3671 ut

228 3703 259 3751 da
275 3702 326 3750 suis
344 3701 415 3749 annis
432 3700 491 3750 dare
502 3700 574 3749 alteri
584 3707 692 3764 possent,
704 3717 777 3764 quem

227 3782 359 3844 praecipue
382 3779 507 3829 amabant.
549 3779 630 3841 Quale
650 3787 688 3829 est
713 3780 777 3829 illud

228 3859 352 3924 Propertii
369 3860 419 3908 IV.
439 3860 477 3907 ll.
495 3861 534 3909 95.
567 3860 641 3918 Quod
657 3861 720 3908 resilui
735 3862 776 3910 de·

228 3944 339 3988 tractum
355 3944 504 4001 euasurus
521 3939 623 3988 accedat
639 3939 675 3987 ad
691 3953 777 3989 anuos.

227 4017 377 4066 Ambrosius
393 4019 465 4067 Tom.
481 4018 517 4066 11.
535 4016 558 4080 p'.
578 4017 650 4066 1186.
677 4018 729 4066 Nec
737 4032 779 4079 epo

226 4097 307 4145 uacuo
323 4098 464 4145 irumatura
486 4098 563 4146 abisse
587 4101 682 4152 aetate,
706 4112 778 4157 quem

226 4183 328 4225 nostrae
343 4179 411 4225 uitae
428 4177 581 4239 tenporibus
591 4176 692 4239 fulcire
706 4190 776 4236 cupe-

226 4271 321 4315 remus,
337 4261 367 4304 ut
383 4258 413 4304 de
429 4257 523 4304 nastris
536 4258 611 4303 annis
623 4256 724 4312 uiueret,
734 4257 778 4317 qui

219 4333 300 4396 ‚faur
316 4349 365 4382 uon
378 4335 466 4396 potuit
476 4335 537 4383 suis.
555 4333 641 4395 Atque
657 4347 686 4381 eo
694 4347 777 4413 pensu

828 1262 924 1304 rectum
933 1262 971 1303 est
979 1271 1103 1318 apponere
1113 1269 1200 1314 annos,
1210 1262 1239 1304 ut
1247 1255 1381 1318 Aristoph.

830 1333 942 1383 Avibus:
975 1333 1043 1382 ἀλλὰ
1069 1333 1188 1400 τριακόσι’
1212 1334 1300 1391 αὐτοῖς
1321 1331 1382 1382 'Era

829 1411 1003 1477 rrpoaSs'paovc’
1020 1413 1117 1478 ὄρνιθες
1140 1415 1192 1472 ἔτη.
1227 1412 1277 1462 Sed
1302 1413 1381 1461 etiam

829 1490 893 1539 sslud
910 1506 926 1539 a
935 1499 1019 1540 mente
1030 1492 1116 1554 potitae
1127 1491 1238 1541 alienum
1249 1478 1295 1540 estss
1310 1490 1382 1541 Vide

827 1569 979 1619 Bentlcium.
1014 1570 1132 1634 Superest
1148 1576 1173 1619 et
1189 1570 1239 1618 alia
1254 1570 1331 1631 ratio,
1352 1577 1382 1619 ut

828 1649 887 1696 anni
912 1649 965 1698 sine
987 1663 1071 1698 amore
1096 1655 1281 1713 praetereuntes
1302 1652 1382 1698 deusti

828 1728 948 1786 dicantur,
965 1728 1012 1776 hoc
1033 1733 1070 1776 cst
1088 1729 1196 1789 perditi,
1215 1734 1243 1775 ut
1259 1727 1334 1778 Titus
1352 1729 1381 1777 in

827 1820 855 1855 re
865 1805 966 1856 meliore
975 1806 1083 1855 dicebat:
1103 1808 1178 1856 Mem
1186 1809 1297 1870 perdidi.
1311 1809 1381 1859 Sunt

827 1884 853 1932 in
869 1884 916 1932 hoc
932 1884 985 1933 loco
1002 1891 1100 1948 praeter
1120 1886 1165 1934 has
1186 1885 1250 1935 eliae
1272 1887 1381 1937 difficul-

827 1970 901 2023 tates,
910 1978 972 2026 quss
981 1978 1125 2013 enumerare
1133 1963 1238 2026 longum
1249 1971 1295 2014 est.
1312 1967 1380 2015 Ben-

827 2043 901 2092 tleius
915 2043 1054 2106 ingeniose,
1080 2049 1110 2091 ut
1126 2043 1201 2101 solet,
1226 2045 1334 2093 coniicit:
1353 2051 1381 2095 ct

826 2124 878 2183 illi,
894 2125 961 2184 quad
977 2124 1024 2170 tibi
1044 2123 1173 2180 ιίιιιιιινὶι,
1195 2124 1312 2184 Apparet
1331 2138 1378 2171 au-

826 2215 883 2249 reas.
909 2200 974 2249 Vel:
991 2206 1016 2250 ct
1031 2202 1085 2259 illi,
1102 2206 1162 2262 quat
1184 2202 1231 2250 tibi
1246 2203 1378 2260 deraserit,

827 2281 944 2341 Apparet
957 2293 1042 2327 anuos.
1058 2277 1113 2326 Hoc
1124 2284 1173 2326 est:
1190 2280 1338 2341 “Quantum
1347 2287 1377 2329 tu

826 2371 997 2415 consenesces,
1013 2363 1113 2405 tanturn
1120 2355 1320 2408 illaadolescet.”
1338 2359 1375 2407 Il·

825 2436 870 2484 lud
887 2442 971 2484 amen
979 2443 1132 2500 postremum
1142 2450 1193 2484 non
1204 2443 1266 2500 puto
1278 2452 1376 2498 verum,

825 2516 884 2579 quia
901 2514 1031 2578 Lelegeia
1041 2529 1069 2564 eo
1080 2521 1141 2574 erat,
1152 2521 1180 2563 ut
1191 2521 1375 2585 maturesceret.

825 2595 860 2642 Et
875 2595 901 2642 in
918 2594 998 2656 priore
1019 2595 1161 2642 coniectura
1176 2610 1259 2644 cauus
1274 2596 1376 2645 omnino

825 2672 983 2736 accipiendus
1003 2678 1057 2723 erat
1082 2673 1112 2721 de
1133 2688 1183 2723 uuo
1203 2689 1276 2722 anuo.
1308 2674 1376 2722 Mihi

825 2751 851 2799 in
875 2759 984 2802 mentem
1011 2753 1090 2800 venit:
1119 2759 1144 2801 ct
1164 2754 1218 2812 itti,
1241 2755 1306 2816 quod
1327 2756 1376 2803 tibi

823 2835 943 2882 deamata
949 2868 956 2894 ‚
975 2836 1093 2896 Apparet
1101 2848 1190 2881 auum.
1206 2833 1303 2896 Lalage
1312 2847 1375 2882 non-

824 2911 883 2958 dum
901 2918 1000 2960 matura
1011 2917 1055 2960 cst.
1073 2911 1146 2959 Tolle
1157 2911 1298 2974 cupidinem
1309 2928 1375 2963 uvae

823 2990 931 3039 immitis.
957 2990 1030 3052 Nega
1047 2989 1092 3038 tibi
1109 3003 1176 3037 nnnc
1192 2989 1313 3051 fructum3
1330 2991 1374 3040 ab·

822 3069 897 3118 stine:
923 3084 1016 3126 annus,
1041 3069 1115 3118 breve
1139 3075 1256 3132 tempus,
1280 3071 1375 3134 duplici

823 3149 946 3197 suavitate
963 3149 1007 3198 tibi
1022 3148 1150 3212 rependet,
1167 3149 1232 3211 quod
1249 3163 1317 3198 nunc
1328 3164 1373 3198 cu·

822 3226 868 3289 pis.
894 3226 974 3276 Differ
991 3226 1134 3290 cupidinem
1151 3233 1229 3276 tuam.
1263 3229 1374 3291 Tempus

821 3304 934 3368 Lelegas
950 3312 1063 3355 maturae
1079 3311 1104 3354 et
1123 3319 1195 3354 suam
1211 3307 1280 3355 dabit
1300 3308 1371 3371 cupi-

822 3383 905 3433 dinem
922 3391 946 3433 et
963 3392 1043 3445 tuam,
1060 3400 1111 3448 qus
1135 3399 1203 3434 nunc
1219 3386 1304 3445 ardes,
1326 3401 1371 3450 ap·

820 3470 902 3525 ponet.
928 3463 1033 3526 Duplici
1049 3464 1144 3526 Lalage
1161 3463 1288 3527 flagrabit,
1305 3471 1330 3514 et
1347 3472 1373 3515 te

820 3542 875 3604 ipsa
890 3547 965 3604 patet.
983 3541 1084 3603 Quanto
1100 3542 1174 3604 plura
1189 3542 1235 3590 tibi
1251 3557 1317 3591 nunc
1329 3558 1372 3593 ne·

821 3621 931 3683 gereris,
951 3626 1021 3669 tanto
1041 3621 1115 3684 plura
1138 3622 1209 3671 brevi
1233 3629 1288 3685 post
1309 3622 1372 3672 acci-

820 3699 878 3761 pies.
921 3699 965 3749 Ab
989 3699 1037 3748 hac
1061 3701 1158 3749 ratione
1187 3714 1238 3748 non
1262 3701 1372 3752 multum

821 3777 873 3825 abit
888 3776 985 3828 Comm.
1003 3778 1093 3842 Cruq.:
1112 3785 1236 3842 quantum
1253 3782 1302 3830 titi
1318 3784 1371 3833 iam

820 3859 968 3920 umentibus
985 3857 1043 3920 (leg.
1061 3858 1227 3921 carpentibru)
1244 3861 1318 3908 auru
1328 3876 1369 3910 aa·

820 3937 931 3997 luptatis
948 3938 1082 3997 ommate,
1100 3943 1202 3985 tautum
1218 3943 1370 3990 maturaru-

821 4016 931 4077 luptatis
947 4021 1055 4078 reponet.

853 4095 970 4143 Renidet.
996 4095 1028 4143 In
1044 4093 1120 4144 MSS.
1133 4093 1257 4145 D'Orrill.
1268 4099 1371 4147 renitet.

819 4171 881 4222 Vid.
892 4171 1082 4236 Oudendorpius
1094 4174 1125 4221 ad
1138 4173 1249 4238 Appulei
1265 4173 1370 4226 Metam.

820 4267 876 4315 pag.
898 4252 953 4302 108.
970 4252 1031 4301 Vox
1048 4251 1122 4300 nihili
1146 4259 1171 4302 et
1192 4259 1272 4302 metro
1294 4268 1369 4318 repu-

821 4345 908 4393 gneus.
