2916 5220
578 292 897 356 ChltlllNUllI

350 479 466 545 Nudus
491 488 599 544 oaistra
621 484 697 563 peto
721 484 754 543 et
778 478 949 563 transfuga
972 477 1115 543 divitum

439 583 553 647 Partes
578 582 725 666 linquere
747 581 872 666 gestio,

352 685 545 751 Conterntae
568 684 721 749 dominus
746 683 948 767 splendidior
970 684 1033 761 rei,

351 790 458 868 Quam
482 788 527 870 si,
553 787 712 873 quidquid
736 793 807 851 arat
828 787 969 872 impiger
991 787 1142 872 Apulus,

351 893 522 957 Oeoult‘rre
545 891 627 956 meis
651 890 773 982 <licerer
795 890 935 973 horreis,

439 997 577 1079 Magnas
602 995 688 1058 inter
711 1016 788 1078 opes
812 994 916 1079 inops.

352 1100 457 1163 Purae
481 1098 570 1162 rivus
594 1119 697 1182 aquae
721 1097 870 1181 silvaque
894 1096 1044 1182 iugerum

351 1203 534 1266 Paucorum
560 1205 592 1266 et
616 1200 736 1285 segetis
763 1207 850 1265 certa
872 1200 953 1265 fides
977 1222 1082 1281 meae,

353 1304 551 1388 Fulgentsm
575 1302 711 1387 imperio
734 1301 854 1366 fertilis
878 1301 1009 1366 Africae

440 1409 544 1473 Fallit
568 1413 653 1473 sorte
677 1408 809 1473 beatior.

174 1605 238 1666 qnod
260 1605 342 1653 estin
363 1609 448 1651 nostra
468 1608 593 1664 potestate.
627 1602 662 1649 Iit
679 1602 721 1665 qui
762 1602 794 1649 ad
811 1601 900 1650 Rutilii
917 1602 968 1650 lter
987 1601 1008 1649 I.
1026 1602 1065 1650 91.
1098 1599 1187 1649 Valer.
1206 1600 1314 1650 Maxim.

174 1683 236 1730 nihil
253 1683 368 1745 eupiunt,
389 1681 414 1729 in
436 1682 483 1729 hoe
503 1681 555 1744 ipso
576 1681 641 1742 quod
658 1681 720 1729 nihil
762 1680 810 1730 IV.
833 1683 856 1730 ll.
894 1681 980 1729 titulo
1005 1681 1123 1741 imaginis
1143 1680 1199 1727 eirea
1219 1681 1313 1742 speeie·

173 1764 287 1825 eupiunt,
312 1762 404 1811 hahent
425 1760 535 1819 divitias,
557 1774 607 1808 non
628 1776 643 1808 a
665 1760 720 1808 Diis
740 1732 743 1845 l
761 1761 813 1808 sius
833 1774 882 1808 non
903 1765 1003 1822 recepta
1025 1761 1179 1814 Dictatura,
1204 1758 1316 1806 aliarum

174 1842 303 1903 accipiunt.
339 1843 361 1887 4
385 1842 449 1888 Diis
462 1840 548 1902 serre,
573 1847 610 1888 est
634 1850 743 1888 revera!
741 1846 833 1902 qesta
861 1841 969 1888 amorim
990 1845 1081 1902 potest.
1124 1837 1226 1886 Enuod
1252 1837 1316 1886 Vita

175 1920 273 1967 divitias
289 1921 411 1981 accipere,
429 1933 488 1966 narn
504 1926 528 1967 et
541 1919 586 1966 has
597 1920 640 1967 Dii
653 1919 720 1967 dant.
741 1894 897 2007 lEpiphanii
913 1933 971 1981 pag.
982 1920 1038 1967 403.
1073 1919 1174 1967 Diuites
1188 1918 1317 1966 exermtua

176 1999 213 2048 Ut
221 1999 353 2048 Horatius
372 1998 410 2047 Di
422 1999 468 2047 trba
478 1999 581 2046 diuitias
592 1999 720 2046 dederunt.
741 1976 743 2043 l
764 2003 819 2046 tuos
833 1997 919 2060 faciet
940 2003 1064 2047 enitentia
1083 1996 1205 2070 pecunia,
1227 1995 1314 2058 aequi-

212 2077 359 2140 Pramfapn
373 2078 481 2126 diuitum
498 2078 593 2124 Partes
603 2078 721 2138 linquere.
742 2056 814 2124 lata
830 2077 958 2126 amieos.

176 2156 291 2205 Laetant.
308 2156 342 2205 II.
365 2155 448 2204 Instit.
465 2156 488 2204 8.
522 2156 574 2213 Qui
591 2154 744 2202 murima
799 2155 930 2218 Quidquid
940 2155 1021 2203 arat
1011 2167 1116 2215 rnrpager
1128 2150 1238 2214 Apulus.
1257 2151 1316 2200 Non

176 2235 331 2296 argumentis
351 2234 509 2296 inipuqnuvit
529 2248 580 2294 eor,
601 2235 646 2295 qui
664 2249 722 2296 pra·
742 2258 744 2265 ·
742 2222 832 2296 piper
852 2232 930 2283 MSS.
952 2231 1086 2295 quaedam,
1107 2237 1136 2277 ut
1157 2237 1240 2277 metro
1260 2243 1316 2292 pro-

176 2313 314 2361 videntium
325 2313 571 2369 nanessealiaerunt,
580 2315 645 2361 idem
655 2327 723 2361 nune
763 2312 905 2375 spiceretur.
939 2311 1021 2359 Huius
1038 2311 1074 2359 rei
1090 2311 1112 2358 si
1127 2315 1209 2357 metus
1221 2308 1316 2364 fuisset,

176 2393 250 2453 quasi
266 2393 383 2455 proditor
403 2393 498 2454 aliquis
514 2398 562 2440 ant
578 2391 723 2454 transfuga,
743 2408 745 2415 ·
764 2392 883 2440 Horatius
904 2391 1011 2439 scribere
1030 2388 1170 2452 potuisset:
1192 2389 1317 2450 quidquid

175 2472 359 2531 prouidentiam
376 2477 481 2520 conatus
497 2477 534 2520 ast
553 2472 646 2520 tollere.
764 2488 833 2533 aras,
849 2473 956 2534 impiger
973 2472 1063 2534 Apule.
1096 2467 1183 2530 Qualis
1192 2469 1317 2531 Apostro-

212 2548 358 2598 Contemtae
378 2551 493 2599 daniinus
508 2550 663 2612 splendidior
679 2548 723 2597 rei.
764 2552 813 2614 phe
838 2551 905 2614 apud
929 2550 1014 2613 poitas
1041 2547 1176 2596 admodum
1196 2544 1317 2609 frequens

177 2628 259 2678 Schol.
277 2629 336 2677 MS.
352 2628 460 2677 Franek.
475 2629 723 2690 Pareeeompositae.
765 2631 898 2678 invenitur.

176 2705 285 2754 Videtur
310 2715 334 2755 et
358 2707 415 2765 ille,
439 2715 468 2755 ut
491 2707 533 2755 alii
556 2707 724 2766 scholiastae,
799 2711 910 2772 Magnas
926 2711 994 2757 inter
1010 2721 1067 2769 opes
1083 2705 1161 2768 inops.
1193 2703 1316 2753 Ambros.

177 2783 267 2846 legisse
291 2790 428 2834 contentae.
470 2784 528 2833 Non
551 2785 725 2847 intelligebant
766 2789 796 2838 Τ,
822 2788 843 2837 Ι,
869 2804 925 2852 pag.
946 2789 1000 2837 193,
1033 2789 1069 2835 In
1092 2785 1198 2834 sumrnis
1218 2784 1318 2831 dimtiis

177 2862 300 2918 homines,
325 2865 447 2925 quomodo
472 2864 560 2926 aliquis
586 2863 726 2925 appelletur
765 2871 844 2930 inops.
886 2867 981 2930 Appul.
1007 2866 1042 2915 11.
1072 2865 1103 2912 de
1128 2862 1224 2912 Philas.
1251 2863 1317 2911 Mor.

177 2941 290 2989 dominus
307 2942 354 2999 rei,
375 2958 451 3006 quam
476 2943 611 2990 oontemnit
634 2948 659 2990 et
675 2956 725 2991 non
745 2884 747 3001 l
766 2963 790 3010 p.
807 2947 864 2996 250.
901 2946 1010 3003 caelat,
1027 2945 1141 3007 quamvis
1156 2944 1211 2990 sint
1228 2943 1319 3004 opibus

177 3020 290 3080 POSSidet·
324 3021 373 3070 Sed
394 3022 441 3070 hoe
460 3022 525 3084 ipso,
542 3022 602 3084 quia
617 3028 725 3071 contem·
766 3027 908 3089 affluentes,
918 3024 1132 3086 tamen,quodvel
1143 3035 1318 3069 usumearunr

177 3100 226 3157 nit,
249 3106 286 3149 est
307 3101 421 3149 dominus
446 3108 471 3150 et
487 3100 602 3150 dominus
619 3102 726 3165 splendi·
765 3107 889 3163 nesciant,
907 3105 945 3152 vel
961 3104 1086 3151 deducam
1097 3113 1140 3149 eus
1151 3099 1318 3161 aspasiam

177 3178 244 3240 dior,
262 3194 337 3242 quam
354 3180 375 3228 si
392 3181 500 3230 haberet.
532 3182 584 3229 Res
600 3187 726 3230 contemta
763 3189 860 3245 partes,
869 3184 954 3243 inopes
961 3182 1086 3230 uidentur.
1104 3177 1234 3227 Ammian.
1248 3175 1317 3224 Mar-

177 3266 214 3306 est
235 3274 274 3309 res
296 3266 349 3309 tam
369 3263 459 3317 lauta,
480 3275 557 3323 quam
576 3260 659 3307 omnia
675 3258 725 3306 fru-
766 3261 848 3310 cellin.
870 3259 960 3309 XXX.
981 3276 1006 3322 p.
1024 3259 1080 3307 449.
1115 3259 1192 3306 Inter
1207 3256 1317 3318 rapinas

177 3346 262 3388 menta
287 3339 404 3402 Apuliae.
441 3341 533 3388 Ornnia
554 3340 724 3400 possidemus,
765 3342 923 3390 insatiabiles
937 3341 1029 3402 inopes.
1055 3337 1130 3386 Pont.
1142 3333 1308 3384 Pauliana

177 3420 200 3465 si
221 3434 270 3466 non
291 3420 499 3480 cuncupiseimus,
524 3425 552 3466 ut
571 3418 657 3466 scribit
673 3417 723 3466 Mi·
767 3419 809 3468 tal.
835 3419 890 3468 VII
915 3417 1020 3467 Felicis:
1045 3417 1113 3465 inter
1137 3429 1196 3476 opes
1217 3415 1317 3476 inopes,

177 3497 262 3543 nutius
278 3495 350 3545 Felix
368 3495 454 3546 Oetav.
472 3513 528 3560 pag.
546 3498 603 3546 336.
637 3497 725 3545 Livius
766 3500 839 3559 quasi
859 3499 985 3545 Tantalus
1002 3497 1045 3545 ille
1061 3496 1137 3542 Inter
1153 3507 1241 3554 aquas.

177 3573 240 3621 talia
263 3588 385 3636 oxymora
407 3576 439 3622 ad
460 3574 566 3637 gloriam
587 3574 724 3623 transtulit.
800 3576 946 3637 Fulgentem
967 3574 1071 3636 imperio
1084 3571 1188 3635 smilis
1211 3569 1318 3633 Africae

178 3652 213 3700 11.
232 3654 271 3705 47.
308 3654 384 3701 Omni
405 3659 461 3702 aeto
482 3655 610 3714 triumpho
631 3653 724 3715 deposi-
744 3650 747 3685 ¹
769 3655 849 3702 Fallit
870 3659 936 3703 sorte
958 3653 1060 3703 aaran
1095 3649 1168 3711 Quod
1188 3649 1318 3699 Bentleius

178 3738 221 3780 tus
255 3734 399 3794 triumphus
431 3733 525 3781 clarior
548 3732 614 3794 fuit.
657 3732 725 3781 Adeo
765 3733 869 3781 eonieeit
897 3738 923 3780 et
951 3744 1101 3793 magnopere
1118 3729 1304 3778 commendarit

177 3817 264 3874 spreta
288 3813 316 3860 in
341 3816 450 3873 tempore
474 3813 572 3872 pluria,
596 3811 725 3859 interatum
759 3811 889 3875 fulgente,
911 3811 957 3858 hoe
974 3809 1050 3858 etiam
1067 3808 1208 3858 Gronovius
1226 3821 1259 3855 ex
1276 3822 1317 3856 ne·

178 3892 329 3939 cuniulatior
345 3891 419 3939 redit.
437 3889 526 3938 XXII.
538 3891 578 3938 39.
608 3889 725 3938 Gloriam
766 3891 816 3939 scio
833 3906 882 3953 quo
898 3891 955 3940 MS.
973 3887 1256 3938 notaveratadHoratii
1268 3887 1319 3936 edi-

178 3973 221 4032 qui
230 3973 361 4033 spreverit,
373 3986 457 4018 veram
469 3972 574 4019 habehit.
593 3968 724 4019 claudian.
766 3971 858 4019 tionem
874 3969 1030 4018 Boutianam.
1064 3966 1180 4030 Vulgata
1199 3981 1249 4014 non
1266 3980 1318 4014 mo·

178 4049 256 4113 Nupt.
274 4049 373 4099 Pallad.
389 4051 429 4098 81.
448 4065 566 4112 magnum
582 4049 668 4096 delata
682 4062 725 4108 pu·
746 4074 748 4115 Ι
767 4052 848 4100 venda
864 4049 951 4098 iudico.
973 4049 1023 4099 Vir
1039 4055 1126 4112 potens
1142 4054 1167 4096 et
1184 4046 1262 4103 dives,
1274 4046 1319 4108 qui

178 4136 257 4177 tesius
274 4130 399 4179 Maiorem
416 4135 540 4179 aorttemta
556 4130 654 4192 probat.
677 4127 726 4176 Ta·
768 4129 847 4192 fulget
863 4128 965 4191 imperio
981 4127 1096 4186 Africae,
1116 4125 1195 4175 nescit
1211 4139 1318 4188 parvum

178 4208 220 4255 eit.
246 4208 295 4256 IV.
322 4208 417 4257 Annal.
442 4209 484 4256 26.
527 4210 598 4256 Huic
622 4213 728 4269 nepotas
769 4222 872 4270 agrum,
882 4207 963 4269 qualis
977 4220 1046 4254 meus
1060 4211 1110 4263 est,
1087 4205 1253 4254 theatiorem
1267 4217 1319 4251 esse

180 4289 257 4336 lionae
278 4290 383 4349 planiam
401 4286 622 4338 interulittConf.
640 4287 727 4335 Barth.
770 4294 842 4344 sorte,
855 4286 962 4342 inserte,
976 4285 1081 4347 quodad
1092 4289 1192 4332 sortem
1211 4284 1320 4331 Bentior
