2916 5220
649 307 965 372 CARMINUM

633 533 878 599 OARMEN
925 531 983 598 IV.

417 685 596 765 Descende
619 699 727 780 coela,
753 703 786 763 et
809 697 861 762 dic
885 719 945 782 age
968 698 1068 782 tibia,

420 803 564 888 Regina,
590 803 746 887 longum,
772 800 937 885 Calliope,
961 801 1083 879 melos3

465 906 530 972 Seu
552 926 630 970 voee
654 927 741 969 nuno
764 903 871 969 mavis
894 908 1007 987 acuta,

508 1009 573 1074 Seu
595 1007 717 1072 fidibus
740 1007 929 1093 citharaque
953 1007 1086 1073 Phoebi.

416 1113 574 1179 Auditis?
598 1135 641 1178 an
664 1135 717 1178 me
741 1111 827 1177 ludit
850 1112 1002 1176 amabilis

417 1217 571 1284 Insania?
593 1216 717 1282 Audire
746 1221 779 1281 et
801 1215 913 1281 videor
934 1215 1007 1301 pios

461 1321 577 1385 Errare
599 1342 657 1405 per
680 1320 789 1401 lucos,
814 1340 969 1384 amoenae

507 1424 595 1503 Quos
620 1428 653 1488 et
676 1444 779 1508 aquae
803 1422 946 1486 subeunt
968 1428 1001 1487 et
1025 1445 1130 1488 aurae.

419 1529 472 1592 Ma
483 1526 657 1611 fabulosae
687 1525 818 1590 Valtare
841 1529 874 1589 irs
897 1525 1021 1610 Apula,

403 1733 555 1782 CARMEN
574 1734 622 1782 IV·
830 1703 949 1752 Horatius
975 1704 1021 1752 hoe
1046 1704 1148 1752 Musam
1173 1709 1277 1768 rogaret.
1313 1705 1382 1754 Bur-

830 1797 935 1831 mannus
955 1783 1098 1846 imprudens
1115 1784 1226 1847 sequitur
1242 1783 1381 1834 Aaronem.

271 1829 350 1912 Hoc
368 1863 443 1912 etiam
460 1877 561 1910 carmen
578 1862 647 1910 miris
660 1863 739 1910 modis
752 1861 789 1910 in·
830 1862 959 1926 Geganius
976 1863 1115 1912 Praeterm.
1132 1878 1190 1927 pag.
1202 1863 1242 1912 30.
1260 1870 1334 1926 putat
1346 1864 1381 1913 le-

240 1943 390 2005 terpolatum
407 1947 456 2000 est,
472 1943 580 2004 satisque
597 1941 640 1988 diu
658 1940 788 1990 Gramma
829 1942 940 2005 gendum
955 1943 1070 1991 cadmia.

239 2021 302 2069 tiens
327 2020 417 2084 aliquis
442 2019 513 2068 nobis
534 2020 652 2068 carbones
673 2033 719 2081 pro
736 2019 788 2067 the·
862 2022 975 2080 Audire,
995 2026 1021 2069 et
1038 2022 1122 2070 uideor
1136 2023 1190 2084 pios
1214 2023 1319 2071 Errare
1333 2039 1383 2086 per

237 2113 312 2148 sauro
323 2100 442 2148 vendidit.
459 2099 573 2147 Tandem
584 2098 718 2162 aliquando
727 2097 789 2145 falsa
829 2102 903 2150 lacos.
937 2101 1046 2150 Dixerat
1068 2103 1178 2150 auditis?
1210 2100 1266 2149 Hos
1284 2101 1330 2163 qui
1344 2100 1381 2147 di·

237 2179 333 2227 averis
350 2192 503 2242 separemus,
525 2184 549 2226 et
566 2193 580 2226 e
596 2178 707 2226 versibus
723 2183 787 2225 octo·
828 2180 873 2239 cit,
898 2182 950 2244 ipse
971 2180 1041 2229 audit
1061 2181 1157 2244 potius,
1183 2193 1258 2243 quam
1279 2179 1381 2228 videtur

238 2257 309 2320 ginta
325 2258 405 2320 ipsam
423 2257 576 2305 dimidiatam
593 2264 689 2320 partem
707 2256 786 2305 eiicia-
829 2273 858 2306 ae
874 2264 946 2322 putat
963 2273 988 2308 se
1006 2258 1098 2307 audire.
1121 2256 1202 2308 Omne
1217 2257 1281 2306 illud
1297 2259 1382 2306 virini

237 2349 301 2384 mus.
335 2335 363 2387 si
385 2335 441 2398 quis
462 2334 594 2399 diligenter
614 2349 688 2384 aures
706 2335 787 2382 admo·
829 2335 1287 2386 intamamabiliinsanialeviusest.
1311 2336 1379 2385 Mal·

236 2421 293 2462 veat
301 2449 309 2473 ,
327 2413 399 2463 facile
415 2415 570 2479 peregrinam
588 2429 659 2463 avem
670 2429 702 2463 ex
713 2420 788 2461 cantu
828 2413 890 2463 lem:
909 2414 1017 2473 Audiat,
1033 2422 1058 2465 et
1074 2417 1143 2464 rideo
1152 2416 1207 2478 pios
1221 2417 1325 2463 Errare
1332 2431 1381 2477 per

236 2494 370 2556 dignoscet.
828 2494 902 2543 lucos.
919 2495 1001 2544 Video
1012 2492 1379 2556 CalliopencallimLaracr.

271 2575 401 2622 Descende
425 2575 495 2622 caelo.
538 2574 569 2622 In
596 2573 651 2622 MS.
677 2574 786 2635 Franeq.
828 2572 926 2622 Paliad.
944 2575 968 2622 2.
993 2576 1043 2623 τᾶν
1062 2570 1152 2622 ἵππων
1173 2572 1230 2637 ἄρτι
1249 2582 1377 2637 φρυασσο-

236 2652 385 2714 praemissus
402 2657 439 2700 est
456 2651 555 2701 libellus
577 2654 607 2700 cle
627 2654 721 2701 metris.
755 2654 786 2701 In
826 2650 920 2715 μέναν,
938 2653 993 2701 Τᾶν
1005 2652 1075 2716 ἱερᾶν
1084 2649 1217 2712 irrisores,
1232 2650 1380 2710 :aiei-&sir

237 2745 266 2779 eo
282 2731 384 2778 citatur:
402 2733 519 2779 maceriae
535 2732 636 2780 coelam.
827 2730 928 2787 εὔτυκος
945 2729 1019 2795 ἕρπει.
1058 2731 1179 2779 Musaeus
1200 2732 1379 2793 grammaticus

272 2811 322 2858 Seu
332 2811 430 2873 fidibus
447 2811 596 2870 citharaque
608 2809 710 2857 Phoebi.
728 2809 785 2856 Mu·
827 2809 858 2856 de
879 2808 979 2858 Herone
999 2815 1024 2857 et
1044 2810 1160 2858 Leandro
1178 2822 1214 2857 vs.
1232 2811 1255 2858 5.
1288 2813 1378 2875 Νηχό-

236 2901 277 2935 sse
292 2894 414 2936 vocemet
429 2887 550 2935 citharam
566 2885 713 2949 plerumque
730 2901 786 2936 oon·
827 2889 905 2952 perir
932 2906 958 2937 τε
979 2887 1107 2953 Λέανδρον
1128 2888 1190 2954 ὁμοῦ
1215 2889 1257 2937 καὶ
1277 2889 1380 2954 λύχνον

236 2967 379 3030 iungebant.
436 2967 577 3016 scribamus
615 2967 707 3028 potius:
747 2968 787 3015 Et
827 2964 919 3015 ἀκούω.
945 2966 1033 3016 Horat.
1045 2967 1081 3016 Π.
1091 2967 1175 3017 Carm.
1189 2969 1225 3016 19.
1244 2969 1379 3020 Bacchum

229 3045 326 3107 fidibus
351 3048 500 3108 citharaque
526 3047 628 3094 Phoebi.
662 3045 703 3093 Ita
725 3045 786 3109 legit
826 3045 853 3091 irs
870 3048 973 3094 remotis
990 3048 1104 3095 carmina
1123 3049 1229 3110 rupibus
1259 3049 1320 3096 Vidi
1338 3052 1379 3099 da·

171 3116 174 3125 ’
236 3123 375 3175 Commeat.
390 3127 488 3186 Acuta,
501 3141 602 3183 raama,
615 3126 785 3188 liquida,e0a·
826 3129 927 3171 centem.
962 3123 1056 3174 Seneca
1081 3126 1209 3175 Phoeniss.
1231 3128 1270 3176 43.
1296 3135 1379 3190 aneta

236 3207 350 3254 veniente
374 3207 499 3264 rneiodiis,
524 3220 567 3254 seu
592 3207 690 3254 chordis
707 3207 784 3254 sitita-
825 3203 959 3263 portitorem
984 3204 1066 3253 vides?
1099 3205 1250 3267 Bessadae.
1283 3208 1377 3256 Troad.

235 3300 288 3334 rae.
328 3284 392 3334 Stat.
413 3283 447 3333 V.
480 3284 541 3333 Silv.
573 3284 596 3332 3.
628 3284 666 3332 14.
707 3284 786 3333 Staret
826 3280 882 3328 684.
908 3283 1010 3330 cerata-ts
1036 3284 1126 3332 Danai
1146 3285 1298 3334 Hectorem?
1334 3290 1378 3336 Ars

235 3364 330 3412 ciream
355 3365 479 3412 attonitae
503 3370 586 3413 vatem
609 3369 635 3412 et
655 3365 693 3412 aii
715 3366 787 3412 dulce
824 3362 879 3409 sola
900 3361 982 3426 mdeo?
1015 3360 1145 3411 Claudian.
1167 3361 1189 3410 I.
1215 3363 1290 3427 Rapt.
1314 3365 1376 3416 Pm-

234 3448 349 3490 satiantes
379 3444 433 3492 Nec
454 3444 542 3505 stipitis
566 3458 610 3492 aec
634 3458 690 3491 rare
709 3445 784 3491 Deae.
825 3453 888 3502 serp.
907 3441 930 3490 9.
948 3439 1005 3490 Iam
1021 3456 1127 3504 maanus
1140 3445 1172 3491 ab
1188 3444 1246 3491 imis
1259 3445 1377 3494 Auditur

234 3520 270 3566 Et
286 3521 320 3567 sie
337 3520 381 3568 alii
397 3520 716 3584 faciebantadexemplum
728 3522 784 3570 Mu·
818 3520 946 3579 fremitus
967 3521 1051 3573 terris.
1085 3520 1177 3568 Petrus
1200 3521 1325 3570 Francius
1350 3525 1376 3572 in

235 3610 327 3645 sarum.
347 3597 419 3647 Ouid.
436 3599 471 3648 V.
489 3600 592 3648 Metam.
606 3602 660 3650 112.
697 3601 784 3650 Citha·
825 3598 925 3660 egrsgio
945 3599 1055 3647 carmine
1072 3598 1212 3659 Heliando,
1238 3601 1375 3652 Horatium

233 3692 290 3724 ram
307 3693 364 3726 eam
380 3693 435 3727 roae
451 3694 565 3728 moveres.
581 3679 615 3729 V.
633 3681 689 3729 332.
712 3682 783 3730 Hac·
824 3676 948 3736 imitatam,
969 3678 1043 3727 etiam
1059 3677 1149 3742 legisse
1164 3679 1263 3728 videtur
1279 3685 1376 3732 audivi.

235 3760 308 3804 tersus
339 3756 374 3804 ad
400 3759 526 3806 citharam
552 3760 648 3807 vocalia
674 3764 784 3807 moverat
825 3758 951 3821 Scriptum
972 3764 1009 3808 est
1029 3757 1075 3806 hoe
1095 3773 1195 3808 carmen
1216 3761 1248 3808 ad
1265 3760 1375 3812 Antoni-

234 3849 286 3883 cra.
306 3836 382 3884 Fides
399 3841 424 3884 et
440 3837 567 3886 citharam
584 3837 713 3884 coniunxit
724 3850 784 3900 quo·
825 3837 894 3895 dem,
910 3837 1002 3886 flumen
1019 3838 1085 3886 Yam
1102 3839 1199 3887 eximiis
1210 3840 1323 3890 versibus
1337 3857 1375 3892 ce·

235 3929 283 3975 que
296 3914 421 3976 Virgilius
437 3915 485 3963 VI.
503 3914 568 3962 Aen.
588 3916 640 3964 mo.
667 3916 785 3965 Threicia
824 3914 974 3965 lebrantem:
996 3919 1106 3980 Bedrieq
1122 3919 1148 3965 ik
1164 3919 1222 3983 mtj,
1244 3919 1277 3982 of
1287 3922 1329 3970 zie
1344 3938 1376 3972 err

228 3992 318 4054 fretas
327 3995 584 4058 citharafidibusqae
600 3997 708 4044 carraria
725 3995 783 4043 Vid.
824 3995 883 4044 haar
899 3997 925 4044 ils
941 3997 1002 4044 rael?
1031 3998 1066 4044 Iis
1082 3999 1142 4046 hear
1158 4013 1188 4047 ers
1204 3999 1243 4045 zie
1256 3999 1299 4046 iret
1312 4001 1375 4050 blae-

233 4070 389 4130 Bentieium,
409 4074 452 4136 qui
474 4073 535 4122 bene
552 4073 657 4122 restituit
673 4075 783 4122 cithara·
824 4075 867 4137 dia
882 4077 1035 4137 oarlaqsspel.
1070 4074 1144 4125 oua.
1168 4074 1203 4125 V.
1223 4075 1292 4125 Fast.
1315 4079 1374 4130 549.

234 4165 292 4212 que,
309 4166 354 4213 pro
370 4155 512 4210 citharave,
529 4168 542 4202 e
559 4153 616 4203 MS.
634 4153 725 4204 Graev.
824 4154 927 4203 Fallar?
955 4170 989 4203 aa
1011 4171 1084 4204 arma
1103 4157 1212 4205 sonant?
1236 4171 1286 4206 aaa
1295 4156 1376 4219 faiti-

267 4229 388 4279 Auditis?
411 4231 482 4279 Male
506 4231 646 4279 Burmann.
669 4233 700 4280 ad
722 4232 781 4281 Val.
823 4248 888 4281 rrrrsr.
922 4231 1005 4281 Arma
1020 4236 1150 4282 sanabant.

234 4307 317 4357 Flaoe.
328 4310 404 4359 VIII.
423 4309 520 4371 Argon.
533 4310 585 4360 178.
602 4312 702 4373 aceepit,
712 4312 803 4380 quasi¹
856 4309 902 4361 Me
922 4311 1058 4375 fabulosae
1091 4314 1200 4361 Vultare
1228 4314 1255 4362 ia
1279 4315 1374 4376 Apula.
