2916 5220
592 307 767 370 triaue
813 309 875 371 III.

344 492 451 574 erae,
475 491 567 557 velut
590 492 667 558 latis
692 514 774 579 equa
797 493 896 558 trima
918 495 1060 580 campis,

341 595 443 659 Ludit
465 595 621 660 exsultim
645 596 829 681 metuitque
851 597 961 682 tangi,

339 697 538 782 Nuptiarum
562 719 676 783 expers
700 704 734 763 et
757 699 862 765 adbuc
886 707 1038 786 protervo

431 801 540 866 Cruda
562 802 690 867 marito.

341 905 388 969 Tu
410 910 503 990 potes
527 905 628 991 tigres
653 907 854 992 comitesque
878 907 978 972 silvas

339 1009 480 1091 Ducere,
505 1015 538 1073 et
560 1009 647 1075 rivos
671 1009 789 1074 celeres
812 1010 949 1075 morari:

343 1109 451 1176 Cessit
474 1111 629 1176 immanis
652 1112 715 1178 tibi
738 1112 922 1178 blandienti

430 1214 555 1279 Ianitor
577 1215 689 1299 aulae,

346 1315 513 1391 Cerberus,
542 1322 682 1403 wamiis
692 1317 822 1403 furiale
841 1327 960 1382 eentum

340 1421 492 1485 Murriuut
513 1443 630 1507 capus
652 1431 748 1507 ceput
772 1426 855 1504 eius,
878 1431 970 1506 atque

340 1523 483 1607 Spiritus
503 1533 580 1588 teter
598 1529 764 1610 saniesque
786 1535 890 1590 manet

433 1627 496 1691 Ore
518 1626 670 1714 triliupui.

158 1781 238 1824 ratus.
248 1776 381 1824 Itailorat.
387 1776 477 1826 XVII.
489 1778 569 1840 Epod.
575 1779 615 1826 53.
639 1779 709 1836 Quid
748 1793 800 1827 rem
817 1778 897 1843 lyrae,
918 1780 1009 1830 dociles
1025 1780 1151 1829 Mercurio
1166 1781 1298 1844 magistro,

158 1857 280 1904 obruatis
296 1858 401 1904 sumbus
410 1856 505 1918 suadis
520 1859 621 1919 preces?
748 1858 795 1906 hoc
815 1873 883 1906 nuuc
904 1858 956 1922 ipse
977 1860 1116 1908 Mercurius
1135 1859 1222 1909 fecisse
1239 1859 1297 1907 diei·

196 1934 268 1992 Quae
289 1936 359 1985 uelut
379 1936 442 1983 latia
463 1952 526 1998 eque
544 1938 622 1984 trimo
639 1950 706 1984 caue·
748 1943 796 1986 tur.
835 1938 917 1999 Quam
934 1938 986 1986 vim
1003 1938 1094 1988 habeat
1111 1944 1155 1987 tua
1171 1937 1298 2002 lyra,0r-

156 2014 206 2075 pia.
241 2012 342 2061 Curtius
364 2015 395 2062 ad
415 2015 511 2064 Lucan.
529 2015 578 2064 IV.
596 2016 652 2063 346.
672 2014 708 2062 di·
747 2019 805 2080 phci
822 2034 922 2083 quoque
938 2020 1052 2082 exemplo
1070 2021 1193 2082 apparuit.
1215 2019 1298 2068 Duxit

159 2091 193 2137 eit
218 2091 244 2138 in
269 2093 320 2140 suis
344 2093 422 2143 MSS.
448 2093 516 2157 legi:
544 2097 617 2154 Quae
640 2096 709 2142 velut
748 2106 832 2147 autem
848 2099 925 2163 tigres
942 2102 1042 2149 couritur
1057 2104 1081 2147 et
1098 2100 1173 2147 silvas
1189 2101 1299 2148 couritea.

159 2173 257 2232 rumpia
273 2187 337 2234 eque
353 2175 431 2221 trima
447 2175 516 2222 latia.
747 2178 815 2225 Eum
832 2185 930 2228 secutae
942 2186 1001 2226 sunt
1013 2179 1091 2227 silvae
1107 2192 1164 2225 cunr
1179 2176 1295 2238 tigribus.

195 2250 285 2298 Cruda
295 2253 395 2300 marito.
414 2251 506 2300 Melias
517 2252 632 2315 procedet
643 2265 707 2300 com·
747 2257 865 2305 Horatius
886 2271 958 2320 saepe
978 2258 1060 2321 iungit
1080 2257 1230 2320 particulam
1251 2272 1299 2318 que

159 2329 273 2390 paratio,
305 2330 326 2378 si
350 2331 486 2378 scribamus
514 2334 582 2378 dura
606 2334 707 2379 marito.
748 2349 806 2383 eum
822 2350 881 2385 voce
898 2337 989 2396 aliena,
1006 2343 1035 2384 ut
1048 2336 1176 2387 ILGarm.
1189 2337 1226 2383 19.
1247 2336 1298 2384 Ore

160 2407 278 2456 Horatius
289 2415 359 2472 optat
369 2417 397 2457 ut
408 2410 479 2473 Lyde
490 2410 606 2473 potiatur.
625 2409 707 2470 Quam
747 2418 822 2477 pedes
838 2417 968 2477 recipitque
980 2431 1064 2465 mara.
1081 2415 1148 2463 Vide
1159 2415 1296 2465 Gosnerum

159 2488 180 2534 si
206 2489 279 2536 sciret
302 2490 414 2537 nondum
437 2504 490 2538 esse
510 2495 648 2546 maturam,
665 2490 707 2537 sed
749 2494 779 2541 ad
798 2509 833 2542 vs.
851 2495 890 2543 28.
908 2501 933 2542 ct
950 2493 1295 2544 Cort.adLuean.III.224.

158 2570 277 2628 uuum,
295 2568 435 2618 abstineret.
462 2569 489 2618 A
505 2568 587 2616 crudis
605 2574 708 2630 tangeri·
748 2573 804 2621 Hoc
829 2588 880 2621 non
904 2574 1047 2636 cogitarunt
1071 2572 1228 2634 interpretes,
1253 2573 1295 2634 qui

159 2645 209 2703 dis,
227 2647 279 2709 ipse
296 2648 356 2696 alibi
372 2650 480 2696 amicum
497 2648 655 2706 dehortatur,
673 2648 706 2696 di·
748 2658 850 2714 putant,
876 2656 966 2703 ducere
990 2651 1072 2699 minus
1093 2652 1124 2698 ad
1146 2652 1222 2712 tiores
1242 2663 1295 2711 per-

159 2738 230 2773 cens:
256 2729 314 2776 tolle
339 2730 481 2789 cupidinem
505 2728 611 2776 tractitia
635 2743 707 2776 uuue.
748 2730 833 2780 tinere.

162 2804 266 2854 Crudua
281 2807 406 2855 interdum
423 2806 546 2869 siguificat
562 2806 627 2854 idem
641 2808 706 2869 quod
782 2810 906 2857 Muniunt
927 2824 1019 2872 unques
1040 2813 1117 2870 ceput
1137 2808 1191 2856 eiua
1211 2813 1293 2870 atque.

159 2886 253 2943 durus,
270 2888 384 2935 crudelia.
420 2885 469 2934 Sed
483 2899 532 2933 non
544 2885 659 2934 credibile
671 2891 707 2934 est
748 2889 817 2936 Eius
833 2893 870 2936 est
886 2902 936 2936 vox
953 2887 1080 2946 humilior,
1097 2901 1172 2949 quam
1189 2900 1233 2947 pro
1250 2886 1296 2934 hoc

160 2961 200 3009 hic
221 2978 307 3012 vocem
329 2965 446 3027 usurpari
465 2963 596 3026 ambiguae
615 2964 706 3026 signifi·
747 2966 813 3025 loco,
838 2973 863 3014 et
887 2967 961 3029 plane
986 2980 1152 3029 supervacua,
1178 2965 1294 3028 quoniam

159 3039 269 3090 cationis.
313 3042 427 3104 Vulgata
454 3042 526 3090 lectio
550 3043 601 3090 iam
627 3043 706 3093 Sebo·
748 3045 816 3093 aliud
837 3053 912 3109 caput
933 3060 1009 3108 quam
1031 3044 1133 3095 Cerberi
1149 3059 1198 3092 non
1216 3051 1296 3107 potest

158 3119 246 3170 liastas
255 3122 368 3171 dubitare
376 3122 441 3179 feeit,
450 3128 535 3169 utrum
546 3124 626 3170 cruda
634 3123 706 3171 refer·
747 3124 861 3187 intelligi.
895 3125 986 3173 Merito
1007 3123 1085 3185 igitur
1106 3138 1160 3172 earn
1179 3123 1294 3185 culpave-

159 3202 258 3248 rentad
271 3201 577 3263 animumanadcorpus.
605 3200 708 3250 Crudua
748 3211 808 3251 runt
832 3218 917 3251 omnes
938 3202 990 3250 sere
1010 3203 1166 3264 interpretes,
1188 3215 1294 3263 quorum

159 3285 184 3327 et
200 3283 282 3329 durus
298 3295 370 3345 saepe
386 3281 413 3328 in
430 3280 506 3330 MSS.
520 3286 706 3343 permutantur:
749 3283 901 3330 annotationi
913 3283 942 3328 de
953 3281 1001 3328 hoc
1014 3294 1061 3327 usn
1079 3279 1231 3342 pronominis
1253 3279 1294 3326 ad·

159 3372 185 3406 v.
202 3372 223 3408 c.
249 3360 314 3423 apud
335 3360 430 3408 Lucan.
452 3359 502 3407 III.
524 3359 580 3409 507.
615 3361 708 3408 Durus
748 3362 843 3410 dendus
856 3366 901 3410 est.
925 3360 1064 3408 Burmanni
1082 3359 1113 3406 ad
1129 3358 1202 3408 Ovid.
1215 3358 1292 3407 VIII.

159 3436 186 3483 in
203 3436 250 3486 hoe
267 3453 357 3500 genere
370 3438 443 3486 valde
456 3440 577 3487 usitatum
589 3444 634 3487 est.
656 3438 707 3486 Ho·
748 3442 852 3490 Metam.
862 3442 932 3489 iuer
941 3439 972 3487 ad
980 3438 1122 3487 Lotiebium
1132 3438 1163 3486 T.
1173 3437 1193 3485 I.
1203 3454 1226 3501 p.
1237 3438 1293 3488 577.

159 3522 208 3563 rat.
225 3517 275 3565 III.
298 3516 382 3566 Germ.
399 3519 422 3570 7.
457 3520 496 3566 Et
521 3523 545 3565 te
569 3533 644 3580 auepe
665 3533 705 3566 oo·
748 3521 804 3583 Ego
816 3520 903 3569 illude
920 3519 1004 3582 glossa
1022 3518 1072 3565 buc
1086 3516 1213 3579 irrepsisse
1230 3516 1294 3564 arbi·

159 3596 230 3642 cunti
255 3598 359 3645 Duram
395 3598 512 3659 difficilia
547 3613 626 3645 moue.
657 3597 707 3645 IV.
749 3602 886 3664 tror‚quod
903 3601 994 3648 centes
1011 3597 1111 3655 accidit,
1127 3597 1295 3660 praecipuein

160 3670 244 3722 Germ.
272 3675 293 3723 l.
326 3678 451 3726 uolucrem
478 3690 568 3737 aequor
600 3677 637 3724 Te
661 3691 709 3737 per
749 3679 1004 3742 scriptoribnsprosae
1019 3677 1143 3726 orationis.
1156 3675 1294 3726 viscort.

158 3770 254 3816 equus,
270 3757 346 3813 dure,
362 3755 487 3803 volubiles.
512 3753 656 3816 Propertl.
669 3755 708 3804 16.
749 3760 780 3806 ad
798 3760 902 3809 Sallust.
920 3759 995 3809 Catil.
1013 3757 1073 3806 XV.
1092 3759 1114 3805 5.
1140 3756 1295 3805 Glossatorea

161 3833 205 3880 sir
229 3834 286 3882 lieet
311 3839 336 3882 et
356 3849 417 3882 aare
435 3834 577 3894 patientior
597 3835 645 3881 iliu
667 3836 707 3882 Si·
748 3839 880 3888 Horatiani
912 3838 1050 3900 plurimum
1083 3834 1185 3881 addunt,
1221 3831 1294 3880 com.

160 3925 236 3972 ama,
255 3915 298 3961 Sit
314 3914 372 3962 lieet
388 3919 413 3962 et
423 3912 499 3976 serre
516 3914 604 3962 durior
614 3919 639 3962 et
650 3916 707 3963 ciru-
749 3924 824 3966 ment.
840 3916 916 3980 Cruq.
935 3932 959 3978 p.
979 3915 1032 3962 lit.
1069 3913 1213 3972 centiceps:
1233 3911 1292 3959 Cer-

160 3993 222 4052 ltbt·
256 3992 315 4040 Vid-
332 3992 471 4041 Burmann·
749 3999 833 4046 berum
858 4001 947 4051 notet,
976 3997 1081 4056 propter
1105 3991 1294 4038 urultitude'uem

196 4070 237 4117 Tu
262 4075 334 4131 putea
364 4073 440 4134 tiprea
464 4073 609 4135 comitesque
632 4074 708 4121 situas
748 4077 875 4137 aupuium,
891 4075 935 4136 qui
950 4089 964 4122 e
980 4072 1063 4134 eapite
1077 4071 1131 4118 eiua
1146 4070 1293 4118 statuebant.

163 4152 270 4199 Ducere.
303 4151 442 4200 Mercurius
462 4158 517 4200 erat
536 4152 608 4216 lyrae
623 4151 707 4200 inven—
748 4155 819 4203 Idem
835 4168 892 4216 pag.
908 4152 959 4200 250
983 4163 1099 4213 pecuare.-
1121 4163 1209 4196 arreum.
1244 4147 1293 4196 Im·

160 4234 207 4276 tor.
240 4228 314 4290 Quod
332 4230 407 4279 huius
428 4231 499 4294 lyrae
514 4231 636 4294 praeclari
652 4231 706 4279 fidi·
747 4233 819 4297 periti
835 4231 944 4287 librarii,
960 4228 1085 4278 interdum
1102 4233 1186 4275 temen
1201 4225 1294 4288 impru-

160 4307 228 4356 eines
244 4308 378 4365 faciebant,
399 4308 521 4358 faciebant
537 4325 581 4372 per
597 4311 708 4359 iuvento-
748 4312 844 4370 dentes,
865 4310 1011 4373 pronomina
1030 4305 1179 4356 transtulere
1197 4306 1223 4354 in
1240 4319 1294 4354 ora-
