2916 5220
641 309 948 372 CARM'INUM

413 523 581 605 lutrnrrpnc
605 529 743 584 nostruin
768 517 942 584 incredibili
964 519 1053 583 rrtoalo

411 624 569 689 Consentit
597 632 726 687 astrum.
781 623 823 684 Te
845 623 931 686 Ionia
954 625 1050 705 irupio

455 728 566 792 Tutela
590 728 730 792 Saturno
752 725 911 812 resume

495 832 629 915 Eripuit
660 828 851 913 uoluuisque
873 830 950 893 luit

411 933 563 997 'tardauit
585 932 676 1014 ulus,
700 953 792 1016 quum
809 930 950 1016 papulae
961 932 1119 1016 frequens

407 1038 535 1101 Laetum
558 1036 689 1100 theatris
711 1044 759 1099 ter
782 1038 903 1119 crepuit
926 1056 1053 1100 sonurn:

448 1140 502 1202 isle
525 1149 654 1202 truncus
677 1137 812 1222 illapsus
835 1137 956 1201 cerem

223 1405 280 1438 oum
318 1398 343 1438 et
376 1391 546 1441 Maecenatem
586 1392 770 1451 aegrotantem?
811 1396 966 1451 caperentur.
985 1390 1046 1438 Alia
1060 1391 1365 1453 positiaeiderum,nliae

223 1469 309 1517 Multa
325 1471 376 1517 iam
392 1471 444 1519 dixi
455 1477 542 1519 contra
552 1483 631 1517 unum
642 1468 771 1515 huncver-
810 1469 955 1529 particulae
967 1472 1145 1527 ramentorum
1160 1470 1248 1516 notari
1263 1483 1314 1517 rwn
1320 1485 1363 1531 pa

223 1563 286 1596 sum.
312 1548 400 1611 Neque
411 1554 495 1597 tamen
512 1547 602 1595 omnia.
629 1546 695 1594 Nam
712 1558 770 1592 con·
813 1552 906 1596 luant.
924 1547 963 1595 Et
981 1552 1065 1595 tamea
1081 1549 1148 1596 alter
1157 1547 1240 1608 fiebat
1257 1549 1364 1596 dinem

223 1627 310 1683 tendo,
327 1628 438 1689 adspicit
450 1627 477 1673 in
494 1626 542 1674 hac
558 1641 585 1674 re
601 1639 651 1673 non
668 1639 720 1673 essa
737 1632 772 1672 to·
813 1628 966 1687 itineratus,
991 1627 1057 1674 alter
1081 1628 1199 1675 nauriebat
1224 1640 1313 1674 cernue
1338 1632 1363 1674 et

222 1704 361 1753 lorandum.
394 1703 466 1751 Nihil
482 1705 547 1752 enim
564 1702 647 1760 refert,
664 1718 727 1765 quae
738 1701 770 1750 si·
809 1720 917 1768 pauper.

222 1781 281 1830 clera
298 1781 404 1844 aliquem
422 1782 570 1844 adspiciam,
581 1781 624 1829 sed
634 1796 698 1844 quae
714 1796 771 1829 nas·
848 1785 883 1832 Te
899 1784 970 1832 Ionis
987 1784 1063 1845 impu
1092 1784 1183 1832 Tutela
1201 1785 1361 1833 Saturnine-

221 1865 316 1909 centern
343 1861 507 1923 adspexerint.
537 1860 650 1911 Scribere
672 1860 770 1909 debuis-
805 1861 917 1924 sulpura.
946 1861 1004 1909 blan
1021 1861 1106 1910 dubito
1127 1862 1226 1924 poetam
1242 1861 1304 1908 haec
1321 1877 1362 1923 pe·

224 1944 260 1986 set
285 1938 435 1988 versificator
465 1941 588 2000 adaperit.
630 1939 689 1987 Non
714 1939 770 1987 tulit
811 1939 877 1986 tiisse
898 1953 912 1987 e
937 1940 1023 1988 Persio
1039 1938 1073 1987 V.
1092 1941 1132 1988 4⁵.
1166 1941 1226 1988 Non
1247 1941 1362 2001 equidem

221 2018 294 2065 metri
313 2018 382 2066 ratio.
812 2019 855 2067 bac
875 2020 987 2078 dubites,
1015 2021 1145 2067 amimam
1163 2018 1267 2080 saedere
1294 2025 1363 2067 certo

258 2099 283 2144 U
284 2103 399 2160 tranique
414 2105 529 2148 nostruin
544 2099 684 2147 incredibili
700 2100 770 2148 niodo
813 2097 960 2146 Consentire
976 2099 1036 2154 dies,
1053 2103 1078 2145 et
1094 2099 1126 2146 ab
1137 2112 1185 2145 rino
1195 2097 1276 2144 ridere
1293 2099 1360 2144 duci.

223 2175 354 2224 Consentit
378 2183 485 2225 astrum.
524 2179 675 2226 Incredibili
699 2179 769 2226 niodo
811 2177 908 2224 Nostra
924 2178 963 2225 uel
979 2177 1079 2238 aequali
1098 2176 1230 2239 suspendit
1247 2181 1360 2237 tmepore

220 2255 327 2315 humile,
349 2264 373 2304 et
394 2257 527 2319 indignum
547 2258 656 2305 carmine
677 2258 767 2320 lyrico,
810 2258 890 2305 Libra
923 2259 1011 2306 Parca
1037 2262 1113 2304 tene
1133 2257 1192 2304 ueri.
1228 2257 1278 2305 Sea
1295 2262 1360 2304 nata

219 2336 300 2398 magis
317 2336 403 2394 etiam,
420 2351 496 2398 quarn
508 2342 643 2399 numenque
653 2342 768 2385 noctram
802 2335 924 2396 fidelibus
942 2337 1004 2384 bora
1014 2334 1118 2383 Dioidit
1128 2335 1156 2382 in
1168 2334 1286 2382 Geminos
1303 2351 1358 2384 con-

220 2420 328 2464 astrum.
362 2416 413 2466 Sed
429 2416 490 2464 haec
507 2416 603 2463 dudum
620 2415 680 2464 alios
693 2415 767 2465 offen·

219 2493 317 2544 derunt,
351 2495 407 2544 Iam
424 2503 520 2543 astrum
540 2495 639 2544 Horatii
657 2501 681 2544 et
697 2495 767 2544 Mae·

218 2573 311 2621 cenatis
328 2575 470 2622 iruredibili
482 2576 551 2623 rrtodn
568 2573 700 2631 consentit,
718 2580 766 2622 est:

218 2652 271 2698 nati
288 2657 347 2698 snut
363 2667 414 2699 uno
431 2659 455 2700 et
472 2653 556 2700 eodem
573 2651 689 2714 temporis
706 2666 767 2714 pun·

218 2736 270 2786 cn),
283 2730 309 2777 in
318 2731 404 2778 eadem
415 2730 517 2778 omnino
525 2731 632 2778 siderum
640 2730 765 2792 positione.

218 2807 284 2854 Hinc
302 2814 397 2865 antem,
415 2814 444 2855 nt
455 2809 513 2855 dicit
526 2807 612 2857 Cicero
629 2807 664 2855 II.
677 2809 707 2855 do
723 2808 766 2856 Di·

218 2886 268 2934 vin.
286 2888 326 2936 42.
345 2893 478 2949 adeuntque
495 2893 549 2934 turn
567 2887 612 2934 a'ir
629 2892 693 2935 esset
704 2892 764 2934 tenr-

215 2973 334 3028 peratus,
351 2968 390 3014 ita
404 2968 480 3026 pueri
495 2966 603 3015 orientes
620 2968 765 3014 antistaban-

219 3053 262 3094 tur
280 3052 355 3108 utque
373 3046 566 3108 formabuntur,
588 3061 620 3094 ee
637 3059 711 3108 enque
727 3047 765 3094 in·

217 3125 303 3185 yrum,
325 3140 417 3186 annea,
437 3127 548 3184 auinaue,
573 3140 675 3187 corpua,
700 3128 766 3175 actio

217 3206 297 3261 uitae,
315 3218 389 3252 casas
406 3206 535 3266 cuiusque,
556 3209 703 3266 mentuque
712 3204 765 3265 fin-

217 3284 347 3342 uelantur.
385 3283 465 3346 Atqui
486 3284 576 3331 horum
598 3282 660 3330 nibil
685 3284 766 3332 simile

216 3367 270 3408 erat
290 3362 316 3408 in
338 3361 482 3410 Maecenate
503 3368 528 3410 et
544 3362 660 3418 Horatio,
682 3362 703 3409 si
723 3378 764 3410 ex-

217 3440 323 3501 ceperis,
347 3447 481 3504 utrumque
503 3442 563 3489 olim
584 3456 705 3503 magnum
722 3442 764 3490 ali-

216 3519 283 3580 quod
316 3519 455 3580 periculum
484 3521 589 3568 evasisse
618 3527 642 3569 et
665 3522 765 3577 Musas,

217 3599 259 3646 sed
277 3598 373 3646 diverso
389 3601 475 3657 mode,
492 3614 593 3648 amasse.
620 3599 765 3659 Caeterum,

217 3691 281 3739 quae
300 3692 338 3726 res
355 3678 380 3725 in
398 3678 531 3741 horoscopo
548 3674 679 3741 praecipue
696 3686 764 3728 nota-

216 3754 316 3812 bantur,
333 3756 452 3804 Horatius
460 3763 514 3806 erat
525 3757 648 3821 ignobilis,
664 3772 765 3820 pauper,

809 2415 895 2462 cordia
920 2413 986 2476 fata
1015 2415 1138 2473 duuurn,
1167 2413 1360 2474 Saturnumque

808 2507 909 2554 ararem
933 2498 1018 2541 nostro
1040 2493 1099 2540 Ione
1114 2490 1265 2554 francianae
1289 2506 1358 2550 una,

811 2571 901 2620 Nescia
920 2574 987 2634 quod
1005 2577 1071 2621 certe
1092 2577 1143 2627 ent,
1163 2571 1230 2632 qaod
1253 2585 1292 2618 nee
1313 2572 1359 2618 tibi

809 2654 932 2710 temperat
957 2657 1065 2700 antrum.
1102 2650 1172 2698 Haec
1196 2649 1300 2697 Persius
1326 2651 1357 2697 ad

809 2726 950 2776 Cornutum
967 2729 1075 2776 amicum
1093 2729 1123 2777 de
1139 2727 1185 2775 illa
1201 2742 1247 2775 sua
1263 2728 1357 2776 animo

808 2819 865 2853 rum
887 2806 1074 2869 studiorumque
1094 2805 1275 2863 coniunctione,
1293 2821 1357 2868 quae

808 2884 852 2932 vix
868 2900 920 2934 esse
931 2891 1012 2948 posset
1020 2885 1129 2933 fortuita
1147 2884 1253 2948 “Itaque
1266 2883 1318 2933 iere
1330 2885 1356 2933 in

807 2978 863 3012 earn
875 2966 984 3013 adducor
992 2965 1144 3028 opinionem,
1155 2965 1237 3027 inquit
1245 2964 1357 3023 Persius,

806 3049 835 3090 ut
851 3045 951 3093 credam
973 3045 1043 3094 nobis
1060 3043 1217 3093 nascentibus
1235 3044 1302 3092 idem
1319 3059 1356 3092 as-

807 3127 876 3170 trum
901 3122 1033 3183 affirlsisse,
1060 3124 1233 3187 quodcumque
1254 3124 1356 3171 demam

806 3201 870 3248 illud
886 3201 972 3261 luerit,
988 3218 1031 3251 seu
1040 3203 1124 3260 Libra,
1133 3217 1176 3250 seu
1188 3201 1299 3262 Gemini,
1312 3218 1356 3252 seu

806 3279 901 3343 Iupiter
914 3289 938 3330 et
948 3282 1080 3332 Saturnus.
1101 3281 1225 3343 Compara
1238 3281 1288 3328 iam
1297 3295 1356 3329 cum

806 3358 852 3406 illa
867 3360 1029 3421 pulchrorum
1046 3376 1163 3409 versuum
1180 3361 1356 3423 perspicuitate

806 3437 923 3486 obscuros
943 3445 967 3486 et
992 3440 1118 3488 intricatos
1142 3439 1305 3499 Horatianos,
1329 3441 1355 3488 in

807 3519 895 3581 quibus
916 3534 947 3568 ne
969 3521 1054 3568 eadem
1076 3522 1174 3584 quidem
1195 3521 1291 3582 utrique
1314 3521 1355 3569 tri-

806 3598 918 3646 buuntur
935 3600 1027 3657 sidera,
1048 3607 1073 3649 et
1094 3599 1159 3648 dices
1180 3599 1257 3647 verba
1274 3599 1355 3648 Persii

806 3678 919 3726 Romano
935 3693 987 3726 esse
1003 3679 1087 3741 digna,
1098 3679 1194 3726 Horatii
1212 3685 1295 3726 autem
1306 3686 1354 3726 sto-

806 3757 857 3805 lido
874 3757 940 3805 furto
957 3774 987 3808 ex
1005 3759 1033 3806 iis
1051 3758 1168 3806 derivata.

216 3835 281 3882 bona
299 3835 449 3893 valetudine,
465 3837 597 3885 Maecenas
613 3836 762 3893 nobiliaci·
843 3839 891 3886 Ter
907 3841 1006 3900 crepuit
1022 3853 1116 3887 sertum.
1147 3838 1229 3885 Titius
1247 3836 1278 3884 ad
1295 3835 1352 3885 Cal-

215 3930 270 3972 ves,
288 3917 357 3964 tenui
374 3916 522 3965 valetudine.
541 3917 598 3965 Tali
616 3922 764 3979 argumento
805 3931 877 3978 purn.
895 3917 958 3966 VII.
983 3918 1023 3966 29.
1050 3916 1143 3979 accepit
1164 3922 1203 3964 ter
1223 3916 1254 3962 de
1273 3914 1353 3962 tribus

215 4002 296 4042 motus
314 3997 473 4058 Augustinus
490 3997 515 4044 in
530 3994 682 4045 Confession.
700 3995 762 4044 VII.
804 4001 969 4057 spectatorum
979 3995 1111 4044 ordinibus.
1131 3995 1180 4043 Sed
1193 3993 1310 4042 debemus
1323 3994 1352 4041 il-

214 4075 237 4122 6.
247 4075 312 4123 hanc
323 4082 401 4123 artem
414 4076 549 4124 contemsit.
572 4077 645 4123 Hera
656 4081 679 4123 et
691 4090 764 4124 cerua
804 4073 848 4120 lud
861 4080 940 4122 metro
953 4081 978 4122 et
985 4073 1116 4121 imitationi
1126 4072 1250 4135 Propertii
1263 4072 1313 4120 III.
1327 4073 1351 4120 8.

214 4169 269 4201 curn
287 4157 374 4202 unicae
390 4162 472 4203 esrem
488 4157 670 4211 arnbneeinntl,
686 4156 763 4202 itaut
804 4154 826 4200 3.
845 4152 887 4200 ubi
908 4152 1044 4210 Camenae,
1070 4154 1176 4200 Natalia
1196 4157 1298 4200 nostrae
1318 4153 1351 4198 si-

213 4234 309 4280 caedern
331 4236 529 4282 carestellntiones
557 4250 634 4296 itaque
655 4237 690 4282 ad
710 4250 762 4282 erra·
803 4233 1091 4293 prturrtrniserepuellne,
1114 4230 1275 4278 Etnurnibus
1286 4229 1351 4290 ferrr-

212 4312 267 4358 (lern
285 4313 405 4359 rnirnttins
424 4315 526 4373 utrique
548 4315 661 4362 nascenti
671 4314 762 4376 sincere
803 4316 854 4358 elea
872 4315 910 4357 let*
926 4325 1043 4372 crepuere
1059 4324 1136 4358 sartae.
