2916 5220
212 303 319 342 XXVIII
759 318 798 326 -

213 472 361 539 poterant.
405 463 638 539 Oudendorpius
665 463 696 519 in
722 463 889 520 Academia
916 463 1057 520 Leidensi
1080 483 1106 520 a.
1133 463 1220 520 1753.
1244 464 1274 520 ni
1296 463 1353 520 fal-

213 560 268 630 lor,
295 560 483 617 auditoribus
504 559 566 616 suis
580 559 689 616 librum
704 559 832 633 primurn
847 557 969 614 Horatii
984 558 1157 633 explicavit,
1174 569 1235 615 tam
1251 560 1351 628 docto,

214 656 369 730 eleganter
391 665 422 713 et
443 665 598 726 accurate,
622 665 669 726 ut,
692 655 750 710 nisi
771 653 899 728 optimas
913 653 1123 710 annotationes
1137 654 1353 710 commentario

214 750 408 825 Appuleiano
429 750 618 820 inseruisset,
650 749 807 806 consilium
827 748 949 805 Horatii
972 747 1080 804 edendi
1101 749 1242 805 habuisse
1270 748 1354 803 vide·

214 853 307 902 retur.
350 845 447 919 Saepe
475 845 548 901 dicit
576 863 607 901 se
635 845 671 900 de
698 863 731 900 re
754 843 855 915 aliqua
878 842 965 916 plura
987 861 1052 898 esse
1073 843 1236 899 allaturum
1258 843 1297 898 ad
1319 841 1355 897 li·

215 941 285 995 bros
306 939 349 994 ΙΙ.
372 939 432 995 III.
456 947 487 995 et
507 939 564 996 IV.
608 938 668 997 Sed
696 955 746 993 eas
771 938 981 994 annotationes
1008 938 1040 993 in
1066 937 1257 995 Bibliotheca
1285 938 1355 993 Lei-

215 1034 301 1090 densi
329 1053 388 1090 non
415 1034 487 1090 vidi.
529 1033 600 1090 Non
623 1033 712 1089 credo
735 1031 982 1106 Oudendorpium
1003 1033 1182 1103 absolvisse,
1205 1032 1253 1088 vel
1276 1032 1354 1088 adeo

214 1131 381 1186 inchoasse.
426 1129 523 1203 Saepe
546 1137 650 1185 contra
672 1127 864 1184 Harduinum
889 1128 1067 1201 disputavit,
1089 1136 1124 1183 ut
1145 1146 1208 1183 mos
1231 1138 1297 1183 erat
1320 1126 1355 1182 il·

215 1227 252 1282 lis
273 1225 474 1300 temporibus,
503 1226 583 1298 quod
610 1232 818 1298 argumentum
847 1239 926 1276 nunc
949 1221 1070 1293 quidem
1091 1220 1271 1278 exhaustum
1293 1200 1356 1277 esti

216 1339 314 1393 neque
336 1320 513 1376 Harduinus
535 1319 694 1392 cogitavit,
710 1318 854 1392 pleraque
870 1315 991 1370 Horatii
1001 1313 1090 1374 MSS.
1105 1334 1169 1371 esse
1182 1315 1356 1388 antiquiora

217 1433 306 1488 quam
327 1414 402 1470 illud
423 1423 550 1488 tempus,
573 1433 632 1487 quo
654 1413 787 1469 carmina
809 1429 827 1466 a
848 1411 1006 1467 Monaehis
1028 1429 1092 1467 esse
1113 1413 1184 1468 ficta
1199 1412 1354 1469 credebat.

216 1511 257 1567 Bt
278 1510 381 1584 plures
402 1508 433 1564 in
455 1508 554 1582 patria
577 1516 679 1564 nostra
700 1506 851 1575 fuerunt,
868 1507 920 1579 qui
942 1508 979 1563 de
995 1506 1124 1563 Horatio
1140 1509 1257 1564 edendo
1276 1508 1357 1582 cogi-

216 1607 357 1662 taverInt.
400 1602 448 1658 De
470 1602 662 1658 Broukhusio
684 1600 819 1657 narravit
833 1602 946 1658 amicus
961 1601 1096 1658 Davides
1111 1601 1356 1676 Hoogstratanus

216 1700 247 1755 in
274 1698 349 1754 Vita
376 1697 457 1752 illius
484 1714 553 1770 pag.
577 1696 625 1751 21.
668 1694 859 1751 Burmannus
893 1695 929 1750 de
964 1714 994 1751 se
1027 1696 1092 1771 ipse
1126 1697 1291 1754 declaravit
1323 1698 1355 1753 in

217 1793 412 1851 Praefatione
439 1792 573 1848 Phaedri
598 1811 626 1847 a.
653 1791 739 1847 1727.
762 1809 831 1864 pag.
855 1789 882 1846 5.
905 1799 940 1847 ut
961 1791 1052 1847 etiam
1073 1792 1109 1847 1..
1133 1792 1294 1851 Santenius
1316 1793 1356 1848 ad

217 1887 393 1944 Terentiani
418 1885 520 1943 Mauri
541 1905 585 1942 vs.
609 1884 698 1942 2958.
740 1885 848 1959 Neque
871 1887 991 1957 dubito,
1015 1888 1087 1961 quin
1109 1890 1211 1963 plures
1232 1889 1356 1960 fuerint,

217 1984 243 2040 si
264 1983 398 2040 iudicare
421 1982 511 2038 liceat
533 1999 571 2037 ex
592 1981 708 2054 ingenti
735 1980 899 2037 editionum
926 2001 1062 2053 numere,
1095 1985 1127 2040 in
1160 1985 1268 2058 quibus
1301 2003 1358 2041 sua

217 2080 378 2136 observata
400 2077 594 2151 scripserunt.
632 2076 679 2131 De
703 2073 894 2132 Broukhusio
917 2076 989 2132 dixi.
1027 2076 1151 2134 Dictata
1172 2079 1356 2148 Burmanni,

219 2181 249 2230 et
263 2172 424 2230 editionem
439 2171 643 2245 Spilimbergii
658 2179 799 2244 congesto
814 2172 946 2244 undiquc
962 2181 1111 2246 apparatu
1127 2173 1261 2246 plenam,
1283 2174 1357 2230 vidi.

217 2266 303 2324 Nihil
329 2266 449 2322 omnino
477 2273 554 2335 erat,
583 2266 663 2337 quod
689 2264 898 2336 Burmannus,
926 2285 1005 2323 nuno
1039 2268 1158 2339 vivens,
1192 2269 1224 2324 in
1257 2269 1358 2324 lucem

217 2361 296 2418 mitti
317 2360 409 2416 vellet
425 2358 445 2414 ¹.
488 2359 604 2415 Eadem
637 2367 702 2415 erat
729 2378 835 2415 caussa
862 2360 989 2417 aliarum
1016 2361 1194 2432 editionum,
1218 2364 1298 2419 unde
1322 2383 1359 2420 ea

218 2456 324 2527 sumai,
347 2473 424 2528 quae
448 2455 621 2511 auctoribus
644 2473 704 2510 non
728 2454 853 2528 indigna
879 2456 1063 2526 arbitrabar,
1092 2458 1195 2514 addito
1222 2477 1358 2532 semper,

217 2552 249 2606 in
269 2552 361 2607 rebus
382 2568 501 2623 quoque
524 2549 667 2620 minimis,
691 2558 847 2607 auctorum
870 2551 999 2608 nomine.

258 2644 361 2717 Atque
385 2663 439 2717 ego
466 2644 627 2700 Horatium
654 2645 713 2700 iam
740 2653 809 2702 ante
837 2663 931 2701 annos
958 2646 1047 2703 edere
1079 2650 1252 2722 potuissem.
1297 2649 1359 2708 Sed

219 2758 337 2813 semper
358 2738 503 2795 nonnulla
526 2746 624 2809 erant,
647 2738 810 2812 inquibus
837 2740 1024 2814 explicandis
1052 2742 1125 2798 mihi
1153 2762 1212 2798 non
1243 2744 1360 2800 satisfit·
1447 2772 1449 2777 ·

221 2853 329 2892 cerem.
372 2835 481 2906 Neque
508 2853 554 2891 me
587 2835 676 2891 huius
702 2854 803 2892 morae
833 2835 990 2908 poenituit.
1033 2835 1108 2892 Dies
1131 2839 1210 2894 enim
1233 2847 1263 2894 et
1285 2848 1359 2895 tem-

220 2949 276 3004 pus
303 2931 469 3000 interdum,
497 2948 574 3002 quae
603 2950 662 2986 non
688 2932 765 2988 bene
792 2947 1018 3004 perspexeram,
1047 2931 1227 3003 docuerunt,
1255 2940 1300 3003 et,
1326 2944 1360 2991 ut

220 3044 321 3100 spero,
345 3026 406 3082 sive
428 3045 489 3095 me,
513 3025 575 3081 sive
599 3026 687 3097 alios,
710 3026 741 3081 in
763 3034 914 3100 posterum
938 3026 1097 3084 docebunt.
1133 3028 1254 3084 Novum
1275 3038 1358 3086 certe

219 3119 340 3176 Horatii
366 3121 585 3194 interpretandi
614 3121 785 3195 exemplum
817 3121 970 3194 proposui.
1012 3119 1092 3177 Nam
1124 3123 1282 3195 antiquum
1315 3143 1360 3180 se-

190 3219 191 3222 ’
220 3224 361 3287 quantes,
384 3216 457 3271 nihil
473 3215 677 3295 proficiemus.
721 3215 781 3288 Qui
808 3223 946 3271 naturam
973 3224 1004 3271 et
1029 3217 1181 3290 ingenium
1203 3217 1358 3275 Romanae

219 3315 345 3384 poeseos
364 3311 454 3384 longo
473 3329 529 3366 usu
552 3319 582 3366 et
605 3311 821 3368 exercitatione
843 3310 1067 3385 perdidicerint,
1091 3319 1121 3367 et
1140 3312 1300 3370 Horatium
1316 3315 1359 3370 ita

219 3405 428 3474 tractaverint,
456 3414 490 3461 ut
514 3414 633 3479 eportet
659 3406 711 3479 qui
733 3406 769 3462 de
793 3426 828 3462 eo
850 3407 983 3463 iudicare
1006 3407 1114 3478 velint,
1141 3408 1172 3464 hi
1194 3409 1359 3481 aliquando

219 3500 388 3574 perficient,
410 3501 491 3572 quod
512 3519 530 3556 a
551 3519 598 3556 me
620 3500 793 3557 inchoatum
814 3511 869 3560 est.
911 3503 976 3558 Aut
993 3501 1094 3572 fallor,
1117 3512 1170 3559 aut
1190 3504 1216 3558 si
1235 3505 1306 3561 olim
1327 3507 1358 3562 in

220 3596 321 3667 aliquo
348 3604 496 3651 terrarum
524 3595 634 3669 angulo
663 3596 787 3652 meliora
815 3596 905 3656 MSS.
933 3597 981 3652 vel
1010 3594 1138 3653 Codices
1171 3599 1359 3675 palimpsesti

219 3690 423 3765 reperiantur,
446 3691 557 3747 multae
580 3691 616 3747 de
644 3692 837 3764 coniecturis,
865 3711 940 3765 quas
965 3692 1074 3748 facturi
1102 3693 1177 3766 sint,
1205 3697 1359 3754 confirma-

219 3787 341 3842 buntur.
383 3783 465 3857 Ego,
488 3793 522 3841 ut
543 3786 639 3842 veteri
661 3784 841 3844 Criticorum
863 3787 942 3843 dicto
963 3789 1041 3843 hanc
1062 3789 1220 3862 epistolam
1241 3792 1356 3862 finiam,

218 3879 379 3936 Horatium
393 3879 463 3953 legi,
480 3886 517 3950 et,
534 3888 568 3936 ut
581 3883 675 3955 potui,
692 3883 858 3940 emendavi.
891 3882 969 3939 Vale
985 3882 1123 3953 Descuri,
1144 3884 1191 3940 vir
1204 3895 1359 3959 praestan-

218 3974 342 4046 tissime,
365 3983 396 4032 et
417 3994 463 4031 me
486 3994 562 4032 ama.
597 3976 709 4052 Scripsi
732 3979 845 4035 Leidae
861 3977 931 4033 Kal.
948 3977 1112 4034 Novembr.
1131 3994 1357 4038 nooccxxxnr.

253 4136 261 4167 ¹
282 4137 396 4199 Heynius
417 4151 514 4200 quoque
534 4127 633 4185 Horatii
654 4139 742 4187 edendi
763 4138 891 4187 consilium
912 4137 1006 4186 habuit.
1040 4138 1204 4189 Ruhnkenius
1226 4143 1303 4205 Epist.
1326 4145 1358 4190 ad

219 4217 337 4265 Diversos
354 4219 391 4266 ed.
409 4218 507 4266 Mahnii
523 4234 547 4280 p.
565 4219 605 4266 34.
640 4219 707 4268 “Sed
724 4219 842 4268 Tibullus
859 4225 916 4266 tuus
933 4218 1100 4268 vehementius
1113 4222 1178 4284 apud
1192 4237 1236 4270 nos
1249 4223 1359 4271 incendit

220 4295 367 4343 desiderium
384 4296 481 4344 Horatii
498 4310 548 4344 non
565 4296 641 4344 scrnel
659 4313 674 4344 a
690 4303 714 4345 te
730 4297 867 4359 promissi.“
902 4297 958 4360 Ipso
974 4297 1088 4360 Heynius
1107 4301 1138 4347 ad
1152 4300 1289 4350 Aeneidem
1302 4317 1358 4364 pro-

220 4373 296 4423 fessus
314 4382 357 4424 est.

707 4469 870 4493 -00-——
