2916 5220
536 331 710 395 LIBER
757 332 781 393 l.

179 515 223 579 m
246 538 399 601 praeceps
423 515 510 580 Anio
534 524 567 581 et
591 517 724 582 Tiburni
749 518 841 582 lateus
866 523 898 583 et
921 519 986 582 uda.

225 618 404 684 Mobilibus
427 620 575 704 pomaria
598 619 686 685 rivis.

178 721 285 786 Albus
309 729 348 786 ut
371 722 506 787 obscuro
530 723 677 807 deterget
700 724 814 788 nubila
837 724 926 789 coelo

225 824 326 909 Saepe
350 831 469 909 notus,
494 848 599 911 neque
621 827 763 911 parturit
785 827 905 891 imbres

179 928 378 1012 Perpetuos:
404 929 450 994 sic
475 936 512 993 tu
535 929 665 1014 sapiens
690 929 784 993 finire
808 937 974 994 memento

221 1030 402 1096 iristitiam
425 1031 575 1116 vitaeque
599 1031 724 1097 labores

179 1132 291 1215 Molli,
317 1123 457 1216 Plance,
483 1156 588 1199 mero:
613 1157 670 1199 seu
695 1142 726 1199 te
749 1136 912 1221 fulgentia
936 1135 1040 1218 signis

225 1236 340 1302 Castra
362 1242 493 1319 tenent,
519 1260 575 1302 seu
600 1237 701 1303 densa
725 1238 850 1303 tenebit

178 1339 304 1405 Tiburis
327 1341 441 1405 umbra
464 1342 522 1405 tui.
570 1341 689 1406 Teucer
713 1342 880 1407 Salamina
904 1346 1094 1426 patremque

225 1443 334 1522 Quum
357 1443 503 1529 fugeret,
529 1450 639 1508 tamen
663 1444 729 1508 uda
752 1444 858 1527 Lyaeo

178 1544 335 1630 Tempora
356 1546 497 1632 populea
520 1547 623 1611 fertur
645 1547 791 1611 vinxisse
816 1569 951 1627 corona,

224 1648 276 1714 Sic
300 1649 411 1714 tristes
435 1650 554 1714 affatus
578 1651 720 1715 amicos:

179 1751 250 1831 Quo
273 1774 333 1818 nos
357 1775 495 1839 eumque
518 1755 600 1819 feret
623 1755 738 1819 melior
764 1756 911 1819 Fortuna
933 1758 1085 1838 parente,

222 1856 365 1938 Ibimus,
391 1879 410 1921 o
434 1858 512 1922 socii
537 1859 751 1942 comitesque!
840 1933 842 1936 ¹

85 2023 122 2068 vit
144 2023 236 2084 apat'asss
257 2023 439 2081 Lacedaemon,
462 2024 524 2072 nihil
546 2025 577 2071 ad
594 2040 635 2072 ex·
682 2024 732 2086 ipse
750 2025 876 2074 meliorem
894 2027 1034 2088 excogitare
1051 2026 1127 2089 potui.
1163 2024 1226 2074 Con-

84 2100 245 2163 piieationem
263 2100 365 2157 addens,
386 2101 434 2149 nisi
455 2117 509 2151 eam
531 2120 582 2152 rem
600 2107 635 2154 la·
680 2103 725 2152 ieci
744 2103 836 2159 multa,
857 2104 883 2150 in
900 2103 950 2150 his:
978 2103 1022 2153 Me
1042 2120 1086 2154 nec
1104 2110 1157 2152 tant
1174 2106 1227 2152 Pa·

85 2181 150 2228 tiore
174 2178 340 2242 disputatione
365 2181 482 2244 indigere.
517 2184 552 2232 Et
577 2200 636 2234 sane
681 2187 737 2231 trae
750 2188 796 2230 aat
810 2183 985 2231 Lacedaemon.
1013 2186 1112 2231 Patras
1125 2184 1164 2231 bic
1177 2197 1226 2231 me-

85 2258 215 2322 indigebat
239 2257 297 2305 talis
321 2259 468 2310 coniectura.
502 2262 572 2311 Fecit
597 2264 636 2311 vir
680 2263 772 2309 morari
788 2261 910 2324 potuisse,
931 2276 1004 2308 nemo
1021 2263 1163 2318 mirabitur,
1185 2264 1228 2324 qui

85 2337 292 2400 diligentissimus
308 2337 335 2385 in
351 2347 435 2389 annot
445 2338 522 2391 MSS.
540 2342 608 2390 adh.
618 2343 635 2390 l.
680 2340 768 2403 legerit
785 2341 894 2388 Pansan.
904 2339 966 2388 VII.
982 2341 1013 2388 18
1025 2354 1059 2402 sq.
1094 2341 1227 2402 Augustus

86 2417 269 2479 Disputationis
291 2431 389 2465 summa
408 2419 458 2466 hnc
475 2421 549 2469 redit:
577 2421 637 2470 Sola
680 2419 781 2482 quidem
797 2419 879 2466 varias
895 2419 927 2467 ob
943 2433 1043 2467 caussas
1061 2420 1147 2467 urbem
1161 2434 1227 2466 arna·

86 2496 257 2546 Lacedaemon
279 2513 294 2544 a
314 2497 424 2545 moribus
440 2499 532 2546 civium
549 2500 636 2548 lauda·
680 2496 734 2545 bat:
755 2505 780 2545 et
801 2498 909 2546 Romani
929 2498 979 2544 iam
1001 2504 1058 2546 ante
1079 2498 1226 2559 Augustum

85 2583 136 2634 tur,
145 2583 257 2625 caeteram
269 2578 343 2625 urbes
356 2577 388 2624 ab
401 2577 456 2625 aliis
468 2579 549 2627 rebus.
562 2580 635 2628 Tem·
680 2590 730 2624 non
746 2576 900 2639 spernebant.
935 2575 985 2625 Sed
1001 2577 1160 2639 experiantur
1177 2576 1229 2634 alii,

86 2670 147 2718 pore
163 2655 262 2704 Horatii
278 2670 328 2703 non
345 2663 399 2703 erat
414 2657 517 2718 patiens,
534 2659 576 2706 sed
588 2659 635 2706 dis·
680 2671 712 2703 an
729 2658 778 2704 sint
795 2656 920 2705 feliciores.
945 2655 1019 2717 Quod
1031 2656 1164 2705 emendare
1173 2671 1227 2718 pos-

86 2735 175 2783 solutis
204 2734 321 2783 moribus.
363 2736 398 2783 m
425 2739 575 2798 comparatio
599 2745 636 2786 cst
680 2744 797 2794 sum,est
806 2734 1138 2786 ScholionadStatiiVIII.
1148 2735 1226 2783 Theb.

86 2816 182 2877 inepta:
200 2815 301 2862 Larissa
316 2828 357 2861 me
367 2816 488 2876 percussit
500 2814 635 2873 fertilitate,

87 2895 169 2942 Tibur
182 2893 259 2950 silvis,
267 2893 437 2941 Lacedaemon
448 2893 573 2955 patientia.
589 2895 635 2943 Le-

87 2975 199 3038 gendum
219 2974 273 3020 dico
294 2980 319 3021 et
335 2973 425 3021 center
441 2973 562 3020 contendo
578 2987 635 3034 apa-

87 3057 143 3111 ata,
160 3054 176 3101 i.
190 3066 210 3100 e.
229 3053 310 3115 longis
327 3051 460 3114 porticibus
477 3058 502 3099 et
518 3052 635 3100 deambu-

87 3133 222 3182 lationibus
252 3131 334 3195 oppidi
360 3130 464 3193 agrique
488 3131 635 3193 suburbani,

86 3212 126 3260 vel
153 3225 274 3274 equorum
299 3208 429 3258 curriculis
450 3209 481 3256 ad
502 3210 636 3258 Eurotam:

86 3308 109 3339 v.
136 3291 225 3339 Horat.
251 3291 272 3338 I.
301 3289 381 3352 Epist.
410 3290 446 3336 14.
471 3290 507 3336 19.
535 3289 635 3339 Sueten.

86 3371 200 3432 August.
210 3371 249 3418 83.
268 3368 358 3418 Claud.
366 3367 406 3415 21.
421 3367 524 3416 Observ.
538 3368 636 3417 Miscel-

86 3451 138 3498 lan.
156 3450 215 3499 Vol.
225 3449 258 3498 V.
277 3449 307 3496 T.
316 3449 340 3496 3.
358 3463 381 3510 p.
394 3449 430 3496 14.
457 3447 538 3496 Unice
555 3462 636 3496 emen·

86 3531 212 3579 dationem
230 3528 360 3576 confirmat
376 3527 464 3574 Horat.
482 3526 502 3574 I.
520 3526 599 3589 Epist.
612 3529 635 3578 7.

86 3609 128 3656 40.
163 3610 223 3656 Nea
243 3612 282 3656 est
299 3611 376 3668 aptas
392 3607 462 3667 eqeb
479 3607 586 3653 Ithacae
603 3608 636 3653 lo-

85 3701 140 3745 eas,
152 3692 183 3734 at
194 3702 272 3749 aeqae
282 3686 368 3747 plania
385 3687 525 3733 Parreetaa
536 3686 636 3745 spatiis,

85 3780 164 3828 nemra
180 3767 275 3812 accitae
290 3765 410 3827 prodique
423 3765 518 3812 herbae.
545 3763 637 3824 Spatia

86 3846 162 3893 etiarn
184 3844 249 3891 sumi
269 3850 372 3906 possunt
392 3857 438 3904 pro
458 3841 517 3892 locis
533 3843 637 3904 patenti-

86 3923 135 3970 bus
158 3923 185 3970 in
211 3921 285 3979 urbe,
310 3928 339 3968 ut
364 3923 510 3984 expresserit
534 3920 637 3968 Homeri

87 4002 298 4050 Lacedaemonem
312 4000 452 4063 εὐρύχορον
465 3999 635 4064 Odyssxffl.

86 4082 144 4129 414.
166 4080 233 4144 quod
249 4081 275 4127 in
293 4079 349 4126 aliis
366 4078 519 4128 Graecarum
536 4079 636 4126 urbium

86 4161 201 4223 epithetis
218 4159 282 4208 fecit.
304 4157 334 4204 In
348 4157 414 4205 hunc
427 4159 528 4206 modum
537 4157 636 4208 Ouden-

87 4240 157 4303 dorp.
166 4253 238 4288 suam
246 4237 413 4286 coniecturam
421 4237 561 4299 explicavit.
580 4238 637 4300 Ege

86 4333 168 4381 neque
192 4319 267 4367 eredo
287 4331 341 4364 eam
362 4330 414 4363 esse
435 4329 532 4373 veram,
557 4332 636 4379 neque

87 4508 108 4583 t

680 2816 736 2863 432.
764 2817 817 2864 Nee
829 2831 868 2864 me
880 2821 933 2863 tam
946 2817 1046 2877 patient
1059 2815 1227 2862 Lacedaemon

681 2909 750 2956 agen.
766 2896 828 2956 Ipse
836 2893 1029 2958 διαμαστίγωσις
1036 2894 1138 2942 dicitnr.
1152 2892 1227 2940 Nem-

680 2987 722 3035 pe:
740 2972 811 3036 Agan
826 2975 886 3037 ipse.

723 3053 762 3099 Et
782 3067 899 3115 praeceps
922 3053 986 3100 Anio
1014 3057 1039 3100 et
1064 3052 1170 3098 Tiburni
1191 3051 1227 3097 la-

679 3144 723 3179 cus
747 3136 773 3178 et
796 3133 854 3178 ada.
897 3132 988 3180 Nestor
1012 3132 1038 3178 in
1063 3145 1123 3178 voce
1148 3130 1227 3178 Anio:

681 3210 763 3270 Atque
784 3211 897 3258 Taburni
914 3212 1118 3260 innectenda.

712 3290 794 3336 Albas
806 3294 836 3335 at
844 3291 944 3337 absarro
952 3290 1061 3349 deterget
1068 3290 1155 3335 nubila
1165 3291 1229 3336 coelo

680 3365 761 3427 Saepe
784 3371 865 3414 notae.
907 3366 1031 3427 Quoniam
1056 3380 1124 3413 nuuc
1148 3381 1228 3429 neque

680 3459 771 3501 unum,
792 3460 872 3508 neque
893 3447 943 3494 duo
964 3446 1075 3493 carmina
1096 3444 1228 3501 habemus,

681 3521 711 3572 G.
730 3523 889 3571 Hermannus
906 3530 977 3587 putat
998 3533 1051 3587 post
1069 3539 1104 3571 vs.
1125 3526 1166 3581 ld,
1184 3526 1227 3573 ali-

680 3604 739 3665 quid
755 3603 885 3661 excidisse,
907 3605 972 3667 quod
993 3606 1152 3668 posteriorem
1172 3621 1227 3669 par·

680 3688 730 3729 tem
747 3696 805 3730 curn
821 3684 903 3746 priore
920 3691 975 3747 apte
992 3685 1151 3748 copulaverit.
1176 3686 1228 3733 Nec

680 3775 739 3809 sane
751 3763 870 3811 connexio
882 3769 919 3811 est
931 3763 1018 3820 facilis
1031 3765 1065 3811 sic
1077 3765 1228 3811 instituenda

680 3855 723 3903 per
736 3843 842 3891 Tiburni
851 3845 922 3892 lacus
930 3851 954 3890 et
967 3844 1070 3890 Tiburis
1083 3844 1171 3890 untbra
1181 3844 1228 3889 tal.

715 3925 863 3983 Perpetuos.
902 3921 944 3971 Sic
964 3928 989 3968 et
1014 3920 1074 3970 Cod.
1101 3920 1226 3969 D'Orrill.

682 4007 742 4047 teste
760 3999 942 4062 Oudendorpio.

716 4077 798 4135 Molli,
817 4080 922 4137 Plance,
938 4093 1011 4126 mmo.
1044 4077 1105 4126 Cod.
1120 4077 1227 4126 Franek.

682 4155 758 4206 Molli
768 4159 858 4220 plange
870 4171 942 4205 arao.
968 4156 1059 4205 Altera
1071 4171 1160 4203 manns
1176 4171 1227 4205 eor-

682 4238 747 4285 rcxit
762 4239 857 4299 planca.

718 4317 803 4375 Quam
810 4315 922 4379 faveret,
932 4320 1014 4363 tanuen
1028 4317 1079 4363 ada
1091 4317 1179 4378 Lyaeo.
1198 4317 1228 4364 in

1049 4397 1093 4459 δι
