2916 5220
162 307 226 371 368
581 297 873 362 EPODON

162 506 229 547 rere,
247 505 261 538 o
277 492 349 544 aecii,
366 491 504 537 uertentem
516 489 628 535 inlitora
646 488 708 534 laeti
748 483 891 546 alloquitur,
909 481 1021 530 animum
1038 480 1184 536 confirmat,
1203 479 1296 528 exhila-

162 572 286 619 Dulcihur
302 568 418 629 alloquiis
435 552 540 628 traicere
554 567 650 614 educite
667 581 707 614 ae·
748 570 787 610 rat
808 569 833 610 et
858 562 960 609 solatur.
991 559 1057 608 Vide
1074 559 1151 608 etiarn
1167 559 1296 607 Marklan-

160 656 236 697 rtem:
264 647 395 694 conficiens
420 661 452 695 ex
475 661 510 692 vs.
527 646 584 694 294.
609 647 709 707 iensque
747 642 809 689 dum
826 641 857 689 ad
883 641 956 690 Statii
975 639 1059 689 Silvas
1076 639 1097 687 1.
1114 641 1139 688 2.
1164 654 1225 702 pag.
1245 641 1296 691 174.

161 745 226 778 ruere
243 730 348 789 ludoque
364 726 461 780 medus,
478 721 512 769 ibi
528 724 639 785 alloquia
655 735 707 769 esse
747 721 894 770 Guntherus
911 720 936 767 in
954 719 1068 782 Ligurini
1084 719 1163 767 Libro
1172 718 1225 767 VI.
1242 718 1296 767 601.

161 823 255 855 ererum
272 811 297 854 et
314 807 409 853 ludum.
444 803 499 850 Iuro
521 803 632 864 alloquio
649 807 709 847 sunt
748 803 873 850 Dulcibus
888 801 1008 861 alloquiis
1023 801 1062 848 ita
1079 799 1239 863 respondisse
1252 814 1297 860 pu·

160 885 225 934 varii
242 897 379 942 sermones,
404 880 493 945 quibus
514 880 578 929 alter
599 879 706 928 alterum
747 885 807 928 tuto.

644 1045 808 1071 -OOO—

542 1209 786 1274 CARMEN
831 1208 923 1273 XIV.

294 1365 418 1447 Mollis
442 1377 561 1443 inertia
583 1399 640 1442 cur
663 1381 792 1442 tantam
815 1375 985 1442 diffuderit
1008 1374 1083 1440 imis

340 1482 550 1550 Oblivionem
574 1479 743 1563 sensibus,

293 1587 416 1653 Pocula
440 1586 598 1650 Lethaeos
622 1589 661 1648 ut
684 1583 713 1649 si
737 1583 891 1648 ducentia
916 1603 1048 1648 somnos

336 1690 460 1755 Arente
482 1688 576 1754 fauce
599 1686 770 1769 traxerim,

293 1793 439 1859 Candide
463 1793 652 1874 Maecenas,
677 1790 797 1857 occidis
822 1812 918 1875 saepe
940 1787 1094 1874 regende.

337 1897 446 1978 Deus,
472 1896 561 1960 Deus
585 1917 663 1959 narn
686 1916 740 1959 me
763 1899 854 1958 vetat

292 2002 460 2085 Inceptes,
485 1998 563 2063 elim
588 1999 787 2083 premissum
811 2019 956 2079 carmen,
981 1995 1106 2060 iambos

331 2103 387 2168 Ad
398 2102 595 2168 umbilicum
617 2102 785 2167 adducere.

291 2207 367 2271 Non
390 2205 486 2271 aliter
510 2205 621 2272 Samio
646 2205 761 2270 dicunt
784 2203 903 2269 arsisse
927 2201 1083 2286 Bathyllo

336 2312 543 2376 Anacreonta
566 2309 696 2393 Teium,

294 2414 358 2495 Qui
381 2435 535 2500 persaepe
559 2436 639 2478 cava
662 2413 829 2478 testudine
851 2413 944 2478 flevit
967 2432 1111 2476 amorem

336 2517 412 2582 Non
437 2516 640 2598 elaboratum
664 2515 706 2580 ad
727 2515 853 2600 pedem.

292 2620 403 2687 Ureris
428 2620 499 2705 ipse
521 2619 638 2684 miser:
665 2619 753 2704 qued
776 2619 805 2684 si
828 2641 895 2684 nen
918 2618 1085 2704 pulchrior
1110 2617 1198 2703 ignis

309 2800 462 2850 CARMEN
480 2800 556 2849 XIV¹
744 2773 861 2834 κτείνειν,
883 2771 1052 2838 ἀποπνίγειν,
1075 2771 1195 2834 κόπτειν,
1213 2791 1294 2822 κατα-

744 2852 856 2902 κόπτειν.
892 2851 959 2901 Vide
975 2851 996 2900 1.
1012 2850 1123 2899 Piersen.
1139 2852 1172 2898 ad
1187 2852 1293 2900 Moerid.

190 2895 304 2979 Pocula
330 2931 451 2976 lethaeae
477 2935 506 2976 ut
535 2931 558 2977 st‘
585 2930 704 2978 ducentia
744 2932 822 2980 Attin.
840 2946 897 2994 pag.
914 2932 956 2982 73.

157 3022 258 3057 remees.
291 3008 348 3058 MS.
366 3007 474 3056 Franek.
491 3009 538 3056 uti.
571 3009 606 3056 Et
626 3008 704 3056 sicin
783 3012 872 3059 Urert's
896 3013 951 3073 ipse
986 3011 1078 3058 miser:
1105 3010 1173 3072 qued
1197 3011 1220 3057 si
1245 3025 1294 3059 non

157 3099 207 3133 une
224 3086 293 3136 Leid.
311 3086 463 3148 Corruptum
480 3100 512 3135 ex
529 3088 614 3135 ueluti.
639 3085 704 3136 Vul·
743 3091 873 3153 pulchrior
897 3091 971 3152 ienis.
1005 3089 1036 3136 In
1059 3088 1097 3136 his
1114 3089 1293 3136 connexionem

158 3171 246 3225 gaturn
268 3167 348 3229 magis
365 3172 402 3214 est
423 3164 606 3213 consuetudinis
623 3164 704 3213 Horu·
745 3183 803 3216 cum
820 3175 871 3216 tote
886 3167 1076 3217 carminevidee
1089 3167 1294 3231 nullam,neque

158 3243 246 3294 tianae.
271 3245 331 3294 Vid.
349 3245 431 3295 Bentl.
449 3244 639 3307 comparandus
658 3261 703 3293 au·
745 3261 809 3294 unus
842 3246 953 3294 emnium
988 3247 1151 3309 interpretum
1177 3249 1293 3296 ostendit.

156 3329 207 3371 tem
232 3323 271 3371 hic
292 3330 329 3372 est
356 3323 451 3373 Seneca
467 3322 542 3371 Herc.
568 3321 624 3372 Oet.
647 3325 704 3373 644.
744 3325 860 3375 Fortasse
876 3326 1023 3389 legendum:
1046 3327 1294 3389 Ureruhr'psemleer.

159 3402 250 3464 Ceapes
272 3404 350 3464 Tyrio
369 3402 549 3449 mellierostre
578 3402 646 3450 Solet
659 3405 704 3451 im-
749 3405 829 3465 Quid,
849 3407 872 3453 si
887 3421 937 3453 aen
952 3406 1083 3467 pulchrior
1103 3407 1170 3468 ienis
1204 3409 1295 3455 Incen-

156 3483 262 3543 pecr'des
279 3482 368 3529 ducere
384 3493 486 3528 temnet.
746 3484 785 3530 dit
801 3486 921 3534 obsessam
939 3485 1021 3532 Ilion?
1049 3484 1140 3532 Gaude
1155 3490 1223 3532 sorte
1240 3491 1295 3534 tuo.

192 3560 287 3608 Arente
310 3558 391 3621 saure
423 3559 554 3605 traxerim.
601 3559 636 3606 Et
659 3559 706 3607 hoc
746 3561 834 3610 Verba
855 3563 1032 3625 interrogative
1052 3563 1132 3625 posita
1149 3569 1208 3611 sunt
1225 3565 1296 3613 Mae-

158 3639 283 3690 Graecum
303 3642 346 3686 cst.
373 3636 511 3684 Menander
528 3637 594 3699 apud
611 3638 705 3687 Athen.
745 3642 846 3690 canatis.
871 3641 992 3690 Horatius
1017 3641 1086 3689 dicit:
1117 3643 1152 3691 Et
1177 3643 1229 3705 ipse
1255 3650 1297 3703 tu,

159 3719 208 3767 XI.
225 3719 265 3766 43.
291 3715 382 3773 Μέσως
393 3715 495 3778 μεθύων
506 3718 555 3775 τὴν
564 3717 707 3782 θηρίκλειον
746 3721 890 3777 Maecenas,
919 3721 1009 3778 ureris,
1043 3735 1124 3778 amas,
1157 3722 1233 3771 miser
1262 3738 1296 3772 es.

157 3799 261 3847 ἔσπασε.
296 3796 421 3845 Nicander
442 3797 467 3843 in
488 3797 574 3844 eedem
591 3797 640 3846 XI.
665 3798 705 3849 70.
747 3799 826 3860 Quid,
851 3799 931 3861 inquit
961 3799 1104 3857 Maecenas,
1130 3815 1176 3862 ego
1206 3801 1297 3850 miser?

159 3879 208 3925 Kal
233 3877 354 3942 μελιχρὸν
379 3877 451 3924 οἶνον
477 3874 559 3924 ’ἕλκειν
579 3877 606 3924 ἐκ
627 3878 706 3925 herra-
748 3893 834 3926 amans
858 3878 982 3941 puellam,
1014 3893 1077 3942 quae
1102 3878 1215 3928 Helenae
1239 3883 1297 3943 pul-

159 3960 222 4015 στῆς
239 3954 367 4014 ἡδύπνου.
401 3954 469 4003 Vide
486 3955 598 4017 Bergler.
615 3956 647 4002 ad
659 3955 707 4005 Al·
746 3957 888 4005 chritudlnc
904 3957 940 4003 nil
957 3957 1035 4005 cedit?
1052 3957 1185 4006 Horatius:
1207 3959 1297 4010 Gaude

158 4034 269 4098 ciphren.
288 4034 367 4096 Epist.
386 4033 406 4081 I.
425 4034 465 4081 34.
747 4044 791 4085 tua
815 4044 886 4084 sorte.
921 4037 977 4098 Ege
1001 4042 1053 4084 tam
1072 4036 1133 4085 felix
1154 4053 1205 4086 nen
1230 4054 1297 4100 sum,

205 4116 304 4162 Occidis
318 4129 391 4176 saepe
407 4116 523 4177 repende.
546 4113 625 4161 Poeta
642 4114 707 4176 apud
747 4123 771 4165 et
788 4120 917 4179 prepterea
934 4129 1033 4178 queque
1049 4117 1182 4179 premissos
1200 4118 1296 4166 iambos

157 4194 317 4242 Athenaeum
339 4193 373 4242 X.
395 4195 435 4242 45.
461 4192 580 4250 ’aeoles
602 4191 627 4258 μ’
646 4194 706 4257 ipe·
747 4195 863 4257 perlicere
887 4208 937 4242 nen
959 4208 1066 4256 possum.
1103 4197 1139 4244 Et
1161 4199 1297 4259 pulchrior

158 4276 216 4321 rhu.
251 4272 325 4320 Talia
353 4279 412 4320 sunt
442 4272 607 4335 ἀποκναίειν,
635 4271 705 4321 ἀπο·
748 4289 819 4337 saepe
841 4274 970 4336 aliquante
994 4274 1051 4337 plus
1077 4274 1202 4336 significat
1219 4292 1296 4340 quam
