2916 5220
567 296 724 360 Lllllll
790 300 811 360 l.

347 481 453 545 Panes
480 481 618 565 iambis,
644 484 712 548 sive
736 485 886 569 flanimea,

394 584 469 650 Sive
492 587 575 651 mari
599 587 681 653 libet
704 589 881 656 Hadriano.

299 686 373 749 Non
400 688 629 772 Dindymene,
655 712 720 755 non
744 693 853 776 adytis
877 696 984 778 quatit

300 789 446 855 Mentem
470 792 675 857 sacerdotum
699 794 807 860 incola
831 797 989 880 Pythius,

117 967 269 1029 Interpretes
297 969 397 1016 niodum
430 967 557 1030 explicant
577 968 665 1030 finem.
709 972 774 1019 voles
798 973 877 1021 aradis
911 975 1010 1020 Paetum
1033 975 1143 1035 parabat
1183 975 1256 1027 Morti

116 1046 185 1107 Quid
211 1050 279 1095 tum?
312 1049 403 1095 Finem
426 1061 501 1110 pones
522 1053 547 1094 et
568 1050 667 1097 nrodam
709 1049 837 1099 criminosi
853 1057 912 1097 sunt
928 1050 1011 1099 iambi.
1030 1051 1108 1109 Nam,
1127 1054 1254 1103 utStrabo

117 1140 207 1187 pones,
230 1126 290 1174 nihil
313 1125 437 1175 differunt.
471 1127 526 1175 Hee
551 1127 605 1174 loeo
623 1126 667 1174 nli·
709 1126 780 1184 dicit,
798 1128 888 1187 οἰκεῖος
898 1130 967 1178 ἐστιν
984 1130 1105 1195 displice
1117 1138 1253 1197 metropole.

55 1223 63 1237 ·
116 1206 176 1267 qnid
194 1205 335 1268 requiritur,
353 1204 666 1267 quodsignifieatdelelris,
708 1206 743 1253 m
760 1206 886 1272 ἰαμβίζειν
898 1216 935 1258 est
952 1210 1016 1258 idem
1033 1211 1100 1273 quod
1113 1211 1253 1275 λοιδορεῖν,

116 1290 147 1332 nt
169 1286 234 1332 nihil
254 1284 352 1332 ormino
376 1285 493 1346 supersit.
528 1283 618 1331 Modus
643 1289 667 1331 et
708 1287 866 1352 κακολογεῖντ
892 1287 941 1336 vid.
959 1288 990 1334 ad
1008 1289 1107 1337 Terent.
1133 1290 1252 1338 Maurum

117 1363 173 1410 finis
191 1369 318 1424 ponuntur
334 1363 381 1421 rei,
393 1377 456 1424 quae
473 1362 504 1410 ad
522 1361 568 1409 hoc
585 1362 666 1423 ipsum
707 1380 731 1426 p.
748 1367 787 1416 67.
822 1368 857 1414 Et
872 1382 962 1430 parum
980 1374 1052 1430 grata
1067 1375 1104 1416 ast
1121 1369 1145 1416 h.
1157 1369 1174 1417 l.
1186 1384 1253 1418 men·

118 1449 215 1504 ternpus
224 1443 391 1490 continuatur.
405 1441 492 1489 llorat.
501 1441 522 1489 I.
532 1441 616 1491 Carm.
625 1442 666 1490 24.
707 1445 742 1491 tio
758 1446 911 1503 iamborum,
928 1447 987 1510 quia
997 1447 1116 1495 Horatius
1127 1462 1185 1496 mox
1197 1464 1253 1498 con-

118 1522 185 1579 Qais
202 1522 322 1570 &adaia
341 1522 376 1568 sit
389 1522 482 1582 ynam,
503 1525 550 1567 aut
571 1522 665 1569 modas.
707 1524 791 1572 fitetur
815 1539 841 1573 se
866 1540 941 1574 suum
967 1526 1087 1574 fervorem
1114 1528 1138 1574 in
1160 1530 1254 1578 landos

118 1599 212 1661 Virgil.
230 1599 293 1647 VH.
323 1600 389 1648 Aen.
409 1600 463 1648 129.
486 1601 585 1648 Enitia's
600 1601 666 1662 posi·
706 1605 796 1652 celeres
819 1604 920 1655 misisse.
959 1606 1078 1655 Dubitari
1103 1623 1200 1671 quoqne
1221 1625 1251 1657 on

117 1685 178 1727 tara
196 1681 302 1728 raedam.
325 1677 397 1728 Ovid.
410 1678 458 1727 IV.
487 1677 589 1727 Metam.
607 1679 664 1727 258.
707 1678 846 1730 Commeat.
864 1681 903 1729 hic
913 1697 963 1730 non
972 1683 1060 1746 legerit
1070 1688 1166 1735 terrebar.
1186 1689 1252 1736 Nam

120 1760 271 1821 Venerisque
292 1759 392 1807 nradnm
412 1758 461 1806 sibi
474 1758 542 1820 fecit
562 1760 590 1805 in
610 1758 664 1808 illa.
707 1759 777 1806 elicit:
795 1761 939 1822 scripserat
950 1768 1035 1810 (ratem
1046 1765 1160 1814 iarrreicir
1176 1770 1251 1815 versi-

119 1837 214 1887 Statius
231 1837 267 1885 11.
287 1836 349 1886 Silv.
366 1837 390 1884 6.
412 1838 435 1884 2.
458 1839 578 1899 lacrymis
598 1840 664 1900 qat's·
707 1840 763 1885 bace:
778 1841 822 1899 qui
837 1855 881 1902 pes
898 1842 1002 1888 Iambus
1016 1845 1194 1893 aelierrrentiam
1212 1846 1251 1908 as-

115 1918 173 1979 qnis
190 1917 337 1964 disminrino
348 1918 421 1978 panis
438 1918 600 1979 Layendiqae
616 1932 665 1966 rna·
699 1916 770 1978 fert,
781 1918 991 1967 irrrectiviaoolde
1002 1924 1178 1970 accommodae.
1196 1924 1251 1972 Nisi

114 1999 166 2046 dos.
192 1995 243 2045 Ubi
260 1994 347 2043 malim
364 1996 516 2056 layendaqne
532 1997 623 2055 arados,
641 1996 665 2042 id
705 1996 787 2057 potins
804 1996 936 2058 legendum
953 1997 984 2044 sit
1000 2000 1059 2060 qnia
1075 2015 1120 2061 pes
1139 2001 1250 2050 Iarnbns.

114 2081 165 2132 est,
184 2080 282 2137 tempus
299 2076 398 2123 brevius
415 2073 455 2122 vel
468 2073 567 2135 longius
579 2074 664 2123 finien-
706 2074 794 2123 Prima
811 2083 893 2124 autem
911 2090 997 2125 caussa
1013 2077 1132 2127 lociadeo
1143 2083 1252 2144 corrupti

116 2154 141 2201 di
162 2155 252 2202 luctus.
288 2154 455 2216 Symmachus
475 2153 554 2216 Epist.
580 2153 600 2200 Ι.
624 2153 663 2204 47.
705 2168 758 2203 esse
774 2156 853 2217 potuit
874 2171 897 2203 v.
914 2170 934 2203 c.
951 2171 1038 2219 pones,
1059 2170 1172 2218 perverse
1193 2162 1251 2208 seri-

118 2231 246 2281 Memento
260 2233 402 2296 facundiae
423 2237 482 2279 tuae
503 2234 602 2280 raedam
620 2249 663 2295 po·
705 2241 775 2294 ptum
798 2247 842 2295 pro
861 2250 962 2296 pamm.
995 2234 1051 2295 Quo
1071 2235 1149 2294 fecto,
1168 2241 1252 2288 omnia

116 2327 180 2360 aere.
215 2313 325 2361 Raetica
350 2313 404 2358 sint
425 2316 450 2359 et
472 2312 584 2370 inculta,
600 2327 663 2374 qnae
705 2315 798 2362 mutari
814 2315 959 2364 debuerunt.
989 2317 1101 2364 Parabis
1121 2325 1146 2366 et
1161 2320 1251 2370 iarrrbis

114 2389 230 2452 loqueris.
249 2390 291 2440 Sic
299 2391 373 2438 etiarn
385 2390 485 2452 ponitur
494 2389 557 2438 finis.
567 2390 661 2440 Lucan.

116 2469 149 2518 X.
176 2470 216 2517 42.
245 2471 364 2519 Occurrit
383 2483 502 2531 supremo
522 2470 574 2517 dies
608 2473 662 2519 Na·

116 2556 224 2613 turaque
236 2551 316 2598 solnm
337 2551 417 2597 Hanc
433 2550 517 2610 potnit
527 2550 608 2611 finem
624 2566 661 2600 ae-

114 2644 176 2679 sana
204 2645 296 2690 ponere
315 2631 379 2692 reyi,
404 2630 449 2678 ubi
470 2631 525 2679 finis
548 2632 661 2679 victoria·
682 2686 684 2693 Ι

114 2724 172 2756 rum
176 2710 318 2758 Alexandri
326 2711 482 2773 intelligitur.
492 2710 569 2760 Silius
578 2711 635 2760 Ital.
641 2713 660 2759 Ι.

114 2789 171 2838 280.
200 2790 231 2837 de
249 2789 375 2853 Geryone:
404 2792 446 2839 cat
472 2805 563 2852 periere
581 2792 662 2853 finan

115 2871 266 2933 Nonpotm't
283 2886 349 2919 more
361 2886 420 2919 ana.
441 2871 496 2919 Hoc
512 2879 549 2920 est
563 2873 662 2920 attendi

106 2949 196 3010 finem.
218 2949 256 2998 Ut
273 2949 366 2999 Seneca
377 2950 471 3011 Agam.
488 2951 544 2998 608.
563 2949 660 3000 Audet·

113 3043 161 3089 qae
180 3030 248 3077 vitae
271 3043 362 3091 ponere
378 3029 466 3090 finem.
495 3045 518 3076 v.
540 3029 608 3079 Cort.
629 3031 661 3077 ad

114 3106 209 3154 Lucan.
220 3107 254 3155 V.
266 3107 322 3156 314.
349 3106 505 3170 Oudendorp.
522 3109 554 3156 ad
565 3109 660 3171 Appul.

113 3183 163 3233 VI.
189 3185 291 3234 Metam.
314 3201 337 3248 p.
359 3186 415 3234 405.
441 3187 528 3235 Burm.
550 3189 582 3237 ad
607 3189 625 3236 l.
642 3190 659 3237 l.

115 3264 661 3330 VirgiliiHoretiumsieinterpretatur:Dat

112 3344 214 3404 puellae
239 3346 373 3406 optionem,
398 3345 497 3407 quando
520 3348 581 3396 velit
605 3364 660 3397 eam

113 3424 226 3470 desimre
235 3424 331 3470 iambos
347 3424 493 3472 emeritanam
508 3425 623 3483 scribere,
636 3432 661 3476 et

112 3501 222 3564 scriptos
243 3502 345 3550 abolere.
373 3502 456 3552 Sensit
475 3504 553 3567 igitur
573 3505 659 3556 Burm.

112 3580 298 3640 difficultatem,
312 3597 363 3630 non
381 3584 513 3646 expedivit.
539 3585 605 3634 Nam
626 3587 660 3635 la·

112 3662 162 3708 cies
178 3676 219 3709 me
235 3661 358 3721 desinere,
378 3668 404 3712 et
424 3664 527 3726 scriptos
549 3666 659 3725 abolere,

112 3742 138 3787 in
156 3755 207 3788 uno
223 3740 268 3789 illo
284 3743 383 3790 niodum
399 3758 475 3803 pones
491 3757 541 3791 non
552 3746 659 3793 contine

112 3826 162 3866 tur.
188 3819 275 3882 Atque
292 3820 350 3867 hinc
366 3821 473 3869 oriretur
490 3823 547 3870 talis
564 3830 659 3872 senten-

111 3897 158 3943 tia:
184 3898 236 3944 sive
257 3911 313 3953 me,
335 3900 387 3947 sive
407 3900 498 3964 scripta
518 3915 574 3949 mee
598 3902 659 3951 velis

110 3977 265 4036 comburere,
274 3978 325 4026 sive
333 3981 574 4043 aquissubmergere.
583 3982 659 4031 Prae·

111 4063 180 4103 terea
196 4070 246 4105 non
263 4071 323 4119 opus
340 4061 436 4107 eratin
457 4059 591 4108 Palinodia
606 4062 658 4123 pol·

705 2392 813 2442 inMSS.
823 2393 885 2441 nihil
895 2393 944 2443 fere
953 2393 1075 2442 differunt.
1085 2396 1185 2447 Parare
1194 2414 1249 2460 poe-

704 2484 763 2526 nas,
773 2484 848 2532 quam
862 2472 959 2533 proprie
974 2472 1068 2519 dictum
1079 2473 1119 2529 sit,
1130 2477 1203 2524 etiam
1213 2492 1249 2525 os·

705 2549 783 2596 tendit
792 2548 910 2598 Pricaeus
921 2549 952 2597 ad
960 2550 1058 2612 Appul.
1067 2551 1097 2600 Τ.
1108 2551 1151 2600 111
1153 2554 1248 2615 pseu.

737 2630 795 2676 Non
813 2630 983 2689 Dindymene,
1000 2645 1048 2678 non
1059 2633 1144 2693 adytis
1156 2636 1248 2694 qrmtit.

704 2709 824 2768 “Adytis,
841 2707 938 2764 dicum,
955 2722 1000 2771 pro
1016 2711 1043 2757 in
1054 2712 1148 2772 adytis.
1162 2713 1250 2762 Inorla

704 2784 823 2846 Pythius,
841 2786 884 2849 qui
904 2787 1000 2850 Pyth0,
1022 2788 1133 2851 Delphos
1154 2791 1248 2841 inhabi-

703 2871 750 2922 tat,
772 2866 874 2928 Apollo.
909 2867 1064 2931 Exquisitins
1085 2875 1180 2927 mutan,
1205 2875 1249 2935 qni

703 2943 788 2992 incolit
797 2953 892 2994 mentes
900 2947 1077 2995 sacerdotum.’'
1095 2947 1164 2996 llaec
1175 2950 1248 2999 inter-

702 3032 791 3085 pretes.
817 3025 874 3073 Non
891 3026 965 3074 credo
981 3039 1075 3074 numen
1092 3027 1193 3089 aliquod
1213 3030 1249 3076 ita

703 3105 823 3167 appellari
842 3106 949 3154 incolam
970 3106 1050 3163 urbis,
1067 3107 1092 3154 iu
1113 3123 1163 3170 qua
1179 3124 1247 3171 prae-

703 3184 774 3246 cipue
802 3184 914 3232 habitare
938 3184 1079 3247 putabatur.
1116 3186 1245 3250 Nusquam

702 3263 752 3326 legi
773 3280 796 3312 v.
814 3278 834 3312 e.
856 3266 947 3313 Incola
963 3265 1067 3324 Delius,
1089 3265 1179 3313 Incola
1201 3267 1246 3314 Sn-

701 3345 765 3404 mia,
782 3343 948 3392 Atheniensis.
978 3342 1097 3390 Homines
1112 3344 1193 3404 potius
1211 3346 1247 3393 in·

701 3423 882 3485 telligeremuS,
892 3436 941 3469 non
952 3421 1109 3484 Apollinem,
1117 3422 1246 3483 Iunonem,

701 3517 746 3550 nec
763 3503 911 3550 Minervam.
931 3503 1019 3550 Incola
1035 3502 1137 3557 neentis,
1154 3503 1246 3566 placuit

701 3579 842 3629 D'Orvillio
863 3581 894 3628 ad
919 3579 1079 3629 Charitonem
1100 3597 1122 3642 p.
1145 3583 1200 3634 527.
1222 3592 1245 3632 et

700 3661 787 3708 Burm.
814 3660 845 3707 ad
866 3660 952 3708 Valer.
973 3660 1056 3709 Illaec.
1075 3660 1122 3708 IV.
1148 3661 1244 3724 Argon.

701 3741 757 3788 445.
783 3754 832 3787 non
858 3739 1045 3802 Oudendorpio,
1062 3740 1104 3801 qui
1129 3741 1245 3789 idoneum

700 3819 775 3867 huius
789 3819 918 3868 locutionis
930 3818 1074 3880 exemplum
1085 3819 1245 3868 desiderabat.

702 3898 783 3948 Solvit
799 3899 844 3947 has
862 3898 1018 3945 difficultates
1034 3896 1245 3954 Hemsterhusius

700 3978 743 4040 qui
759 3977 820 4025 haec
832 3977 969 4025 annotavit:
988 3974 1145 4024 “Certissima
1161 3976 1244 4038 legen-

700 4057 771 4104 dum:
784 4058 863 4118 adyti.
874 4054 984 4117 Pythius
992 4054 1073 4100 incola
1081 4053 1156 4116 adyti.
1169 4054 1244 4103 Grae-

111 4132 194 4191 lieeri,
215 4149 241 4182 se
262 4149 390 4197 nunquam
407 4137 497 4185 iterum
514 4137 576 4185 tales
593 4138 658 4186 Iam·
679 4128 681 4135 ’
700 4138 734 4184 cis
751 4136 817 4185 enim
834 4136 922 4184 eximie
939 4133 1032 4182 ἄδυτον
1045 4133 1147 4181 interior
1158 4135 1244 4197 templi

111 4213 156 4261 bos
173 4228 226 4262 esse
242 4215 443 4278 compositurum.
466 4216 584 4264 Horatius
601 4219 657 4266 scri·
700 4216 816 4279 Delphici
824 4229 938 4264 recessus.
948 4212 1049 4262 Gratius
1059 4211 1178 4276 Cyneget.
1188 4215 1243 4262 438,

111 4293 169 4341 bore
186 4294 277 4354 potnit:
303 4295 375 4352 Quos
396 4296 536 4343 mirainosis
556 4311 659 4357 crtrnqae
679 4286 682 4372 l
705 4298 815 4344 Valcone
832 4295 878 4342 loci
897 4293 984 4341 Irrcola
1008 4291 1116 4342 Μυσίδ’
1144 4290 1243 4341 Ouden-
