2916 5220
591 315 763 379 LlBllR
810 317 864 379 lV.

296 501 384 583 Noa,
409 502 465 566 ubi
489 502 685 584 decidimus,

156 673 237 728 petua
254 683 306 716 una
322 670 474 717 derodendo.
501 669 620 717 Albinov.
635 669 707 732 Eleg.
751 671 822 731 pacis
847 671 938 718 seruile
958 671 1067 719 recessit.
1102 669 1157 718 Hoc
1174 671 1208 719 ita
1225 674 1300 720 statui

158 745 195 794 ΙΙ.
221 748 275 795 113.
312 749 442 796 Redditur
463 751 594 797 arboribus
612 747 709 808 florens
751 761 821 808 posse
846 747 958 795 arbitror.
994 749 1142 797 Reddimus
1166 750 1192 797 in
1216 750 1300 799 locum

157 827 326 874 revirentibus
343 831 426 875 aetas:
449 829 521 889 Erpa
536 842 586 876 non
603 828 708 884 bomini,
749 832 775 873 et
800 826 963 874 conditionem
988 827 1151 886 deteriorem,
1175 831 1299 880 miseram.

157 905 225 966 quod
242 903 301 967 suit
324 909 400 963 onte,
425 907 500 954 redit.
536 905 623 967 Atque
648 905 709 952 haec
750 906 901 954 Deeidimus
925 906 952 953 in
976 907 1060 954 locum
1086 914 1111 956 et
1135 908 1300 958 conditionem

158 982 329 1044 interpretatio
357 989 488 1046 propterea
514 998 613 1046 quoque
637 985 709 1033 alteri
750 984 908 1044 deteriorem,
928 985 1056 1046 miseram,
1074 993 1099 1035 et
1116 993 1223 1049 turpem.
1256 987 1300 1036 Aa

158 1068 196 1110 cat
212 1061 385 1124 praeferenda,
406 1062 467 1126 quia
492 1061 605 1110 Romani
621 1064 708 1111 lunam
750 1061 951 1111 honorationem
968 1064 1092 1128 exigenda
1109 1067 1241 1114 estomnis
1258 1082 1299 1115 va·

158 1141 606 1204 darunareparantem,magisetiam
615 1143 708 1189 Moeno
750 1139 824 1189 rictas
849 1141 1000 1201 lectionum,
1029 1158 1108 1206 eaque
1137 1144 1250 1206 plurimis
1275 1152 1300 1193 et

158 1221 285 1278 miratio,
301 1235 431 1284 uunquam
448 1221 519 1270 aliter
535 1222 583 1269 nisi
597 1221 627 1269 de
640 1221 708 1268 dam·
749 1221 848 1283 optimis
865 1222 939 1271 MSS.
957 1222 1124 1271 confirmatur.
1146 1223 1186 1272 Sic
1198 1224 1223 1270 in
1235 1224 1298 1273 Sue·

159 1298 198 1346 nis
231 1298 309 1360 ipsius
339 1301 414 1350 lunae
448 1301 593 1364 acciperent.
636 1299 708 1349 Conf.
751 1299 817 1346 tenio
833 1315 921 1349 verum
938 1307 974 1349 est
986 1303 1090 1360 decidit,
1107 1302 1167 1365 quia
1177 1302 1300 1352 Claudius

159 1375 262 1440 interpr.
280 1379 312 1426 ad
328 1379 418 1428 Rutilii
435 1379 487 1427 Iter
498 1379 519 1427 Ι.
534 1380 587 1427 122.
623 1379 707 1429 Sidon.
750 1380 778 1426 in
794 1394 901 1428 ottonum
916 1381 1039 1442 pependit,
1056 1381 1103 1429 hoc
1119 1388 1170 1430 est:
1191 1383 1300 1431 venditio

160 1456 274 1518 Apollin.
286 1458 346 1507 XV.
364 1458 448 1508 Canu.
457 1459 496 1506 40.
508 1461 569 1521 quid
579 1464 709 1507 monstrem
751 1457 871 1506 bonorum
883 1461 1046 1508 contumeliae
1056 1473 1143 1508 caussa
1155 1460 1235 1518 fiebat,
1247 1463 1301 1525 ipsa

159 1537 236 1584 lunae
273 1538 434 1597 Incrementa
466 1543 576 1600 parent,
606 1539 709 1587 totidem
750 1535 815 1584 bona
830 1536 876 1583 sub
893 1537 966 1584 hasta
982 1552 1032 1586 non
1050 1539 1230 1597 vendebantur,
1243 1543 1301 1603 qnia

158 1627 206 1660 cur
222 1615 315 1663 damna
330 1621 476 1677 sequuntur.
749 1621 820 1662 erant
836 1615 914 1664 nulla.
943 1615 1009 1664 Vide
1025 1615 1117 1664 similia
1132 1617 1187 1664 loca
1202 1625 1298 1668 contro·

193 1693 261 1751 Nos,
282 1694 324 1740 ubi
345 1695 489 1742 decidimus.
523 1693 629 1742 Mallem
646 1695 707 1743 reci·

159 1771 251 1820 dimus.
287 1773 410 1822 Desidere
425 1779 450 1820 et
466 1775 575 1822 recidere
591 1773 618 1819 in
631 1773 708 1822 MSS.

160 1849 212 1900 fero
232 1866 328 1914 semper
346 1860 487 1916 permutata
504 1861 568 1903 sunt.
602 1855 709 1903 Librarii

159 1932 185 1978 in
206 1932 283 1994 poitis
303 1933 433 1994 praecipue
456 1934 567 1982 deeidme
587 1934 709 1996 praetule-

159 2016 232 2066 runt,
254 2012 353 2073 quando
373 2012 516 2060 metuebant
537 2027 568 2060 ne
587 2013 668 2075 prima
684 2012 708 2060 in

159 2091 242 2138 recido
258 2091 362 2152 produci
377 2097 465 2154 posset.
483 2091 532 2151 Qui
543 2099 622 2139 metus
634 2106 709 2153 quam

160 2171 307 2239 vanus-sit,
334 2184 406 2234 saepe
430 2172 462 2218 ad
489 2169 607 2220 Ovidium
628 2171 710 2218 docuit

160 2248 297 2306 Heinsius,
339 2257 363 2298 et
404 2251 591 2322 diligentissime
641 2251 707 2298 Bur·

161 2341 246 2376 mann.
264 2330 295 2376 ad
313 2329 426 2392 Propert.
439 2330 487 2379 IV.
504 2331 528 2378 8.
541 2331 581 2378 44.
603 2329 709 2378 Interim

161 2407 252 2455 Latine
276 2409 430 2458 scientissimi
454 2409 599 2472 interpretes
621 2410 663 2457 alii
684 2410 709 2456 in

161 2486 213 2534 suis
231 2487 390 2550 scriptoribus
402 2490 524 2545 decidere,
542 2489 585 2536 alii
602 2491 710 2538 recidere

128 2585 131 2590 ·
162 2571 281 2625 tuentur,
299 2573 438 2630 pugnantes
455 2568 603 2631 plerumque
627 2582 709 2616 exem·

161 2645 222 2707 plis,
238 2661 345 2710 quornm
360 2648 453 2695 incerta
469 2654 506 2694 est
523 2648 657 2709 scriptura,
669 2661 710 2695 ne-

161 2739 210 2788 que
235 2739 348 2773 caussam
371 2727 507 2774 sententiae
527 2740 588 2774 suae
609 2727 710 2774 redden-

161 2812 215 2862 tes,
236 2819 286 2853 nno
303 2804 353 2853 fere
370 2812 472 2868 excepto
489 2804 662 2866 Oudendorpio
680 2805 712 2851 ad

162 2884 265 2934 Sueton.
287 2883 377 2934 Claud.
394 2885 417 2933 9.
452 2885 495 2932 Ad
515 2898 556 2932 eas
577 2886 616 2932 rei
630 2883 711 2946 sartri-

163 2965 238 3012 iiaris
262 2966 394 3027 unquatias
418 2966 528 3024 decidit,
558 2969 605 3024 ut,
634 2979 711 3026 quum

161 3045 298 3106 obiiqatam
323 3045 423 3092 amorio
436 3044 517 3104 fidem
536 3044 643 3090 liberare
663 3057 712 3090 non

160 3127 257 3184 posset,
281 3123 309 3170 in
333 3136 440 3171 vacuum
465 3124 516 3184 lepe
538 3122 713 3183 praediatoria

153 3202 258 3250 renatis
278 3203 426 3263 pependerit
445 3202 491 3249 sub
511 3202 592 3249 edicto
610 3206 710 3260 praeto-

162 3294 229 3328 rum.
263 3278 316 3328 Ubi
339 3279 470 3328 Ernestius
493 3278 593 3327 volebat
614 3279 712 3327 recidit.

163 3356 322 3422 Oudendorp.
352 3361 456 3416 decidit,
486 3359 571 3407 addita
595 3358 711 3406 observa·

750 1707 822 1741 versa
842 1694 908 1756 apud
927 1694 1034 1744 Gronov.
1052 1696 1083 1742 ad
1101 1696 1208 1745 Senecae
1224 1698 1299 1746 Herc.

750 1773 810 1822 Fur.
827 1775 885 1822 268.
906 1775 992 1825 Heius.
1010 1775 1042 1822 ad
1059 1775 1148 1826 Claud.
1166 1777 1231 1826 Bell.
1246 1778 1299 1828 Gil-

751 1852 807 1901 don.
825 1855 864 1902 44.
890 1854 988 1902 Ernest.
1010 1855 1041 1901 ad
1062 1855 1142 1914 Tacit.
1160 1855 1211 1904 III.
1242 1857 1298 1905 An·

750 1932 800 1981 nal.
818 1933 858 1982 59.
892 1935 987 1983 Eadem
1003 1935 1072 1981 notio
1089 1935 1250 1998 turpitudinis
1263 1944 1301 1984 est

750 2012 776 2059 in
802 2013 856 2061 aliis
881 2015 976 2071 verbis,
1001 2014 1032 2062 ab
1053 2013 1100 2061 hac
1122 2015 1301 2077 praepositione

750 2093 899 2155 compositis.
933 2093 1025 2156 Virgil.
1045 2093 1080 2140 V.
1101 2092 1167 2140 Aen.
1185 2094 1241 2146 782.
1264 2111 1300 2143 eo-

750 2179 813 2232 quat
834 2188 872 2221 me
891 2187 976 2235 preces
997 2175 1141 2221 descendere
1160 2175 1195 2221 ad
1210 2188 1300 2222 omues.

752 2250 802 2298 Ubi
820 2249 889 2299 Serv.
915 2253 1025 2300 “Ouarna
1042 2251 1151 2308 dicendo,
1168 2252 1242 2299 etiam
1254 2252 1300 2300 hu·

751 2330 822 2377 miles
847 2330 976 2391 significat.
1009 2330 1083 2379 Unde
1108 2330 1143 2378 ait
1163 2332 1238 2379 etiam
1261 2335 1300 2380 de-

750 2409 888 2458 scendere.'’
921 2409 977 2456 Liv.
992 2408 1096 2457 XXHI.
1111 2409 1148 2457 l4.
1183 2412 1226 2457 dd
1238 2411 1298 2458 uiti·

751 2500 819 2533 mum
825 2500 904 2547 prope
912 2487 1058 2547 desperatae
1067 2489 1219 2549 reipublicae
1228 2491 1301 2536 auai-

752 2565 829 2621 lium,
854 2580 930 2626 quum
952 2567 1053 2612 bonetto
1074 2566 1178 2613 utilibus
1198 2569 1300 2627 cedunt,

752 2644 884 2691 msceadit.
918 2642 997 2692 Tacit.
1014 2642 1050 2692 H.
1071 2643 1167 2692 Annal.
1184 2644 1224 2692 38.
1253 2648 1301 2694 Ne-

752 2737 799 2784 que
822 2723 955 2770 miserotus
981 2727 1017 2769 est
1039 2724 1144 2783 postiae
1171 2723 1301 2780 Tiberina,

752 2803 865 2864 quamuis
892 2803 978 2849 domm
1005 2803 1137 2850 Hortensii
1158 2803 1302 2863 pudendam

752 2883 787 2928 od
818 2881 930 2941 inopiam
959 2881 1124 2930 delaberetur.
1170 2881 1208 2930 Ut
1236 2888 1302 2930 recte

753 2959 894 3008 emendavit
920 2959 1050 3006 Ernestius
1075 2974 1121 3022 pro
1138 2963 1301 3009 dilaberetur.

754 3039 809 3086 Iam
826 3038 847 3084 si
863 3038 926 3084 haec
942 3037 973 3083 ad
990 3037 1072 3086 locum
1090 3038 1190 3086 Horatii
1208 3053 1301 3087 accom-

754 3118 894 3174 modemus,
912 3116 1019 3172 nemini,
1030 3118 1115 3174 credo,
1128 3118 1231 3166 dubium
1243 3119 1301 3175 erit,

755 3197 815 3262 quin
841 3200 914 3247 scribi
939 3205 1051 3262 oporteat
1076 3211 1124 3245 non
1155 3200 1302 3256 decidimus,

754 3280 812 3343 quia
829 3293 886 3326 cum
903 3280 988 3326 mortis
1004 3277 1152 3340 cogitatione
1163 3277 1235 3326 nulla
1245 3292 1302 3327 con-

754 3356 840 3403 iuncta
863 3363 901 3404 est
926 3357 1072 3417 turpitudo,
1096 3355 1139 3402 sed
1160 3357 1302 3405 recidimus.

162 3437 247 3485 tione:
264 3439 386 3487 “Decidit
396 3438 485 3485 dicitur
496 3438 582 3494 omnis,
594 3437 637 3500 qui
648 3436 713 3499 pelo
755 3435 805 3485 Ubi
821 3449 866 3482 nos
881 3450 894 3483 e
911 3435 964 3483 vita
979 3440 1004 3483 et
1020 3433 1091 3481 bonis
1108 3433 1197 3481 nostris
1214 3434 1240 3482 in
1258 3436 1302 3483 mi·

163 3528 218 3565 rem
242 3516 330 3579 accipit
353 3523 457 3574 sortem,
482 3517 554 3578 quasi
575 3530 607 3563 cx
628 3515 714 3563 altiore
755 3529 836 3563 seram
861 3513 1027 3562 conditionem
1052 3511 1197 3569 recidimus,
1223 3520 1248 3562 et
1274 3528 1302 3563 eo

163 3598 219 3646 loco
235 3595 373 3659 delapsus.''
408 3596 457 3646 Sed
479 3610 510 3643 ea
527 3593 666 3642 observatio
682 3595 712 3642 li·
755 3594 880 3651 venimus,
897 3607 946 3656 quo
961 3592 1030 3640 venit
1041 3592 1148 3640 Aeneas.
1177 3591 1219 3641 Sic
1231 3592 1302 3644 Orid.

163 3683 215 3726 tem
239 3690 288 3724 non
313 3675 417 3725 diremit.
451 3675 518 3723 Nam
540 3674 626 3722 eadem
647 3673 714 3722 valet
756 3673 790 3722 X.
808 3673 911 3722 Metam.
932 3673 968 3724 17.
987 3687 1000 3720 o
1016 3673 1093 3734 positi
1111 3675 1156 3720 rub
1173 3679 1303 3722 terrenu-

163 3757 190 3804 in
206 3769 266 3804 voce
281 3756 379 3804 recidit.
409 3757 444 3805 Et
460 3761 543 3802 tamen
560 3752 660 3815 aliquod
677 3759 715 3800 est
755 3754 824 3800 mino
837 3754 933 3809 mundi,
945 3753 979 3798 In
991 3767 1063 3812 quem
1074 3753 1303 3815 recidimus,quid·

163 3837 230 3883 inter
259 3840 391 3896 utramque
420 3833 559 3881 discrimen.
600 3831 715 3893 Agnovit
756 3833 819 3894 quid
842 3833 948 3880 mortale
978 3844 1102 3878 creamur.
1150 3829 1304 3892 Significatio

164 3912 268 3964 Gesner.
286 3913 318 3961 ad
335 3912 468 3962 claudian.
485 3913 515 3962 B.
534 3910 590 3960 Get.
603 3911 642 3960 44.
661 3913 715 3959 Hei
756 3913 888 3967 moriendi,
908 3923 984 3972 quam
1006 3909 1122 3957 nonnulli
1143 3909 1219 3958 verbo
1239 3913 1303 3960 deei-

163 3994 242 4041 mibi!
267 4008 316 4054 quo
332 3995 425 4041 Latiae
441 3994 507 4041 uires
528 3993 645 4054 urbisque
668 4006 713 4053 po·
756 3993 814 4040 dere
829 3988 956 4046 tribuunt,
982 3987 1036 4035 loco
1060 3988 1158 4036 Horatii
1182 4003 1232 4036 non
1248 4002 1303 4037 oon·

164 4077 241 4120 testas
250 4073 367 4122 Recidit!
384 4074 494 4121 “decidit
502 4071 553 4121 alii.
565 4072 599 4120 Et
608 4085 715 4133 aequum
756 4068 830 4117 venit.
864 4067 953 4128 Neque
973 4081 1028 4115 eam
1046 4066 1260 4129 significationem,
1277 4076 1305 4116 ut

163 4149 216 4199 fere
239 4152 278 4198 ius
309 4151 384 4200 habat
422 4156 557 4211 utrumque
587 4149 714 4198 verbum.''
756 4148 794 4196 illi
811 4147 907 4202 volunt,
920 4159 973 4194 sese
989 4145 1025 4193 ita
1042 4145 1132 4194 habere
1149 4153 1216 4208 puto.
1247 4148 1305 4194 Nou

165 4229 217 4284 Ibi,
233 4229 317 4288 credo,
343 4242 431 4278 verum
447 4234 512 4278 erat:
535 4229 639 4285 decidit,
657 4228 716 4291 quia
757 4226 822 4274 enim
847 4227 941 4273 decidit
966 4225 1110 4287 simpliciter
1135 4225 1235 4287 ponitur
1260 4240 1305 4288 pro

166 4308 260 4365 Ruina,
286 4315 315 4356 ut
334 4322 395 4356 mox
416 4307 523 4370 legitur,
547 4309 575 4354 in
596 4308 716 4369 premium
757 4310 870 4354 mortuus
886 4309 934 4362 eet,
951 4303 993 4351 sed
1011 4305 1120 4353 deiectus
1137 4311 1306 4366 estamorte,
