2916 5220
593 336 765 400 LIBER
812 335 855 398 ll.

379 523 430 586 Ab
456 521 611 586 insolenti
635 525 850 604 temperatam

424 624 582 706 Laetitia,
607 623 763 687 moriture
788 621 892 703 Delli,

339 729 404 793 Seu
426 732 571 792 maestus
596 726 855 810 omnitempore
880 724 1016 805 vixeris,

335 831 398 896 Seu
422 837 455 896 te
478 830 513 893 in
537 834 661 895 remoto
684 828 833 912 gramine
856 849 914 913 per
937 827 1006 891 dies

381 932 498 998 Festos
523 931 719 997 reclinatum
743 930 848 994 bearis

426 1034 587 1100 interiore
611 1039 690 1098 nota
714 1032 854 1097 Falerni.

337 1139 408 1218 Qua
429 1138 528 1223 pinus
552 1137 669 1221 ingens
698 1137 836 1219 albaque
861 1135 1002 1219 populus

337 1240 498 1306 Umbram
521 1240 720 1325 hospitalem
743 1237 928 1303 consociare
952 1244 1065 1303 amant

378 1343 511 1425 Remis,
536 1347 569 1407 et
593 1342 726 1426 obliquo
750 1341 878 1405 laborat

424 1444 575 1530 Lympha
598 1445 702 1529 fugax
727 1443 889 1529 trepidare
913 1443 1001 1508 rivo:

336 1551 411 1615 Huc
434 1549 512 1615 vina
535 1556 569 1614 et
591 1552 764 1633 unguenta
794 1552 827 1612 et
850 1545 990 1610 nimium
1013 1546 1125 1609 breves

337 1652 449 1717 Flores
472 1673 628 1716 amoenae
648 1651 731 1715 ferre
755 1650 830 1714 iube
853 1670 962 1731 rosae,

386 1755 476 1820 Dum
500 1777 551 1820 res
576 1759 609 1819 et
632 1759 721 1819 aetas
751 1758 785 1818 et
807 1774 954 1817 sororum

427 1858 503 1923 Fila
526 1858 626 1923 trium
651 1857 823 1942 patiuntur
846 1861 949 1925 atra,

166 2053 208 2096 tem
224 2063 273 2096 amr
289 2061 372 2105 aecus,
393 2061 423 2096 ue
443 2046 512 2095 borea
532 2059 568 2107 sq.
603 2045 634 2093 In
651 2043 707 2092 vul·
751 2058 808 2092 cum
829 2044 924 2105 tepenti
944 2045 1015 2105 plna.
1049 2042 1089 2090 De
1113 2043 1194 2091 colore
1214 2040 1298 2104 populi

163 2127 221 2187 gatis
246 2125 328 2174 minor
351 2132 390 2174 est
409 2124 533 2187 praecepti
554 2125 709 2182 humanitas,
751 2121 874 2170 nonnulla
890 2121 954 2169 dixit
969 2121 1109 2169 Burmann.
1123 2119 1237 2171 adOvid.
1249 2121 1297 2169 IX.

162 2219 202 2254 nec
227 2213 279 2253 tam
300 2205 363 2252 bene
385 2217 443 2251 cum
464 2201 565 2264 reliquis
587 2203 709 2250 convenit.
750 2201 851 2250 Heroid.
874 2200 914 2249 64.
939 2200 971 2248 In
988 2201 1139 2258 Philoxeno,
1160 2201 1202 2264 qui
1219 2200 1299 2248 multa

162 2283 224 2333 Nam
241 2297 281 2333 res
297 2281 376 2332 Dellii
392 2285 463 2329 erant
479 2279 578 2328 arduae.
596 2279 709 2327 Dellium
750 2281 873 2329 voeabula
893 2296 925 2330 ex
942 2280 1048 2329 Horatio
1064 2281 1238 2343 interpretatus
1254 2287 1299 2336 est,

159 2363 235 2426 igitur
267 2376 318 2410 non
349 2367 401 2408 tarn
434 2365 519 2407 monet
544 2365 573 2406 ut
600 2364 708 2407 mentem
750 2362 825 2410 etiam
842 2359 948 2422 legitur:
972 2359 1088 2418 Populus
1108 2359 1175 2406 albe.
1208 2356 1297 2415 Ardea.

160 2456 263 2505 aequam
279 2447 359 2489 servet
376 2455 392 2488 a
407 2439 501 2487 laetitia
516 2438 631 2487 insolenti
648 2446 708 2486 tem·
750 2441 778 2489 rb
795 2437 907 2503 δένδρον.

159 2531 282 2585 paratam,
302 2536 378 2584 quarn
399 2534 414 2567 a
434 2517 511 2566 nimio
532 2517 624 2565 dolore.
657 2517 707 2565 Re-
783 2519 887 2575 Rarnls,
912 2522 937 2566 et
961 2517 1058 2578 obliqua
1079 2515 1186 2563 laborat.
1219 2512 1297 2562 MSS.

158 2602 211 2664 sepi
226 2615 285 2648 cum
301 2597 415 2648 Bentleio
432 2612 445 2646 c
462 2595 539 2646 MSS.
551 2595 669 2644 Lambini
680 2611 709 2644 oe
749 2600 829 2646 rantis
846 2599 958 2660 quidet,
975 2595 1056 2643 ramis
1073 2609 1175 2656 qaoque
1201 2593 1236 2641 Et
1252 2591 1298 2639 hoc

158 2692 203 2741 pro
219 2681 249 2727 in
265 2680 339 2727 berria
374 2681 413 2728 Ae
430 2676 505 2724 habet
521 2675 595 2723 etiam
608 2673 708 2722 Hildeb.
749 2677 775 2724 in
796 2676 885 2726 Vinar.
905 2675 999 2723 invenit
1015 2672 1082 2723 Cort.
1100 2673 1131 2720 ad
1149 2673 1244 2721 Lucan.
1262 2671 1297 2721 V.

158 2758 225 2807 Mor.
246 2756 342 2806 Philos.
362 2772 386 2820 p.
406 2757 462 2808 979.
495 2754 661 2804 Ruhnkenius
677 2754 709 2800 ad
750 2757 806 2805 801,
840 2755 877 2803 Ut
902 2754 962 2802 alios
983 2751 1059 2801 MSS.
1080 2764 1174 2799 errores
1191 2757 1297 2807 taceam,

159 2833 252 2882 Vellei.
270 2833 367 2882 Patere.
386 2834 421 2882 II.
439 2834 480 2882 84.
504 2831 613 2896 appellat
630 2833 709 2880 Hora·
750 2832 878 2882 Bentleius
895 2831 957 2894 legit
976 2833 1129 2892 Runtoeqae,
1151 2837 1176 2878 et
1195 2832 1298 2891 obliquo.

159 2919 223 2960 trum
239 2911 319 2961 Dellii
335 2913 463 2961 nebulonis
476 2912 639 2960 adulatorem.
661 2911 709 2959 Nc·
751 2912 816 2960 Mihi
837 2912 917 2974 magis
939 2910 1021 2973 placet
1042 2910 1134 2966 ramis,
1154 2913 1180 2956 et
1195 2909 1299 2969 obliquo.

160 2992 220 3041 bulo
236 2999 288 3042 erat
304 2993 416 3049 Dellius,
437 2998 489 3040 tam
511 2990 594 3039 varius
610 2992 636 3039 in
653 3005 708 3038 mu·
755 2992 813 3049 Qua
834 2990 887 3040 sive
908 3005 956 3053 qao
971 2988 1108 3052 profectum
1125 2992 1162 3035 est
1178 3001 1192 3034 c
1209 2985 1298 3048 glossa.

160 3073 242 3121 tandis
263 3073 298 3120 rei
319 3071 433 3135 publicae
454 3069 579 3134 partibus,
603 3078 632 3117 ut
649 3069 710 3117 nihil
752 3070 814 3119 Post
841 3077 866 3120 et
894 3071 917 3118 h.
946 3069 964 3118 l.
995 3066 1151 3129 grammatici
1178 3064 1300 3114 addebant

160 3167 242 3215 supra.
260 3150 482 3200 Adulationesvidi
490 3150 589 3213 quidem
598 3149 710 3197 maiores.
751 3167 813 3213 qua,
838 3164 870 3198 ex
891 3149 1015 3211 superiore
1036 3161 1087 3209 qua
1107 3147 1183 3205 pinus
1203 3147 1300 3206 inpetu,

194 3228 325 3277 Moritare
342 3231 421 3277 Delli.
454 3229 525 3277 Licet
545 3227 665 3275 Horatius
687 3231 711 3274 et
751 3235 894 3292 repetentes.
924 3227 1045 3276 Eruditus
1061 3226 1300 3285 Britannus,repre

162 3307 226 3356 alibi
239 3307 274 3355 sic
289 3307 398 3370 posuerit
409 3308 541 3366 proritare,
557 3306 577 3353 si
588 3304 613 3354 in
623 3306 711 3354 idoneo
751 3306 861 3355 hendens
872 3305 986 3367 vulgata,
1003 3311 1130 3366 tamquam
1141 3315 1190 3349 non
1201 3299 1300 3357 Latina,

162 3385 363 3448 MS.legeretur:
373 3386 711 3447 Abinsolentr'temperatum
752 3384 862 3447 legebat:
879 3390 904 3433 et
921 3384 1046 3445 obliquam
1063 3383 1161 3429 laborat
1184 3379 1300 3440 Lympha

162 3465 287 3513 lanitia:
308 3467 424 3521 moriere,
442 3466 524 3521 Delli,
546 3479 589 3514 sea
606 3471 712 3514 moestae
745 3463 840 3526 sapam
856 3465 997 3526 crepitante
1012 3464 1073 3510 riae.
1100 3456 1300 3507 Meinekiusedi-

162 3544 229 3593 emat
246 3549 355 3606 tempore
369 3545 466 3592 cleeris
482 3557 518 3607 sq.
536 3544 582 3592 hoc
598 3557 645 3606 ego
662 3559 711 3591 non
753 3541 800 3588 dit:
820 3542 876 3599 Quo
890 3542 968 3602 pintae
979 3541 1083 3603 -qar'el
1092 3540 1189 3600 obliquo
1200 3559 1229 3572 —
1242 3551 1300 3585 cum

162 3636 310 3685 spernerem.
344 3622 385 3670 Ita
408 3619 530 3669 Ovidius:
560 3623 620 3669 Viae
638 3623 711 3682 pias,
752 3619 952 3681 interrogationis
974 3617 1047 3680 signo
1066 3618 1092 3665 in
1112 3615 1160 3665 fine
1178 3616 1299 3678 strophae.

162 3702 268 3750 awrr'ere
285 3703 351 3764 pius.
385 3700 419 3748 Et
440 3701 579 3748 promtiores
599 3700 709 3762 plerum·
752 3699 810 3761 Quo
838 3698 983 3756 intellectu,
1012 3697 1130 3747 indicavit
1153 3696 1178 3743 in
1204 3695 1300 3744 Annal.

162 3793 211 3842 quc
235 3780 326 3828 dicitur
348 3781 383 3836 is,
407 3778 450 3842 qni
473 3785 579 3827 mortem
603 3777 711 3841 quaerit,
752 3778 882 3840 Marburg.
910 3777 981 3826 rete.
1024 3775 1123 3830 Voluit,
1148 3774 1231 3832 credo;
1260 3774 1301 3820 cui

163 3859 227 3906 mori
244 3859 359 3908 decrerit.
387 3857 521 3921 Virgilius:
538 3873 609 3920 quem
625 3857 711 3915 metui,
752 3857 824 3916 bono,
833 3857 907 3920 quid?
923 3857 1062 3905 Frustrane
1073 3853 1145 3915 pinus
1157 3859 1182 3901 et
1194 3851 1301 3914 populus

163 3939 302 3986 moritura:
332 3937 392 3986 vid.
412 3937 551 3986 Burmann.
573 3936 604 3984 ad
623 3934 710 3985 Valer.
752 3951 834 3984 ramos
851 3936 1003 3990 consociant,
1020 3939 1045 3981 et
1061 3930 1167 3994 lympha
1182 3929 1300 3992 trepidat:

162 4015 247 4064 Flaec.
263 4015 694 4065 vn.266.etVe11.Paa1-c.11.5.
753 4030 798 4072 an,
815 4029 860 4063 nos
876 4014 984 4061 invitant
1000 4025 1035 4073 sq.

191 4096 306 4158 Albaque
311 4097 429 4158 popular.
438 4094 492 4143 Alii
500 4097 609 4157 altaque.
619 4093 711 4156 Aptius
787 4095 905 4156 Lympha
912 4092 1006 4156 sapae.
1024 4087 1177 4137 Prudentius
1186 4085 1301 4135 cathem.

163 4172 204 4221 hie
220 4178 257 4221 est
273 4173 399 4235 epitheton
415 4175 485 4230 alda,
506 4173 538 4221 ad
554 4172 712 4221 indicandam
753 4171 844 4221 ulie.
858 4173 955 4219 Fundit
956 4169 1094 4233 fonticulis
1103 4168 1153 4215 ada
1157 4164 1300 4229 fugacibus.

164 4250 259 4299 arboris
274 4250 492 4315 pulchritudinem.
526 4250 643 4299 Altitudo
661 4252 714 4314 ipsa
787 4249 857 4300 Dum
873 4264 914 4300 res
929 4255 955 4298 et
971 4251 1085 4296 uetaret
1105 4258 1216 4293 sororum
1244 4247 1302 4294 Fila

163 4331 314 4393 intelligitur
331 4345 362 4379 ex
378 4330 490 4392 eoquod
507 4329 621 4377 umbram
639 4331 713 4378 sociat
754 4331 832 4378 trium
848 4330 987 4392 potiantur
1003 4332 1070 4376 utra.
1099 4324 1194 4373 Parcae
1211 4323 1302 4372 habent
