2916 5220
550 308 721 373 LIBER
766 309 811 371 ΙΙ.

288 496 411 562 Audire
435 518 572 582 magnos
597 497 662 561 iam
686 496 798 561 videor
821 496 919 561 duces

288 599 362 665 Non
386 600 539 665 indecoro
562 599 696 685 pulvere
720 598 885 680 sordidos,

331 703 377 767 Et
401 707 519 767 cuncta
541 707 701 767 terrarum
726 702 880 783 subacta,

371 806 503 870 Praeter
526 809 668 869 atrocem
692 804 840 868 animum
865 803 1009 868 Catonis.

283 910 363 972 Imm
393 917 423 971 et
444 908 585 972 Domum
607 910 745 991 quisquis
768 909 896 971 amicior

139 1073 237 1120 Audire
262 1087 361 1135 mopsos
387 1074 440 1121 ium
465 1073 548 1121 ridear
573 1072 653 1120 duces.
694 1075 869 1132 reponuntur.
896 1069 951 1131 Ipse
969 1069 1055 1116 Horat.
1074 1069 1094 1118 Ι.
1107 1069 1189 1119 Carm.
1206 1070 1242 1119 15.

100 1151 190 1199 Variis
206 1151 285 1199 modis
301 1151 362 1200 haec
378 1157 554 1214 acceptarunt.
588 1150 652 1198 Ben-
695 1150 782 1197 Eume!
803 1154 915 1211 quantus
936 1151 1018 1211 equis,
1044 1154 1155 1211 quantus
1176 1151 1245 1197 adest

100 1229 177 1277 tleius
195 1236 219 1279 et
235 1230 384 1292 aliilegunt:
393 1232 476 1279 uidere
487 1242 588 1291 timpum
600 1229 654 1276 iom
694 1229 757 1275 uiris
771 1227 861 1274 Sudor.
875 1225 934 1274 Vid.
952 1224 1143 1288 Oudendorpius
1153 1227 1184 1274 ad
1193 1226 1242 1274 Iul.

99 1309 189 1357 uideor
205 1311 294 1366 duces,
316 1309 435 1357 laudante
452 1315 477 1358 et
493 1307 655 1356 confirmante
695 1305 795 1355 Caesar.
814 1304 878 1353 VII.
890 1306 921 1354 Β.
934 1305 1001 1354 Gall.
1012 1306 1036 1353 8.
1048 1304 1181 1354 claudian.
1194 1305 1243 1353 III.

100 1385 244 1436 Arntrenio
260 1387 292 1434 ad
308 1387 525 1450 PliniiPanegyr.
539 1386 576 1436 17.
599 1384 655 1447 Ego
695 1384 770 1435 (lons.
800 1384 895 1432 Honor.
924 1384 977 1432 146.
1002 1399 1075 1446 quem
1100 1386 1193 1441 nrerui,
1219 1389 1244 1432 te

100 1465 239 1513 Horatium
252 1466 346 1515 dedisse
356 1471 429 1529 puto:
444 1468 543 1515 Sudore
554 1479 655 1526 mopuos
695 1478 743 1512 nou
769 1465 889 1523 sudante,
918 1464 1083 1523 triumphum.
1125 1461 1180 1510 Hoc
1208 1470 1245 1511 est

102 1543 158 1591 doru
175 1545 244 1592 tideo
260 1545 341 1592 duces.
376 1543 431 1591 Iam
447 1543 594 1606 perstringis
612 1558 654 1590 au·
695 1543 749 1590 siue
771 1542 931 1590 tonsurare.
964 1540 1031 1589 Nam
1051 1540 1190 1589 Burmann.
1213 1541 1245 1588 ad

101 1635 157 1678 rea,
170 1621 225 1669 litui
239 1627 362 1684 strepunt,
374 1621 463 1685 fulgur
476 1629 554 1672 terret
566 1636 655 1685 equos,
695 1618 801 1669 Anthol.
819 1619 900 1667 Latin.
918 1619 949 1667 T.
968 1619 988 1666 I.
1006 1635 1029 1681 p.
1048 1619 1104 1668 230.
1117 1634 1167 1667 non
1179 1625 1245 1667 reete

101 1699 176 1748 video
189 1701 270 1748 duces.
292 1703 366 1750 Video
379 1702 405 1749 in
418 1701 463 1749 tali
477 1717 503 1750 re
515 1703 565 1749 iam
574 1703 655 1765 ipsum
695 1697 762 1745 huuc
778 1698 862 1746 locum
879 1697 998 1760 explicat,
1010 1699 1080 1761 quasi
1091 1697 1244 1747 Claudianus

100 1777 194 1826 melius
205 1783 254 1836 est,
271 1779 330 1842 quia
343 1789 396 1828 rem
408 1787 563 1843 praesentem
576 1785 655 1845 magis
696 1778 796 1826 dixisset
813 1783 838 1825 te
853 1779 961 1826 sudante
977 1778 1138 1839 triumphum.

100 1858 225 1916 ostendit,
241 1857 283 1905 hie
300 1863 384 1907 autem
396 1866 496 1922 proptor
506 1861 654 1923 praeceden-
730 1859 788 1907 Nou
804 1860 917 1906 indecoro
934 1857 1036 1918 puluere
1051 1857 1169 1904 sordidos.
1191 1856 1242 1905 Xe-

101 1935 141 1983 tia
162 1934 212 1984 fere
232 1935 373 1998 requiritur.
409 1937 451 1986 Sic
469 1945 507 1986 est
530 1940 604 1987 etiam
629 1942 655 1989 in
696 1935 770 1998 noph.
797 1935 834 1984 II.
857 1935 949 1998 Cyrop.
968 1934 990 1980 4.
1009 1931 1092 1995 ἱδρῶτι
1110 1934 1152 1980 καὶ
1162 1951 1244 1982 σπου-

100 2015 185 2063 tribus
196 2015 328 2078 exemplu,
345 2030 409 2078 quae
419 2015 506 2065 laudat
517 2018 655 2081 Bentleius,
697 2013 729 2079 dri
737 2013 923 2080 κεκοσμημένος.
942 2011 1096 2062 Claudianus
1111 2012 1160 2061 IV.
1170 2012 1244 2062 Cous.

101 2099 135 2141 ut
150 2108 225 2142 suum
241 2096 325 2143 videre
339 2096 424 2144 videor
443 2101 562 2144 tueretur.
597 2097 655 2145 Vir·
696 2094 790 2142 Honor.
809 2095 865 2143 532.
880 2095 984 2155 pulcher
995 2093 1085 2140 sudore
1094 2093 1245 2154 palaestrae.

101 2173 174 2234 gilii:
200 2175 265 2222 bello
290 2175 395 2222 horrida
418 2189 497 2223 cerno.
532 2175 654 2225 Petronii:
698 2173 784 2222 Sidon.
806 2172 919 2235 Apollin.
940 2170 1018 2220 VHI.
1040 2169 1118 2232 Epist.
1139 2171 1163 2218 3.
1202 2171 1245 2218 Ve-

104 2251 189 2300 Ccruo
212 2253 264 2300 iam
288 2258 383 2301 strator
404 2253 494 2301 Marte
512 2255 655 2316 Philippos.
696 2254 803 2301 uerabilr'
818 2253 935 2315 squalore
948 2251 1095 2312 pretiosum.

72 2368 75 2373 .
101 2329 250 2378 Claudiani:
270 2331 330 2378 Iam
346 2331 417 2378 video
434 2331 569 2392 Babylona
588 2335 655 2395 rapi.
729 2333 841 2378 Praeter
861 2335 971 2378 atrocem
991 2329 1105 2375 amineum
1132 2326 1244 2375 Catonis.

101 2409 180 2457 Adde
197 2407 241 2458 Sil.
259 2408 317 2456 Ital.
336 2408 357 2456 Ι.
378 2409 431 2457 126.
465 2410 574 2470 Ideoque
587 2412 656 2459 locus
698 2412 781 2458 Atreu
807 2415 844 2457 est
860 2409 1000 2462 animosus,
1019 2406 1095 2453 enimi
1112 2405 1246 2466 impotens,

100 2492 252 2549 stupratores
280 2490 401 2550 sanquine
428 2503 507 2537 curuo.
548 2488 655 2537 Senecae
697 2486 746 2535 iras
763 2487 889 2534 occultare
904 2484 1012 2533 nescius:
1032 2483 1080 2530 vid.
1098 2483 1197 2531 Ernest.
1215 2483 1246 2530 ad

102 2564 199 2612 Phoeu.
221 2565 260 2613 43.
290 2567 391 2624 Geato,
416 2569 549 2628 petitorem
573 2570 656 2617 rides?
697 2567 777 2616 Tacit.
796 2566 846 2615 IV.
864 2563 960 2614 Annal.
978 2565 1018 2612 52.

103 2647 160 2706 Epo
175 2646 252 2693 rideo.
287 2646 371 2693 Sudor
382 2649 466 2692 autem
478 2650 502 2692 et
510 2647 595 2706 puluis
606 2645 656 2694 fere
729 2648 797 2695 Iuno
820 2651 845 2694 et
867 2646 978 2693 Deorum
1002 2643 1114 2705 quisquis
1134 2643 1246 2691 amicior.

102 2736 201 2786 semper
230 2722 255 2770 in
285 2723 360 2770 laude
389 2723 481 2770 dueum
507 2722 654 2785 iunguntur.
697 2724 794 2773 Nomen
812 2722 927 2781 Catonis,
944 2723 988 2785 qui
1004 2736 1030 2770 se
1047 2721 1134 2770 Uticae
1147 2721 1246 2783 ipsein-

104 2799 242 2850 Sallustius
266 2800 296 2849 B.
322 2802 380 2864 Iug.
406 2801 447 2850 85.
488 2802 610 2851 Sudorem
631 2810 656 2852 et
697 2802 803 2865 terserit,
821 2803 915 2850 auctori
931 2802 1006 2849 huius
1023 2800 1118 2862 glossae
1130 2798 1245 2848 Africam

100 2881 231 2943 pulverem
251 2885 277 2929 et
297 2881 351 2928 elio
370 2881 435 2927 tolio
452 2880 598 2942 relinquerat
614 2897 655 2930 uo·
696 2883 722 2929 in
743 2888 851 2930 mentem
872 2882 976 2929 vocavit.
1011 2879 1099 2930 Glossa
1119 2878 1180 2926 haec
1197 2885 1245 2926 est:

103 2960 156 3019 Iris,
172 2960 261 3021 quibus
278 2960 325 3007 illo
335 2959 416 3020 epuiis
426 2959 577 3007 iucuudmro
588 2965 655 3008 suut.
697 2958 806 3010 “Gaesar
816 2975 900 3010 omnes
911 2959 1062 3008 adversarios
1073 2957 1164 3020 ubique
1175 2957 1245 3005 sube-

103 3036 172 3085 Plin.
194 3037 320 3100 Panegyr.
341 3037 379 3085 13.
415 3036 480 3084 Cum
501 3039 529 3085 iu
545 3039 592 3086 iila
608 3054 656 3087 me·
698 3039 748 3103 git,
771 3046 870 3103 praeter
890 3039 1023 3098 Catonem,
1043 3037 1086 3100 qni
1106 3036 1187 3084 noluit
1207 3050 1246 3084 su-

103 3117 228 3166 ditotioue
244 3117 380 3179 campestri
395 3117 551 3165 auditoribus
564 3120 656 3168 turmis
698 3124 791 3180 perstes
808 3133 860 3167 esse
877 3118 954 3175 cladi,
971 3132 1020 3180 qua
1037 3115 1160 3164 exercitus
1170 3115 1245 3164 Pom-

104 3197 297 3258 imperatorium
306 3196 434 3257 puluerem
445 3197 655 3258 mdoremquemi·
697 3198 840 3259 peianorum
861 3198 888 3245 in
909 3195 997 3244 Africa
1021 3193 1071 3243 iere
1095 3194 1175 3241 omnis
1200 3193 1247 3241 fuit

104 3289 192 3323 semes.
227 3273 298 3322 Idem
315 3271 365 3321 IX.
387 3274 434 3335 Ep.
451 3275 475 3322 2.
503 3274 567 3322 Cum
583 3291 657 3324 orma
698 3276 817 3323 deletus.''
851 3273 940 3321 Talem
962 3273 1070 3335 glossam
1090 3272 1186 3333 politico
1207 3285 1245 3318 or-

104 3359 204 3414 cestro,
221 3369 277 3402 cum
294 3359 394 3412 cestro,
410 3367 467 3401 cum
484 3352 588 3414 maique
604 3368 656 3403 cor·
697 3360 758 3401 natu
784 3351 921 3408 investivit,
946 3356 975 3398 ut
1001 3349 1103 3408 dixerit,
1123 3350 1246 3397 Iunonem

104 3447 171 3488 reue,
193 3433 279 3488 tubas,
297 3432 424 3490 sudarent,
438 3431 579 3491 pulverem,
596 3432 657 3479 seles
698 3431 743 3480 hos
766 3432 892 3480 Romanos
919 3429 1014 3477 dedisse
1034 3427 1135 3476 inferias
1156 3428 1246 3490 Iugur-

105 3512 251 3573 cope‘tomue.
265 3509 361 3559 Statius
369 3509 418 3558 IX.
432 3508 511 3557 Theb.
521 3509 578 3558 710.
597 3511 657 3558 Bel·
697 3509 761 3558 thae.
795 3509 840 3559 Ad
860 3508 906 3556 hoc
927 3508 1103 3556 inveniendum
1119 3522 1168 3555 non
1185 3521 1246 3569 opus

105 3590 204 3638 lenton
229 3595 304 3651 atque
327 3590 383 3651 ipso
404 3590 495 3636 sudore
515 3593 540 3635 et
554 3589 657 3649 puluere
698 3595 751 3636 erat
767 3588 848 3636 multo
864 3587 971 3650 ingenio.
1004 3587 1128 3635 Iunonem
1145 3600 1245 3648 eognos-

104 3675 215 3731 pratum.
243 3667 292 3729 Qui
306 3665 594 3717 locusenostroductus
605 3680 656 3715 esse
697 3668 768 3716 eebat
789 3682 821 3715 ex
841 3666 912 3714 initio
933 3665 1091 3727 Virgilianae
1111 3665 1245 3714 Aeneidos.

105 3747 215 3795 ridetur.
248 3747 285 3796 Ut
301 3745 419 3796 Eumenii
434 3746 461 3793 in
479 3743 549 3794 Orat.
563 3760 607 3808 pro
620 3747 656 3794 in·
700 3746 818 3797 Cesserat
848 3747 950 3803 tellure,
979 3759 1012 3793 ex
1036 3745 1071 3792 II.
1097 3744 1163 3792 Aen.
1188 3745 1245 3792 351.

104 3832 183 3875 staur.
206 3824 303 3875 Scholis
323 3827 347 3874 2.
385 3825 483 3874 Sudore
507 3829 532 3871 et
552 3826 657 3886 pulvere
698 3827 834 3874 Recessere
857 3838 952 3884 omnes,
978 3825 1065 3885 adytis
1089 3824 1188 3884 orisque
1209 3838 1246 3870 re-

106 3906 229 3954 sorde'dus.
252 3902 337 3952 Sidon.
350 3901 462 3965 Apollin.
475 3900 526 3949 ΙΙΙ.
543 3901 622 3965 Epist.
632 3904 655 3951 4.
698 3905 773 3963 lictis,
793 3903 843 3961 Dt,
859 3905 947 3966 quibus
962 3903 1096 3962 imperium
1113 3902 1157 3948 hoo
1172 3905 1244 3948 stete-

107 3985 163 4031 Alr't'
183 3983 275 4032 osculis
293 3983 421 4044 pulverem
443 3985 515 4028 tuum
536 3982 656 4044 rapiunt,
697 3988 749 4030 rat.
783 3981 898 4043 Inferias
921 3994 954 4027 ex
977 3979 1084 4026 Lucano.
1104 3978 1246 4040 praecipue,

107 4065 154 4112 olii
163 4064 283 4112 sellarum
295 4062 447 4124 equestrium
459 4061 604 4122 ruudefocta
614 4075 656 4109 su-
698 4074 771 4122 quem
785 4057 931 4108 scholastici
940 4055 1134 4103 admirabantur.
1151 4056 1245 4105 Lucan.

107 4144 210 4192 oloribus
223 4142 316 4205 sutore
336 4142 494 4201 resupinant.
532 4139 655 4202 Interpre·
698 4138 746 4186 IV.
763 4137 819 4188 788.
855 4137 960 4185 Excitet
980 4137 1073 4182 irruisse
1089 4135 1161 4183 dirue
1179 4134 1245 4184 Cor-

108 4227 145 4269 tes
167 4221 199 4268 ad
220 4220 349 4283 scriptores
369 4218 482 4266 laudatos
499 4218 573 4281 plura
589 4218 655 4266 dixe·
699 4217 810 4279 turpinus
830 4216 932 4263 umbros
953 4213 1060 4276 Inferiis
1073 4212 1185 4275 sortumt
1205 4230 1246 4263 mo-

107 4305 173 4346 runt.
201 4301 284 4348 Sudor
300 4297 374 4347 etiarn
391 4303 416 4346 et
431 4297 656 4347 sudoreineadcm
697 4298 744 4345 eis.
783 4297 862 4342 Ferat
887 4294 936 4340 islo
959 4297 1077 4341 crematus
1101 4294 1246 4347 idruntum,
