2916 5220
593 315 768 378 LIBER
813 315 877 377 ill.

394 503 542 565 'lentatur
571 501 669 564 Orion
693 501 842 580 Dianae,

439 605 587 689 Virpinea
609 602 743 667 danitae
765 607 890 688 eapitta.

344 706 470 771 Iniecta
492 704 649 770 monstris
673 705 767 770 Terra
790 705 879 770 dolet
903 705 971 771 suis

343 810 530 895 Maeretque
552 813 665 894 partus
689 807 829 873 fulmine
853 808 1000 872 luridum

389 911 511 976 Missos
536 911 578 976 ad
602 909 740 992 Orcum,
764 932 823 976 nec
848 910 976 997 peredit

432 1014 627 1099 Impositum
651 1013 735 1078 celer
757 1013 845 1098 ignis
869 1015 1029 1093 Aetnam,

341 1121 568 1183 incontinentia
591 1138 646 1182 nec
674 1119 759 1202 Tityi
781 1121 866 1182 iecur

341 1223 502 1308 Relinquit
524 1222 607 1305 alea,
630 1225 785 1307 nequitiae
806 1221 935 1286 additus

392 1327 517 1392 Custos:
542 1336 712 1391 amatorem
734 1336 888 1392 trecentae

429 1429 609 1495 Pirithoum
631 1428 768 1495 conitar
791 1440 925 1495 catenae.

158 1624 229 1668 recte
245 1619 318 1681 ioqui.
340 1619 479 1666 Probanda
495 1619 593 1667 muru
609 1622 648 1666 eat
660 1619 713 1680 qui·
788 1619 975 1666 Incontinentia
992 1633 1036 1667 nee
1056 1620 1128 1680 Tityi
1143 1620 1218 1667 ίαοιιν.
1235 1618 1302 1679 Qua·

158 1700 218 1747 Δανα
242 1698 372 1746 sententia.
398 1696 420 1744 I.
445 1697 468 1744 5.
512 1697 651 1758 Nunquam
676 1702 714 1745 eat
756 1703 812 1744 tuor
829 1711 915 1744 versus
933 1696 1021 1745 adiecit
1037 1697 1101 1744 idem
1120 1696 1302 1746 Grammaticus

152 1777 246 1840 fidelia
261 1791 318 1824 cunr
332 1781 436 1838 potente
453 1777 563 1825 societas.
592 1777 714 1824 Testatur
755 1777 785 1824 ad
803 1777 919 1839 augenda
929 1790 1066 1839 poenarum
1078 1776 1199 1838 exempla.
1222 1777 1302 1824 Hora·

159 1858 222 1906 haee
235 1855 336 1918 fabella
354 1857 511 1918 propositum
531 1870 620 1904 menni.
659 1855 713 1903 Hos
755 1855 803 1902 tius
825 1855 876 1917 ipse
896 1870 946 1903 non
965 1855 1077 1917 loquitur
1093 1854 1140 1902 nisi
1157 1856 1187 1905 dc
1204 1856 1301 1904 Titani·

158 1941 268 1998 quatuor
293 1950 381 1984 versus
401 1934 505 1983 Horatio
530 1948 629 1997 quoquc
651 1935 712 1981 indi·
754 1933 808 1981 bus.
837 1933 907 1996 Tityi
922 1940 947 1982 et
963 1933 1069 1982 Pin'thoi
1085 1934 1178 1982 mentio
1194 1933 1234 1981 hic
1250 1933 1302 1983 fieri

159 2029 225 2078 gnos
240 2007 358 2062 iudicavit
371 2014 501 2062 Buttman.
519 2013 545 2061 in
562 2012 712 2077 Mythologo
753 2027 804 2061 non
821 2019 907 2075 potest.

163 2092 225 2141 Vol.
242 2093 278 2140 ΙΙ.
296 2108 352 2155 pag.
371 2093 426 2140 369.
791 2095 928 2154 Nequitioe
951 2094 1055 2140 additus
1080 2098 1169 2142 curten.
1211 2091 1301 2141 Custos

198 2174 320 2220 Terrtntor
345 2172 424 2220 Orion
448 2172 553 2219 Dionae.
587 2170 619 2218 In
636 2185 711 2219 versu
754 2172 863 2230 additur,
884 2186 915 2219 ue
932 2170 987 2233 quis
1004 2176 1086 2232 peccet
1107 2185 1188 2233 neque
1205 2172 1301 2221 evadat.

159 2256 275 2312 suspecto
295 2251 437 2313 quaerenda
457 2256 494 2298 cst
515 2248 648 2296 auctoritas
670 2249 710 2297 bo-
752 2251 895 2312 Utrumque
916 2250 946 2298 de
968 2249 1044 2311 Tityo
1068 2248 1166 2297 falsum.
1204 2250 1302 2299 Vultur

158 2342 251 2376 norum
269 2328 429 2390 scriptorum,
446 2328 488 2391 qui
500 2342 585 2375 vocem
599 2333 711 2376 tentator
752 2331 818 2377 euim
835 2343 886 2377 uon
903 2328 1001 2376 additus
1019 2333 1113 2387 custos,
1134 2330 1176 2377 sed
1194 2328 1261 2376 ultor
1278 2338 1302 2378 et

158 2414 321 2470 usurparunt.
355 2408 458 2456 Invenio
479 2408 609 2455 neminem.
643 2408 710 2457 Lite·
752 2407 862 2455 carnifex
879 2407 1009 2469 nequitiae.
1044 2407 1131 2468 Neque
1148 2414 1328 2465 manserat.

158 2502 246 2535 rarum
263 2488 364 2551 qnidam
384 2485 559 2534 humaniorum
576 2485 710 2548 professor,
751 2502 783 2535 ne
799 2487 890 2535 iterum
907 2499 1014 2547 nequam
1031 2485 1101 2534 ficret
1117 2485 1216 2547 Tityus.
1250 2485 1301 2534 Ac-

158 2569 204 2630 qui
220 2567 355 2616 Horatium
367 2565 412 2614 sibi
424 2580 523 2630 quoque
533 2567 709 2615 vindicandum
751 2565 804 2613 cius
821 2566 886 2628 apud
904 2564 1048 2614 Charisium
1064 2579 1121 2626 pag.
1139 2565 1178 2615 47.
1212 2565 1301 2613 Custo-

157 2662 214 2696 esse
233 2646 344 2710 putavit,
370 2645 410 2693 hic
432 2651 516 2706 rogat:
542 2645 587 2695 “si
610 2652 710 2695 tentare
751 2647 805 2693 deni
827 2646 954 2693 assiduare
976 2646 1037 2693 Ioni
1059 2647 1180 2706 apposuit
1200 2648 1300 2707 eirqini.

158 2725 191 2772 de
212 2725 237 2772 vi
257 2725 391 2787 pudicitiae
414 2730 510 2771 structa
532 2724 623 2787 passim
644 2726 708 2774 dica·
751 2723 861 2772 Plautus
879 2723 905 2771 in
922 2724 1113 2772 Αο1ο1.ΙΙΙ.6.
1135 2724 1216 2782 Quem
1225 2740 1301 2786 quun·

158 2809 220 2860 tur,
250 2804 271 2852 si
296 2805 402 2852 iactatio
427 2803 525 2864 optimis
549 2805 708 2867 scriptoribus
751 2805 809 2850 urm
827 2805 887 2851 Ioni
904 2806 972 2852 Iuno
983 2805 1108 2852 custodem
1120 2804 1227 2850 addidit.
1250 2805 1301 2851 Ad-

159 2890 306 2946 usurpetur,
327 2883 386 2944 quid
407 2896 509 2930 caussae
526 2883 583 2942 crit,
600 2898 644 2931 cur
661 2884 707 2931 du·
751 2884 808 2930 (iere
819 2880 928 2930 solemne
939 2884 964 2930 in
977 2883 1023 2929 hac
1034 2897 1060 2930 re
1071 2882 1173 2929 verbum
1186 2888 1233 2930 est:
1251 2883 1302 2929 vid.

160 2961 254 3009 bitetur
271 2962 301 3008 de
318 2961 438 3008 vocabulo
458 2962 598 3009 tentator·l”
631 2962 708 3025 Equi·
749 2960 895 3023 interpretes
913 2961 948 3008 ad'
965 2961 1057 3023 Virgil.
1075 2961 1124 3009 Vl.
1143 2961 1208 3010 Aen.
1227 2962 1266 3008 90.
1277 2967 1301 3008 ct

161 3041 220 3088 dem
239 3041 269 3088 de
286 3040 464 3102 significatione
475 3054 525 3087 nou
536 3040 633 3087 locutus
644 3056 708 3101 sum,
751 3038 857 3088 Gronov.
876 3041 907 3087 ad
926 3040 1012 3090 Sencc.
1025 3040 1100 3088 Herc.
1112 3039 1171 3086 Fur.
1187 3040 1258 3090 1237.
1276 3048 1300 3088 et

159 3120 203 3167 sed
225 3120 255 3167 de
276 3119 390 3181 exemplo
406 3119 515 3167 ciusdem
532 3119 605 3167 vocis.
640 3121 709 3182 Ergo
751 3118 946 3180 apponere:vid.
956 3117 1237 3181 Ruhnk.adSucton.p.
1246 3120 1299 3170 170.

159 3199 208 3246 hoc
231 3206 330 3247 tantum
350 3199 496 3262 respondeo:
523 3200 544 3246 si
564 3201 708 3262 coniurare,
787 3199 923 3246 Treaentae
947 3198 1095 3245 Pirithoum
1121 3200 1235 3246 cohibeat
1260 3214 1300 3246 ca·

159 3277 182 3324 si
198 3280 351 3335 oenirrratio,
369 3278 467 3341 optimis
484 3276 643 3339 scriptoribus
660 3278 708 3325 usi·
751 3281 829 3324 tanae.
864 3276 1002 3324 Trecentae
1022 3277 1048 3323 in
1069 3290 1120 3323 uuo
1141 3277 1239 3325 homine
1260 3292 1300 3325 ea-

159 3362 256 3414 tentur,
276 3357 331 3420 quis
348 3357 443 3405 dubitet
459 3358 489 3405 de
505 3360 666 3406 coniuratori
751 3361 830 3410 tenne,
841 3355 959 3416 grandior
970 3354 1179 3416 sunthyperbcle.
1193 3355 1300 3404 Parcius

194 3436 293 3485 Iniecta
315 3437 435 3485 rnenrtrie
456 3439 537 3485 Terra
558 3438 625 3486 dolet
646 3440 707 3487 auia.
751 3434 836 3496 Apoll.
862 3434 943 3482 Rhod.
964 3434 984 3482 Ι.
1010 3435 1108 3496 Argon.
1129 3434 1182 3483 102.
1218 3433 1300 3494 θὴσεα

160 3511 230 3563 Haec
247 3515 357 3577 genuina
373 3515 473 3578 strophe
490 3515 554 3563 iusto
570 3517 656 3565 ordine
673 3532 708 3565 se·
751 3512 889 3577 Ταιναρίην
914 3511 1017 3572 ἀΐδηλος
1039 3512 1091 3562 ὑπὸ
1109 3513 1193 3576 χθόνα
1212 3512 1300 3577 δεσμὸς

159 3593 246 3654 quitur
256 3609 292 3642 vs.
302 3595 341 3642 48.
356 3596 461 3657 imperio
473 3595 537 3656 repit
548 3610 613 3642 unrrs
625 3611 708 3658 aequo,
752 3591 829 3656 ἔρυκε,
847 3592 959 3656 Πειρίθῳ
974 3591 1117 3656 ἑσπόμενον
1129 3593 1218 3651 κοινὴν
1232 3591 1299 3641 ὁδόν.

161 3671 203 3721 Sic
223 3673 307 3720 omnia
326 3674 388 3721 bcne
408 3673 549 3720 cohaerent.
586 3673 709 3735 Repetitio
751 3672 877 3735 Euripidis
897 3686 996 3720 versum
1017 3672 1129 3721 laudavit
1148 3672 1300 3720 Plutarchus

160 3757 243 3798 tamen
255 3751 378 3814 fairninis
395 3751 477 3798 minus
495 3758 568 3814 grata
583 3758 628 3800 est.
660 3752 709 3802 Sed
752 3750 844 3800 Moral.
870 3752 900 3799 T.
923 3752 945 3799 1.
970 3767 1028 3814 pag.
1054 3753 1109 3803 375.
1149 3752 1183 3808 ὡς
1207 3754 1300 3810 enasor·

160 3829 235 3876 etiam
256 3829 282 3877 in
304 3830 351 3878 hac
371 3844 431 3879 voce
453 3829 637 3879 Grammaticus
658 3833 709 3880 sire
752 3830 789 3892 τῷ
806 3830 915 3893 Πειρίθῳ
937 3828 1097 3893 κολαζομένῳ
1118 3831 1159 3877 καὶ
1181 3828 1300 3892 δεδεμένῳ

160 3908 214 3965 hic,
230 3909 285 3958 sivo
302 3924 389 3974 supra,
407 3909 500 3972 aliquid
514 3911 708 3972 mutarepotuit.
752 3907 844 3975 liiidie
867 3908 1058 3971 ἀχαλκεύτοισιν
1079 3909 1190 3961 ἔζευκται
1207 3905 1298 3962 πόδας.

161 3987 272 4036 Pulchre
288 3989 408 4037 Manilius
425 3989 475 4037 III.
492 3989 516 4037 6.
534 3989 565 4036 de
575 3988 661 4037 iisdem
673 3990 708 4051 gi·
751 3987 863 4034 Modesto
887 3987 962 4034 ctiam
979 3985 1102 4046 Virgilius
1120 3985 1141 4033 Ι.
1160 3986 1226 4033 Αοο.
1242 3984 1298 4032 295.

161 4067 289 4128 gentibus:
312 4070 440 4116 Falrrrinic
456 4075 481 4117 et
491 4069 601 4130 Jinnunn
615 4074 709 4129 partus
751 4071 890 4113 monstrum
903 4065 1023 4112 Furorem
1035 4068 1135 4112 centurn
1146 4065 1217 4111 nodis
1229 4063 1299 4110 erinis

160 4148 188 4194 in
205 4153 289 4194 uentre
304 4149 421 4208 sepultor.
752 4145 833 4192 vineit.

658 4301 815 4328 ..⁴00-.
