2916 5220
212 314 250 376 12
615 307 931 375 CARMINUM

386 499 491 562 Ioctot
513 496 660 579 nitorem,
685 506 833 584 recenset
856 500 988 562 sinistro

387 598 523 665 Labitur
545 603 638 685 ripn,
663 602 736 665 Iooe
758 621 821 665 non
838 597 1012 685 probante,

528 704 667 767 errins
689 706 800 767 annis.

388 805 505 871 Audiet
528 809 608 870 eines
631 809 752 870 uenisse
764 803 913 889 serrnrn,

390 909 458 989 Qec
477 930 593 995 proces
615 910 740 973 Persae
761 907 872 973 onelios
888 911 1052 991 perirent;

388 1011 505 1075 Andiet
522 1032 668 1097 poenus,
692 1014 766 1075 odie
783 1019 955 1095 poreninn

523 1116 636 1196 noro,
662 1117 810 1178 inuentos.

389 1217 493 1296 Quem
517 1222 611 1282 vocet
634 1215 757 1281 Divirm
782 1215 928 1300 Populus
952 1213 1076 1280 ruentis

389 1321 510 1405 Imperi
533 1319 652 1384 rebus?
668 1340 767 1405 prece
788 1340 851 1404 qno
862 1316 1008 1404 sotiqeni

396 1423 540 1509 Vireines
561 1431 690 1487 semiue
712 1423 815 1486 ninus
837 1419 1013 1485 audientem

529 1526 681 1592 Caenina
711 1525 855 1589 Vestem?

208 1704 262 1752 rius
278 1703 378 1751 Aeneas
394 1702 503 1764 Virgilii.
531 1701 571 1752 cf.
588 1709 612 1750 et
630 1702 721 1764 Scalig.
732 1702 758 1749 in
796 1714 852 1746 cnm
870 1700 951 1748 multo
967 1699 1050 1747 utilius
1064 1702 1263 1746 converterentur
1277 1711 1347 1745 arma

209 1783 351 1846 Hypercrit.
368 1798 391 1844 p.
409 1782 466 1830 881.
796 1786 883 1826 contra
894 1779 985 1827 Persas
1001 1777 1103 1840 imperio
1118 1776 1233 1825 Romano
1250 1789 1347 1838 graves.

242 1861 337 1910 Audin
354 1863 418 1910 ciues
434 1859 646 1922 uenisseferrum.
668 1857 759 1908 Glossa
795 1858 850 1907 Hoc
867 1858 949 1921 ipsum
966 1856 1087 1906 volebam.

209 1939 265 1988 talis
286 1954 338 1988 esse
359 1938 448 2002 potuit:
476 1941 549 1987 Haec
567 1939 685 2000 predicis
705 1939 759 1985 rui·
829 1939 911 1986 Preee
923 1953 971 2000 qaeu
980 1937 1105 2000 futiqent.
1127 1931 1222 1996 Operae
1238 1931 1346 1994 pretium

208 2034 268 2067 num
284 2020 386 2080 imperii
398 2019 509 2066 Romani
517 2018 679 2079 portendunt.
705 2018 758 2064 Im·
795 2022 832 2062 cst
845 2029 902 2062 cum
913 2021 965 2063 toto
976 2013 1073 2063 Horatii
1085 2012 1194 2060 carmine
1204 2024 1348 2072 comparare

208 2097 586 2145 rnirnntiterurnbelloeiuilio.
603 2094 760 2143 Haecverba
795 2094 869 2158 Virg.
895 2095 916 2144 I.
942 2095 1033 2158 Georg.
1059 2108 1095 2142 vs.
1122 2093 1178 2141 465.
1203 2106 1239 2154 sq.
1262 2089 1348 2153 quiin

207 2173 233 2220 in
250 2181 357 2223 metrum
374 2175 474 2224 redacta
484 2180 549 2222 sunt.
574 2173 647 2223 Cives
661 2188 759 2237 quoque
795 2173 880 2222 eodem
897 2174 971 2236 plane
989 2178 1136 2236 argumento
1151 2176 1271 2218 versatur.
1305 2168 1348 2215 Ex

208 2262 300 2301 acuunt
322 2253 415 2302 ferrum
436 2261 523 2301 contra
539 2253 636 2302 Persas.
669 2253 758 2302 Dicen·
795 2266 825 2300 ea
841 2253 1023 2316 comparatione
1039 2249 1179 2314 apparebit,
1196 2247 1347 2297 Grammati-

208 2331 268 2379 dum
284 2340 339 2380 erat
354 2335 419 2382 cives
434 2339 522 2382 eontra
538 2334 609 2382 cicer.
636 2335 760 2381 Inventus
794 2344 864 2390 cum,
880 2332 924 2396 qui
941 2331 1073 2380 Horatium
1090 2336 1127 2378 tot
1143 2327 1253 2376 versibus
1265 2327 1348 2384 auxit,

207 2424 258 2459 non
283 2417 341 2458 sunt
365 2413 466 2475 posteri,
499 2411 541 2460 sed
566 2412 619 2473 ipsa
642 2411 759 2459 iuvenum
799 2413 911 2461 Vestales
938 2413 1054 2474 Virqines
1078 2423 1175 2472 quoque
1199 2421 1213 2455 e
1236 2406 1348 2469 Virgilio

209 2504 324 2551 praesens
341 2498 420 2549 aetas,
437 2505 502 2554 quae
517 2490 585 2539 bella
598 2505 648 2539 non
664 2491 758 2549 audiet,
796 2490 944 2538 assumsisse.
979 2487 1137 2551 Quamquam
1154 2484 1277 2547 Virgilius
1295 2499 1346 2533 ma·

209 2569 252 2618 sed
268 2570 341 2620 videt.
368 2570 445 2621 Sic.I
470 2570 554 2620 Carm.
568 2571 608 2619 35.
626 2572 692 2618 nnn
707 2585 758 2617 mo·
795 2576 858 2618 trem
880 2573 980 2619 Vestem
996 2568 1120 2631 imploret.
1147 2567 1235 2630 Neque
1251 2572 1349 2614 constat

208 2664 268 2697 num
284 2651 401 2698 iuuentus
414 2654 481 2697 metu
492 2651 603 2697 Deorum
616 2650 759 2697 continuit?
795 2664 826 2698 ex
835 2649 950 2697 Romana
959 2648 1071 2706 historia,
1080 2646 1200 2709 Virgines
1211 2645 1238 2693 in
1249 2659 1347 2694 summo

208 2728 299 2776 Melius
316 2728 406 2778 Claud.
423 2727 454 2776 B.
472 2727 528 2777 Get.
544 2729 598 2776 149.
624 2730 758 2777 Hanniba·
795 2729 944 2791 reipublicae
960 2726 1070 2791 periculo
1086 2725 1191 2774 Vestam
1208 2723 1310 2786 publico
1322 2731 1347 2772 et

209 2809 305 2869 lemque
319 2821 400 2855 entem
414 2809 459 2855 oin
475 2808 510 2854 od
525 2821 572 2854 sua
588 2807 684 2868 repulit
695 2821 758 2854 oroo
795 2808 899 2857 solemni
915 2808 965 2856 ritu
989 2820 1042 2855 esse
1066 2806 1215 2867 deprecatos.
1249 2802 1347 2852 Tamen

207 2885 299 2933 nenda
319 2898 376 2932 seru
396 2889 502 2947 petrum
516 2890 573 2946 post
589 2885 679 2933 bellum
695 2890 759 2933 notu
795 2887 841 2935 hoc
865 2887 924 2935 dicit
946 2887 1019 2950 polita
1039 2898 1121 2942 meus,
1143 2889 1167 2932 et
1183 2882 1259 2930 simul
1275 2882 1347 2941 dicit,

208 2963 332 3010 inventus.
357 2962 476 3011 Horatius
492 2962 595 3010 eandem
612 2963 758 3011 sententiam
794 2966 839 3014 has
859 2981 942 3029 preces
963 2964 1037 3014 fuisse
1058 2963 1181 3019 carmina,
1196 2962 1222 3009 id
1239 2968 1276 3010 est
1292 2977 1347 3011 ver·

209 3045 234 3090 ct
250 3040 330 3102 Epod.
347 3040 409 3089 VlI.
427 3047 452 3088 et
468 3040 544 3089 XVI.
564 3041 700 3103 elegantius
716 3055 758 3089 ex·
794 3046 862 3094 sibus
883 3051 1020 3108 conceptas.
1054 3043 1127 3104 Quod
1148 3042 1168 3089 si
1191 3043 1226 3091 ita
1246 3039 1347 3099 fuisset,

209 3120 304 3182 pressit.
338 3120 468 3168 Tenebant
489 3120 534 3168 illa
555 3127 579 3168 ct
595 3120 758 3169 imitabantur
794 3140 826 3174 ex
843 3126 926 3189 aliquo
942 3132 1007 3173 certe
1024 3123 1141 3185 scriptore
1152 3121 1277 3170 sciremus.
1296 3120 1347 3170 Sed

209 3200 295 3261 politae
321 3198 482 3261 glossatores,
506 3213 556 3248 non
580 3199 663 3247 minus
683 3214 758 3263 quam
794 3205 910 3251 carmina
926 3200 1347 3264 hicestvoxplancotiosa,quam

209 3278 270 3327 alios
287 3279 385 3342 podius,
401 3278 531 3342 praecipue
547 3279 697 3342 Virgilium,
708 3281 758 3329 Lu·
794 3282 877 3332 versui
887 3280 1011 3344 explendo
1023 3279 1182 3343 excogitavit.
1208 3278 1346 3336 Romanus,

209 3371 315 3416 canum,
332 3357 484 3416 Iuvenalem,
496 3357 622 3407 Senecam
656 3359 697 3406 Ita
713 3359 759 3407 hoc
795 3364 845 3411 viru
863 3363 900 3410 sui
917 3362 1035 3411 sermonis
1052 3368 1150 3417 tenens,
1167 3359 1269 3407 dixisset
1276 3358 1346 3420 soti-

209 3439 298 3485 melius
314 3451 327 3484 e
343 3437 437 3485 Lucan.
455 3436 475 3485 1.
492 3437 659 3486 nonhabuit:
672 3441 760 3488 rrrelo'us
793 3448 855 3505 pont
882 3444 997 3501 Vestam,
1018 3456 1067 3488 non
1091 3440 1243 3497 audientem,
1264 3437 1347 3498 preci-

210 3517 326 3563 Fortuno
342 3517 449 3563 dedisset
469 3516 535 3564 Orbe
550 3515 758 3565 culrEiiosedem.
795 3524 846 3570 bus.
879 3520 959 3569 Vesta
982 3534 1032 3566 nen
1057 3519 1132 3566 audit
1156 3530 1189 3564 sc.
1205 3529 1289 3578 preces
1305 3515 1347 3562 vel

210 3592 313 3642 Guietus
331 3607 427 3655 quoque
444 3592 489 3640 hos
503 3607 587 3642 versus
599 3608 649 3641 non
661 3594 760 3642 Horatii
795 3605 929 3662 precantes.
962 3597 1018 3645 Hoc
1034 3595 1152 3645 Latinum
1170 3601 1214 3643 est.
1246 3593 1286 3642 At
1305 3594 1347 3640 do-

209 3685 262 3719 esse
289 3671 429 3718 arbitratur.
472 3671 545 3732 Quod
575 3679 658 3720 autern
686 3688 760 3736 supra
795 3684 851 3726 cent
861 3678 1006 3740 interpretes
1018 3676 1133 3724 carmina
1144 3672 1284 3736 significare
1294 3688 1347 3721 cer·

210 3751 356 3813 scripseram
370 3750 760 3813 Cicesqnoqueocunntserrnm
796 3762 836 3804 tos
854 3757 991 3818 formulas.
1025 3753 1161 3801 Enimvero
1183 3759 1237 3799 tum
1264 3750 1347 3798 dicon·

209 3835 297 3878 roritra
306 3831 406 3885 Perses,
416 3841 466 3875 nou
480 3834 518 3876 sat
529 3829 655 3891 perspicue
667 3831 759 3893 scripsi.
796 3835 855 3882 dum
872 3840 925 3882 erat
936 3849 1044 3883 carmen
1076 3833 1200 3880 Cerniino
1212 3837 1271 3878 sunt
1281 3830 1347 3877 mul-

209 3910 308 3958 Moscro
324 3908 435 3971 quidem,
460 3909 501 3970 qui
523 3908 661 3970 Epistolam
687 3908 760 3958 criti-
796 3920 835 3962 tae
868 3913 1027 3975 diversaeque
1060 3910 1188 3959 formulae.
1222 3910 1262 3958 De
1295 3922 1348 3957 uno

209 4003 264 4036 carn
287 3989 317 4036 de
338 4002 395 4035 mea
414 3986 518 4036 editione
538 3986 615 4034 Petro
633 3987 760 4050 Stephano
795 3994 929 4056 eodemque
946 3998 1001 4040 actu
1013 3998 1146 4053 usurpatur
1157 4005 1264 4039 carmen.
1282 3989 1347 4038 Ves-

210 4067 314 4117 Schullo
337 4066 357 4115 Ι.
378 4065 411 4114 U.
428 4066 462 4114 D.
480 4065 546 4113 misit
563 4081 585 4114 a.
605 4066 675 4116 1834.
693 4068 759 4116 visus
795 4072 857 4120 tales
875 4072 977 4119 recitant
992 4084 1091 4118 carmen
1103 4082 1217 4130 precum,
1229 4081 1279 4115 non
1291 4083 1347 4116 ear-

210 4161 265 4194 sum
282 4145 492 4203 hocvoluissc,nt
505 4160 532 4195 eo
545 4146 633 4194 melius
645 4149 759 4210 perirent
795 4152 872 4198 osirin.
906 4149 994 4211 Itaque
1018 4162 1091 4195 nemo
1115 4160 1228 4200 carmen,
1250 4144 1280 4191 de
1298 4143 1347 4192 for-

213 4229 317 4287 Persoe,
333 4240 390 4272 cum
407 4231 490 4272 tamen
507 4226 567 4273 haec
583 4233 646 4274 essct
663 4232 759 4274 senten·
796 4228 878 4286 mula,
894 4241 997 4276 numero
1013 4224 1105 4288 plurali
1123 4223 1248 4279 adhibuit,
1266 4237 1347 4285 neque

211 4305 259 4352 tin:
277 4310 368 4352 uerrunt
385 4303 478 4352 ferrum
500 4305 564 4352 cives
581 4310 667 4352 contra
683 4306 761 4363 cives,
796 4306 924 4356 inventum
941 4305 1022 4353 adhuc
1038 4311 1074 4352 est
1091 4303 1137 4351 hoc
1153 4316 1270 4360 numero,
1298 4301 1347 4349 nisi
