2916 5220
1202 291 1294 331 XXXV

158 461 235 511 anate
263 472 291 511 a.
322 454 414 522 1842,
448 452 631 527 disputasset
661 453 772 508 “etiam
798 452 925 509 literatis
949 453 1118 510 bominibus
1140 456 1292 517 accidere,

158 558 263 619 ntea,
291 549 401 621 quibus
429 567 447 603 a
473 548 584 622 puerili
605 556 704 603 aetate
727 558 940 617 assueverunt,
967 549 1047 605 omni
1069 550 1180 606 erroris
1201 551 1295 624 euspi-

160 646 243 703 cione
274 644 415 713 exclusa,
444 661 499 717 pro
525 642 605 698 veris
633 643 780 698 habeant:
809 643 925 716 insigne
955 645 1126 718 exemplum
1147 646 1293 719 praebere

160 740 293 797 carmina
313 738 451 808 Horatii,
477 756 555 811 quae
577 737 658 793 omni
680 745 814 811 tempore
837 738 985 807 lectitata,
1008 739 1210 813 explicamus,
1233 741 1295 797 lau-

160 838 280 906 damus,
303 835 500 903 admiramur,
523 842 608 890 tanta
629 833 825 903 credulitate,
848 841 882 889 ut
903 834 994 890 etiam
1016 835 1055 891 ad
1070 836 1183 892 claram
1196 836 1294 893 lucem

161 931 376 988 caecutiamus:
410 947 547 1003 soporem
575 927 660 984 illum
689 929 791 985 excuti
820 936 959 1004 coeptum
981 930 1012 986 in
1033 930 1166 987 editione
1188 930 1296 987 Harle-

161 1027 270 1095 mensi,
294 1025 379 1082 cuius
400 1032 501 1081 tamen
523 1032 678 1080 auctorem
700 1041 779 1080 nunc
793 1024 926 1098 longius,
942 1042 1033 1097 quam
1048 1044 1103 1100 par
1118 1034 1199 1096 erat,
1215 1045 1295 1082 nune

162 1142 217 1178 non
241 1140 277 1178 eo
298 1138 409 1192 usque,
432 1138 491 1192 quo
513 1121 688 1194 oportebat,
711 1120 928 1193 progressum.'’

200 1217 308 1273 Talem
328 1215 497 1272 Hermanni
519 1232 623 1270 vocem
644 1215 726 1270 venti
749 1234 808 1270 non
829 1225 1004 1289 rapuerunt.
1037 1215 1169 1273 Multum
1190 1236 1226 1273 ea
1247 1236 1297 1272 va-

162 1313 228 1382 luit,
251 1320 286 1368 ut
307 1311 387 1367 illius
409 1311 466 1366 viri
487 1310 589 1365 valere
612 1310 758 1366 debebat:
781 1311 863 1384 apud
885 1328 1052 1378 censorem,
1073 1312 1295 1384 nescioquem,

163 1407 286 1464 sortasse
309 1406 452 1475 eundem,
475 1406 511 1461 de
534 1423 593 1477 quo
616 1423 707 1478 supra
729 1405 880 1474 dicebam,
897 1405 993 1460 valuit
1007 1406 1092 1461 nihil.
1125 1407 1204 1463 Nam
1219 1408 1297 1465 Her·

162 1520 288 1558 mannus
308 1501 353 1557 illi
375 1502 450 1557 haec
473 1501 585 1556 dixisse
607 1501 768 1557 videbatur
783 1500 841 1556 ioci
857 1518 978 1570 caussa,
995 1510 1029 1556 ut
1043 1520 1104 1571 me,
1120 1512 1180 1558 tarn
1195 1504 1295 1578 lepide

162 1598 334 1671 deceptum,
358 1595 389 1650 in
412 1595 479 1650 sinu
501 1594 624 1650 rideret.
666 1593 745 1649 Mihi
766 1594 887 1665 quidem
909 1594 991 1650 haud
1012 1595 1055 1650 ita
1081 1596 1201 1653 videtur
1228 1616 1296 1654 con-

161 1691 306 1748 sideranti
335 1698 378 1760 et,
406 1690 486 1761 quod
512 1689 706 1745 Hermannus
732 1689 968 1762 Programmati,
1003 1690 1074 1746 mihi
1102 1693 1206 1762 misse,
1242 1712 1296 1749 suu

160 1806 249 1844 manu
283 1785 457 1859 adscripsit,
486 1792 516 1840 et
543 1784 639 1858 ipsam
668 1784 725 1840 viri
755 1785 903 1858 praeclari
930 1785 1077 1856 indolem,
1101 1788 1229 1859 nemini,
1262 1798 1296 1844 ut

160 1884 264 1953 audio,
289 1883 331 1938 sic
354 1890 464 1937 notam.
508 1880 624 1954 Quodsi
652 1899 805 1937 censorem
828 1880 953 1937 fortasse
977 1883 1015 1938 ab
1039 1883 1190 1957 elegantia
1215 1885 1297 1941 Lati-

159 1978 264 2035 nitatis
290 1977 455 2051 potuissem
482 1975 622 2043 laudare,
651 1977 689 2031 ab
717 1976 849 2049 ingenua
875 1977 1000 2048 viroque
1029 1977 1182 2035 Germano
1205 1980 1296 2053 digna

160 2081 259 2129 mente
283 2072 407 2127 laudare
430 2089 489 2126 non
512 2089 642 2144 possum.
677 2068 884 2127 Godofredum
908 2071 986 2126 enim
1003 2072 1210 2130 Hermannnm
1232 2075 1296 2131 sola

159 2168 335 2223 coniectura
359 2165 429 2221 fecit
452 2165 560 2221 falsum
583 2166 772 2222 nebulonem.

201 2263 263 2322 Sed
281 2263 365 2318 mitto
387 2262 459 2317 ista:
482 2261 521 2316 ad
543 2261 703 2317 Horatium
722 2271 867 2317 revertor.
900 2263 1063 2335 Nunquam
1084 2266 1120 2320 de
1136 2284 1172 2321 eo
1187 2267 1296 2322 iterum

160 2359 278 2415 edendo
300 2358 494 2431 cogitassem,
517 2356 574 2411 nisi
598 2376 635 2412 ex
659 2356 781 2413 librario
804 2358 1091 2429 Amstelodamcnsi,
1114 2361 1179 2417 viro
1195 2362 1296 2418 huma-

160 2453 283 2510 nissimo
304 2451 519 2520 literarumque
544 2459 713 2505 nostrarum
736 2460 869 2518 amante,
897 2452 1058 2508 Frederico
1080 2452 1227 2523 Mullero,
1250 2472 1297 2510 co·

159 2547 344 2623 gnevissem,
368 2545 480 2601 frustra
502 2544 532 2599 in
549 2545 683 2601 tabernis
700 2545 805 2617 quaeri
827 2546 1011 2619 exemplum
1034 2547 1135 2603 mirari
1158 2566 1189 2603 se
1209 2549 1294 2617 adeo,

160 2662 215 2699 cur
236 2661 296 2698 non
319 2642 375 2698 sub
397 2640 535 2714 praelum
557 2648 752 2697 revocaretur
772 2659 819 2696 me
841 2641 926 2712 vive,
950 2659 1016 2697 cum
1040 2643 1230 2716 praesertim,
1248 2662 1297 2699 ve·

160 2755 211 2794 rus
233 2755 272 2792 an
294 2735 402 2804 falsus,
426 2743 505 2790 esset
526 2753 641 2802 rumor,
669 2735 827 2806 quemdam
849 2736 905 2791 hoc
925 2754 1051 2811 peregre
1068 2738 1220 2808 meditari,
1243 2739 1295 2795 ubi

160 2832 221 2888 tale
244 2831 448 2898 commissum,
482 2829 561 2885 furto
588 2829 782 2898 simillimum,
815 2832 840 2886 si
866 2831 1069 2889 honestiorum
1090 2834 1294 2908 indignatione

161 2938 191 2983 et
214 2934 365 2983 contemtu
388 2926 554 2999 puniretur,
572 2925 656 2981 nulla
676 2936 777 2981 tamen
800 2926 866 2999 lege
889 2933 1086 2986 coerceretur.

200 3021 267 3077 Iam
288 3039 360 3078 vero
381 3021 453 3076 mihi
475 3039 534 3076 non
557 3021 758 3076 cunctandum
780 3031 880 3091 ratus,
903 3040 953 3092 ea,
976 3041 1053 3095 quae
1069 3025 1246 3095 identidem,
1264 3038 1296 3082 ut

159 3118 207 3185 fit,
236 3116 479 3184 emendaveram,
507 3132 644 3187 quaeque
672 3114 860 3185 addideram,
889 3117 1028 3173 ordinata
1054 3122 1222 3194 composui,
1246 3142 1296 3178 arr·

159 3211 331 3267 notationes
352 3210 393 3266 A.
416 3210 578 3279 Meinekii,
603 3228 678 3280 (quas
700 3218 820 3265 exstare
843 3230 940 3284 nuper
962 3230 1174 3286 cognoveram,
1192 3236 1297 3273 consu-

159 3307 217 3376 lni,
241 3306 348 3375 verbo,
371 3306 436 3380 ipse
458 3304 516 3360 feci
539 3316 573 3361 ut
595 3305 740 3361 Horatius
762 3307 861 3361 denuo
878 3307 908 3361 in
930 3307 1027 3363 lucem
1042 3311 1161 3383 prodire
1178 3322 1294 3385 posset:

159 3402 268 3458 melius
295 3401 358 3457 sine
386 3401 478 3457 dubio
506 3401 695 3474 proditurus,
726 3402 751 3457 si
773 3401 888 3457 Leidae
911 3402 1107 3474 habitassem,
1132 3413 1162 3461 et
1183 3406 1297 3463 Biblio

159 3498 279 3553 thecam
302 3496 515 3552 Academieam
538 3504 744 3570 perscrutatus
763 3495 895 3552 fuissem.
928 3496 1019 3553 Nunc
1040 3499 1104 3555 ruri
1119 3500 1237 3570 vivens,
1254 3504 1297 3559 id-

160 3610 219 3665 que
254 3591 313 3647 iam
340 3592 378 3647 ab
406 3609 433 3647 a.
464 3590 555 3660 1848,
584 3608 643 3662 quo
672 3591 774 3664 gravis
800 3599 830 3647 et
853 3592 1013 3649 diuturnus
1034 3596 1156 3652 morbus
1178 3600 1294 3654 muneri

159 3706 208 3743 me
231 3704 297 3742 meo
323 3695 393 3741 ante
421 3685 586 3758 legitimum
613 3694 731 3760 tempus
753 3687 928 3743 renuntiare
951 3689 1064 3761 coegit,
1087 3692 1188 3748 multis
1211 3693 1296 3749 libris

159 3782 204 3837 fui
239 3781 413 3850 destitutus,
441 3798 566 3853 qnorum
600 3781 781 3837 desiderium
816 3783 889 3839 meis
918 3802 964 3839 me
992 3785 1090 3842 adhuc
1123 3798 1295 3844 contentum

159 3894 242 3933 nune
264 3877 457 3932 vehementer
478 3875 588 3932 affecit.

203 3970 366 4028 Caeterum
398 3971 560 4045 pleraque,
595 3989 671 4043 quae
702 3982 772 4028 ante
800 3973 926 4046 triginta
954 3992 1049 4029 annos
1078 3986 1296 4034 commentatus

160 4085 258 4136 eram,
286 4067 330 4122 sic
356 4067 511 4123 reddenda
538 4066 656 4140 putavi,
685 4076 717 4121 ut
747 4078 809 4122 turn
831 4084 891 4122 non
914 4068 978 4122 sine
1001 4069 1081 4124 virili
1104 4071 1233 4142 quodam
1255 4074 1297 4129 vi·

159 4180 234 4236 gere
263 4170 293 4216 et
315 4161 428 4235 impetu
451 4160 553 4217 effudi.
596 4160 686 4216 Talia
707 4161 826 4234 singula
851 4172 882 4217 et
903 4170 1012 4217 cuncta
1033 4164 1072 4219 ad
1091 4165 1294 4225 meticulosam

160 4256 267 4313 senilis
289 4256 469 4330 prudentiae
493 4273 595 4311 curam
619 4274 761 4312 revocare
784 4268 814 4312 et
836 4257 990 4329 redigere.
1007 4279 1095 4330 «piram
1112 4261 1229 4318 difficile
1246 4266 1293 4321 sit.

161 4364 192 4409 et
215 4352 284 4420 alii,
310 4361 399 4426 puto,
426 4361 598 4407 senserunt.
626 4361 656 4407 et
682 4370 737 4424 ego
763 4353 853 4408 sensi.
891 4352 972 4425 Quid
999 4365 1093 4423 recte,
1116 4359 1188 4428 quid
1211 4377 1297 4415 secus
