2916 5220
580 299 753 362 iiluna
799 301 861 362 lll.

381 486 508 567 Devota
530 508 596 551 non
620 484 780 551 exstinxit
802 487 915 570 arbos,

425 590 492 654 Nec
518 589 628 655 Sicula
652 589 828 656 Palinurus
852 591 949 656 unda.

334 693 521 778 Utcumque
544 715 673 759 mecum
696 715 754 759 vos
778 694 886 776 eritis,
911 695 1016 760 libens

339 796 563 862 insanientem
586 797 699 862 navita
724 797 906 883 Bosporum

380 899 524 965 Tentabo
547 906 581 966 et
604 907 735 967 urentes
759 923 873 967 arenas

424 1004 545 1069 Litoris
568 1005 698 1089 Assyrii
721 1005 835 1070 viator.

336 1105 452 1170 Visam
478 1106 654 1172 Britannos
678 1106 865 1191 hospitibus
889 1107 973 1172 feros

337 1209 382 1271 Et
405 1208 529 1274 laetum
553 1209 672 1294 equino
696 1210 858 1294 sanguine
882 1209 1090 1276 Concanum:

379 1311 495 1377 Visam
517 1312 720 1397 pharetratos
746 1312 888 1379 Gelonos

426 1415 471 1480 nt
496 1415 686 1500 Scythicum
710 1416 888 1481 inviolatus
912 1439 1052 1482 amnem.

336 1519 403 1583 Vos
428 1518 599 1584 Caesarem
623 1519 747 1601 altum,
772 1519 894 1584 militia
918 1519 1018 1584 simul

337 1621 455 1687 Fessus
480 1622 627 1688 cohortes
651 1622 780 1688 abdidit
809 1622 958 1709 oppidis,

157 1764 241 1812 «licant
253 1765 376 1827 proelium
393 1768 463 1828 apud
477 1767 626 1828 Philippos,
640 1767 710 1828 apud
750 1761 825 1812 cons.
842 1764 937 1813 Honor.
947 1766 1004 1814 436.
1031 1767 1122 1829 Libyes
1133 1769 1230 1815 arentis
1242 1782 1295 1816 are-

158 1848 244 1894 urhem
251 1847 394 1908 Philippos,
403 1848 431 1894 in
439 1846 534 1908 euripis
544 1847 708 1908 Philippicis,
750 1857 811 1903 naa,
829 1849 855 1891 et
872 1842 1009 1907 Corippus:
1027 1847 1185 1908 cantatusque
1201 1848 1297 1894 arastis

159 1925 332 1986 Philippaair,
349 1926 377 1971 in
389 1926 481 1986 proelia
498 1931 523 1973 et
538 1926 599 1973 bello
609 1926 709 1986 Philip·
750 1936 848 1972 arenae.
875 1922 972 1985 Quibus
990 1923 1053 1971 addo
1070 1922 1143 1973 Ovid.
1162 1925 1224 1974 XV.
1240 1924 1294 1972 Me-

155 2004 243 2064 penst,
257 2002 314 2066 aspi
328 2003 577 2060 antemnarum
589 2003 709 2051 Latinum
750 2004 810 2049 tam.
826 2001 883 2050 268.
919 2002 998 2053 Siccis
1015 2006 1104 2051 humus
1126 2009 1182 2052 aret
1203 2005 1295 2051 arania.

157 2095 212 2128 esse
224 2086 287 2144 puto
294 2082 415 2142 proelium
425 2082 569 2143 Philippis,
581 2088 609 2127 ut
619 2083 709 2129 Mara·
750 2079 781 2127 In
798 2095 906 2143 quorum
923 2082 1052 2131 nonnullis
1068 2083 1167 2131 variant
1176 2082 1253 2131 MSS.
1270 2081 1297 2129 in

160 2161 234 2208 thone
248 2167 275 2207 et
291 2159 394 2216 similia,
417 2174 462 2222 pro
487 2162 558 2222 apud
574 2161 710 2222 Philippos
750 2159 838 2208 multis
855 2168 892 2208 est
909 2164 1015 2211 arentia
1050 2162 1188 2222 Ardentes,
1202 2167 1231 2210 ut
1247 2163 1296 2209 iam

159 2245 184 2286 et
203 2237 391 2287 Marathonem.
409 2239 473 2287 Fere
484 2244 513 2285 ut
530 2238 628 2297 Graeci,
647 2253 669 2286 v,
688 2253 708 2287 c.
750 2237 855 2288 Withof.
873 2239 989 2298 coniecit,
1006 2239 1085 2289 lenius
1101 2247 1139 2288 cst
1154 2241 1296 2303 pronuntia·

160 2316 301 2379 Xenophon
327 2317 353 2366 in
379 2317 499 2378 Agesilao
516 2331 569 2379 cap.
587 2319 610 2365 5.
633 2315 663 2364 Ἡ
683 2318 710 2366 lv
751 2323 793 2376 tu,
811 2331 886 2379 quam
904 2323 1016 2378 arentes,
1033 2324 1059 2366 et
1076 2318 1248 2366 difficultatem
1261 2319 1296 2365 iti-

160 2395 279 2460 Κορίνθῳ
295 2394 373 2459 μάχη.
401 2395 436 2443 Et
452 2395 578 2444 Homerus
595 2409 667 2457 saepe
681 2396 709 2443 ἐν
750 2395 817 2445 neris
843 2396 927 2444 statim
952 2402 977 2445 et
1002 2397 1092 2446 melius
1118 2397 1233 2446 ostendit.
1267 2397 1297 2444 In

160 2474 244 2538 Ἰλίῳ,
261 2477 332 2536 apacl
347 2477 436 2523 Iliam.
454 2476 540 2538 Atque
558 2476 589 2522 ad
606 2489 708 2523 eamra-
751 2477 859 2538 Assyria
870 2477 945 2524 litare
956 2475 1030 2523 valde
1047 2482 1162 2524 aestuant
1177 2476 1297 2537 interpre-

159 2553 253 2602 tionem
279 2553 371 2602 dixisse
394 2560 455 2616 puto
480 2554 627 2604 Suetonium
650 2555 706 2603 Au·
750 2559 795 2602 tes.
834 2554 890 2616 Ego
921 2569 1017 2615 semper
1045 2553 1133 2617 putavi
1163 2553 1298 2602 Horatium

160 2640 228 2696 gast.
244 2633 285 2681 96.
310 2636 346 2681 In
365 2635 497 2696 Philippis
508 2635 707 2696 Thessalneqai·
751 2633 877 2695 scripsisse
894 2635 979 2682 Litori
996 2633 1097 2696 Astyrii
1113 2636 1204 2682 victer.
1231 2632 1299 2682 Solet

160 2716 221 2762 chira
237 2713 378 2776 defutura
391 2714 642 2761 victorianuntiavit.
661 2714 709 2761 Mi·
751 2711 795 2761 ille
812 2712 838 2760 in
857 2712 938 2775 longis
962 2719 988 2761 et
1003 2713 1150 2776 periculosis
1170 2712 1298 2761 itineribus

161 2807 210 2840 nus
218 2791 627 2853 tamenaccurateseriptumputo
642 2794 709 2840 acies
751 2806 842 2854 ponere
867 2798 963 2841 remota
987 2792 1124 2854 Hispaniae
1148 2791 1211 2840 loca.
1237 2791 1296 2839 Vid.

162 2879 231 2920 retro
246 2886 320 2920 aare
331 2888 369 2920 me
377 2872 504 2934 perdidit,
521 2872 586 2933 quod
600 2871 710 2919 diversas
752 2870 787 2918 II.
813 2871 898 2921 Carm.
916 2873 939 2920 6.
966 2873 1063 2921 Litoris
1080 2871 1208 2920 Asturam
1232 2885 1298 2919 men-

161 2951 376 3013 interpretationes
393 2949 510 2998 admittit.
539 2949 648 2999 Omnino
662 2949 715 2997 ele·v
753 2949 845 2998 tionem
862 2951 921 2998 facit
938 2950 968 3002 P.
987 2951 1057 2999 Mela
1074 2950 1125 2998 ΙΙΙ.
1139 2951 1159 2997 l.
1181 2949 1300 3004 Germani,

163 3030 264 3092 gentius
280 3034 305 3077 et
322 3029 400 3091 magis
416 3029 541 3090 poeticum
559 3028 633 3076 foret:
653 3031 712 3076 Nan
753 3043 814 3089 quos
832 3030 952 3077 Horatius
970 3043 1029 3077 mox
1050 3031 1174 3087 nominat,
1196 3035 1254 3075 sunt
1273 3028 1299 3075 in

164 3125 203 3158 ine
220 3108 352 3170 Philippi,
368 3122 442 3155 cerea
458 3108 510 3156 arie
522 3113 601 3166 retro,
613 3109 711 3155 Deraia
754 3107 869 3165 Thracia,
886 3122 936 3155 non
953 3114 1051 3156 tantum
1068 3108 1094 3156 in
1106 3109 1235 3170 Hispania.
1254 3110 1300 3154 As-

164 3203 214 3236 non
230 3188 355 3236 exstinxit
372 3188 451 3235 arhor.
476 3186 535 3234 Non
547 3200 587 3234 me
601 3185 711 3247 Philippi
752 3188 839 3248 syrias
854 3194 880 3234 et
897 3189 1019 3248 Astyrici
1036 3201 1107 3249 saepe
1129 3187 1160 3235 ab
1181 3186 1300 3248 imperitis

163 3265 347 3315 exstinxerunt.
364 3266 459 3324 Locus,
473 3264 517 3312 ubi
531 3271 629 3327 gestum
641 3278 711 3327 proe-
753 3263 860 3312 librariis
877 3271 1064 3327 permutantur:
1087 3266 1136 3314 vid.
1160 3266 1246 3314 Heius.
1269 3266 1300 3311 nd

166 3345 242 3400 lium,
266 3358 311 3406 pro
335 3344 388 3406 ipso
414 3344 515 3406 proelio.
549 3342 621 3392 Ovid.
649 3343 710 3391 XV.
754 3343 885 3392 Claudiam.
904 3343 1005 3392 Consul.
1025 3343 1142 3391 Probet
1160 3343 1299 3407 Olybrii).

167 3424 270 3472 Metam.
282 3424 339 3472 824.
366 3424 506 3471 Pharsalia
523 3425 614 3471 sentiet
631 3423 711 3480 illam,
754 3429 779 3470 et
794 3422 896 3485 interpr.
915 3423 945 3469 ad
967 3423 1062 3470 Lucan.
1079 3423 1201 3471 Iv.·298.
1224 3425 1299 3484 Arty-

168 3504 332 3564 Emathiique
360 3503 453 3550 italam
478 3501 616 3564 madejbcti
640 3502 713 3548 arrecta
754 3503 789 3549 rii
804 3507 933 3550 scrutator
948 3503 1061 3563 pallidus
1078 3503 1144 3548 auri.

168 3583 294 3643 Philippi.
323 3580 417 3628 Lucan.
440 3579 489 3628 Vl.
515 3581 571 3628 313.
598 3580 713 3627 Eairee
790 3580 904 3628 Gelonos.
941 3579 1033 3628 Nestor
1064 3580 1176 3629 Galatea
1221 3580 1302 3628 Admi-

169 3661 256 3708 meiliis
275 3662 360 3722 potuit
384 3661 524 3707 Pharsalia
539 3659 617 3722 fatie.
652 3657 712 3705 Vid.
756 3665 886 3722 utramque
894 3660 1092 3708 terminationem
1104 3675 1129 3708 ea
1139 3666 1164 3708 et
1175 3675 1202 3708 os
1210 3658 1300 3707 valere.

169 3738 259 3789 Graev.
277 3739 308 3786 ad
325 3739 395 3787 Flori
411 3738 459 3786 IV.
477 3741 500 3786 2.
530 3740 648 3787 Omnium
667 3752 711 3798 po·
755 3737 807 3786 Pro
833 3738 979 3801 Scythicum
998 3755 1095 3787 (carnem
1113 3737 1235 3787 Horatius
1252 3736 1302 3783 for·

168 3824 262 3866 strena
278 3820 444 3867 certem-inam
462 3819 570 3865 Manita.
647 3874 649 3878 Ι
755 3821 819 3865 tasse
837 3818 933 3880 scripsit
949 3833 1029 3866 rixari.

205 3892 314 3946 Tentiiba
336 3903 360 3945 et
381 3902 482 3944 arentes
502 3911 594 3944 (trenas
617 3897 714 3944 Litoris
790 3898 880 3945 Fessus
889 3898 998 3945 cohortes
1007 3897 1104 3944 abdidit
1112 3895 1217 3957 oppidis.
1228 3895 1301 3942 Lam-

171 3977 272 4037 Assyrii
288 3978 378 4023 uiator.
401 3977 507 4023 Arentes
515 3991 615 4033 (irenae,
633 3982 661 4022 ut
672 3975 715 4022 alii
756 3975 806 4023 bini
832 3975 974 4023 coniectura
995 3973 1082 4035 fessas
1113 3971 1185 4019 valde
1211 3971 1302 4019 arridet

169 4055 270 4116 legunt,
288 4054 373 4101 durius
390 4054 421 4101 ad
439 4054 588 4101 audiendum
609 4054 714 4103 videtur.
756 4052 882 4113 Bentlcio‚
908 4052 1004 4114 optanti
1030 4057 1058 4098 ut
1074 4051 1199 4098 accederet
1224 4049 1301 4099 MSS.

169 4132 299 4182 Bentleius
310 4132 429 4194 exemplis
441 4132 555 4180 defendit.
579 4133 627 4181 Sed
640 4135 665 4180 in
677 4133 714 4179 his
756 4132 896 4179 auctoritas.
923 4131 979 4192 Ego
996 4130 1121 4191 inoptimo
1134 4128 1304 4177 illoLoidensi

170 4227 245 4260 arem
266 4211 297 4259 ab
318 4227 410 4268 arena,
432 4211 531 4258 vocibus
552 4211 715 4274 interpositis,
756 4217 840 4259 nostro
866 4209 993 4272 perspicue
1012 4209 1102 4271 fessus
1123 4206 1242 4270 scriptum
1267 4208 1303 4254 in-

170 4297 311 4354 separatum
329 4298 372 4339 ost.
401 4289 475 4339 Solus
493 4289 648 4338 Claudianus
666 4289 714 4338 IV.
758 4290 821 4337 veni.
855 4288 946 4336 Manus
973 4288 1092 4337 recentior
1113 4301 1188 4350 supra
1205 4286 1304 4335 literam
