2916 5220
533 280 710 378 'urnnu
756 317 821 380 111.

387 507 464 570 Cum
475 505 615 590 sumetis
638 505 839 591 dominusque
862 517 965 571 terroe

295 611 506 676 timuimus:
531 611 590 675 sed
616 613 722 676 Timor
744 622 774 675 et
797 614 908 676 Miuue

292 713 457 778 Scuiiciuut
478 713 599 796 eodem,
623 735 682 799 quo
705 714 866 796 domiuus,
892 736 985 800 meque

336 816 470 881 Decentii
491 827 604 882 ueruto
627 822 769 900 triremi,
794 828 823 882 et

380 921 461 985 Post
483 925 611 1005 equitem
634 921 718 986 sedet
741 931 815 985 utro
845 923 939 986 Cura.

292 1023 416 1102 Quodsi
441 1024 606 1089 dolentem
630 1047 688 1089 nec
713 1024 876 1109 Phrygius
901 1025 985 1110 lupis

293 1127 361 1192 Nec
384 1149 602 1213 purpurarum
626 1129 731 1194 sidere
754 1128 871 1194 clarior

338 1230 472 1295 Delenit
495 1253 575 1296 usus
605 1253 664 1296 nec
689 1232 829 1296 Falerna

383 1333 471 1398 Vitis
500 1334 823 1419 Achaemeniumque
846 1340 989 1398 costum:

293 1437 360 1502 Our
384 1437 569 1502 invidendis
594 1437 746 1522 peitibus
771 1443 803 1503 et
826 1459 911 1502 novo

294 1539 442 1603 Sublime
466 1539 533 1604 ritu
556 1539 674 1604 molier
697 1539 840 1604 atrium?
947 1536 952 1546 ’

337 1642 404 1707 Gur
427 1643 513 1708 velle
536 1648 722 1728 permutem
747 1642 869 1708 Sabine

384 1745 526 1810 Divitias
551 1745 770 1830 operosiores?

139 1936 309 1996 Domitiaeque
321 1940 404 1982 terroe
415 1934 579 1983 Fastidiosus.
597 1933 662 1994 Quid
706 1940 745 1981 est
761 1935 850 1996 imago.
886 1933 955 1982 Cura
978 1948 1010 1981 ex
1027 1933 1109 1996 putria
1125 1934 1255 1982 abeuntem

114 2013 153 2060 hie
170 2013 299 2060 dominus?
333 2013 376 2061 An
393 2020 418 2061 et
435 2012 479 2060 ille
495 2026 616 2060 unacum
629 2011 663 2059 fa·
705 2019 730 2060 et
747 2012 850 2060 naribus
868 2019 912 2061 aut
929 2013 999 2074 equis
1016 2012 1152 2061 bellantem
1176 2028 1255 2074 perse-

113 2093 189 2141 mulis
210 2100 235 2141 et
256 2094 392 2142 redemtore
412 2108 515 2141 menum
534 2093 602 2155 operi
618 2093 663 2140 ud-
705 2091 800 2153 quitur.
835 2090 909 2140 Unde
935 2098 1017 2139 nutem
1042 2092 1089 2141 hoc
1111 2093 1164 2139 loco
1185 2093 1253 2140 novi·

113 2174 212 2220 movet?
245 2172 404 2234 Respondent
426 2171 584 2234 interpretes:
611 2174 663 2221 Du
707 2185 763 2217 mus
781 2171 921 2227 dominnm,
937 2173 1103 2233 postquumin
1116 2173 1178 2219 mari
1192 2171 1255 2219 nedi-

113 2253 199 2298 miuus
220 2251 291 2298 uuest
310 2255 336 2298 et
357 2256 462 2312 spectet.
497 2249 552 2299 See
568 2250 615 2297 hoc
632 2265 664 2299 ex
707 2248 837 2308 ficaveret,
850 2263 909 2297 mox
919 2249 1025 2310 patriam
1038 2249 1183 2312 relinquere,
1195 2250 1256 2298 adeo

112 2327 196 2376 verbis
207 2343 256 2376 non
268 2328 405 2376 conficitur.
423 2329 546 2377 Dominus
559 2329 583 2377 in
597 2331 664 2376 uiuri
707 2333 736 2374 ut
753 2326 823 2376 Cura
838 2343 897 2376 enm
914 2327 1110 2389 proficiscentem
1123 2334 1255 2390 sequatur?

111 2406 299 2469 uedificut,pro
310 2406 444 2470 aedificari
455 2408 532 2466 iubet,
542 2406 663 2454 Iustinum
705 2405 761 2454 Hoc
785 2406 945 2468 cogitandum
966 2411 1017 2464 est,
1042 2406 1158 2468 inquiunt
1178 2408 1253 2456 inter·

110 2491 155 2532 est.
193 2485 331 2533 Cuermntu
353 2486 480 2541 terruittit,
504 2484 555 2532 ium
581 2486 663 2533 minus
705 2492 792 2548 pretee.
825 2486 874 2535 Sed
891 2485 928 2535 illi
944 2486 1030 2535 iubent
1045 2486 1071 2533 in
1089 2485 1126 2533 his
1144 2486 1255 2535 versibus

111 2564 274 2628 probandum.
309 2565 375 2626 Quia
387 2566 413 2612 in
425 2565 471 2612 tali
483 2580 509 2613 re
521 2564 664 2614 universum
705 2580 749 2614 nos
775 2565 855 2614 multo
879 2564 953 2627 plura
974 2564 1096 2626 cogitare,
1118 2579 1195 2627 quam
1213 2580 1255 2614 ex-

109 2643 223 2707 aliqnam
244 2643 370 2691 notionem
391 2642 518 2706 ponimus,
540 2656 589 2690 non
611 2658 664 2706 spe-
704 2644 794 2706 pressis
811 2644 891 2693 verbis
909 2643 998 2692 dicitur
1025 2649 1050 2692 et
1070 2658 1103 2691 ex
1124 2643 1218 2700 verbis,
1235 2645 1256 2692 si

110 2723 209 2773 cialem.
247 2722 297 2772 Sed
322 2728 450 2770 caemento
475 2722 583 2770 demittit
608 2737 664 2770 cum
705 2723 737 2771 ad
759 2738 846 2770 sunem
868 2722 992 2772 scribendi
1014 2723 1134 2770 rationem
1155 2723 1256 2783 exigere

107 2803 232 2866 seruulis,
249 2816 298 2849 non
310 2807 409 2849 tantum
421 2805 458 2850 est
469 2801 563 2849 domini
579 2801 664 2850 iuben·
705 2803 822 2861 velimus,
834 2802 955 2852 deducere
966 2801 1032 2849 licet.
1050 2801 1106 2849 Iam
1117 2815 1175 2849 vero
1187 2801 1255 2849 dixe·

112 2883 155 2938 tis,
181 2881 316 2930 sedetiam
333 2879 481 2928 adinventis.
516 2879 611 2928 Similis
629 2877 664 2928 fu·
705 2889 744 2930 rut
761 2882 890 2930 dominum
907 2881 995 2943 agitari
1011 2882 1111 2929 Timere
1121 2885 1145 2929 et
1160 2878 1253 2928 llinis:

112 2960 182 3009 rinae
203 2967 262 3008 snut
282 2958 329 3007 ille
351 2958 400 3006 111.
419 2957 504 3007 Germ.
526 2957 566 3005 24.
603 2957 664 3006 Coe·
704 2967 824 3010 ettamen
838 2961 947 3019 Curam,
964 2959 1045 3009 lenius
1058 2958 1161 3015 melum,
1179 2960 1254 3007 addit.

112 3041 205 3088 ruentis
226 3040 286 3087 lieet
300 3051 402 3100 occupes
421 3039 582 3099 Tyrrhenum
595 3051 665 3084 omne
707 3041 771 3088 Pmt
787 3042 895 3102 equitem
912 3041 979 3087 sedet
995 3053 1045 3086 non
1066 3038 1126 3087 bene
1141 3040 1256 3087 convenit

112 3119 165 3166 tuis
193 3123 219 3166 et
248 3131 319 3164 mure
347 3114 495 3176 Apulicum.
541 3116 665 3162 Dominus
705 3132 762 3165 enm
788 3123 878 3166 ueruto
903 3118 1011 3165 triremi.
1044 3117 1112 3165 Bene
1136 3117 1255 3165 Horatius

111 3203 197 3245 antem
215 3203 298 3244 terrue
308 3194 459 3257 fastidiosus
471 3193 561 3241 estille
571 3209 665 3256 perum
705 3197 788 3244 iunxit
809 3202 910 3245 uerutus
931 3209 1005 3243 rmues
1024 3199 1049 3242 et
1068 3202 1168 3243 turmas
1185 3199 1256 3258 equi-

112 3275 221 3336 locuples
238 3275 380 3323 continente
395 3272 455 3333 ripa
470 3272 506 3320 II.
525 3271 609 3322 Germ.
626 3274 663 3322 18.
706 3281 768 3323 tum.
803 3274 873 3324 Haec
889 3273 955 3322 enim
968 3278 1026 3320 sunt
1037 3272 1142 3321 hominis
1154 3289 1255 3336 peregre

146 3353 198 3402 Seu
207 3353 291 3400 Pirum
299 3357 323 3400 et
332 3349 420 3399 Minue
431 3352 565 3401 Seumduut
573 3355 664 3410 eodem,
706 3354 800 3403 bellum
809 3368 853 3416 pre
862 3351 942 3415 putria
950 3352 1065 3414 gerentis.
1088 3352 1172 3413 Eques
1179 3351 1254 3400 etiam

110 3447 161 3494 quo
176 3433 297 3479 derisimus.
333 3429 463 3480 Scandunt
482 3431 508 3478 in
526 3432 664 3482 aedificium
705 3447 757 3481 esse
774 3437 855 3495 potest
871 3431 945 3478 homo
958 3429 1085 3492 privatnS,
1102 3436 1191 3478 ueruto
1209 3433 1254 3479 tri-

112 3508 176 3557 illnd
194 3509 220 3556 in
237 3509 301 3558 muri
318 3515 496 3557 constructum.
523 3509 573 3560 Sed
589 3511 664 3560 huius
705 3513 781 3560 remis
798 3525 848 3558 non
864 3516 902 3558 est
918 3511 1021 3572 privato.

111 3586 217 3637 aedificii
250 3587 324 3634 modo
352 3586 460 3635 vidimus
492 3586 662 3638 fundamenta.
742 3592 838 3649 Quodsi
863 3591 984 3638 dolentem
1004 3603 1048 3638 uec
1073 3590 1202 3651 Plrrqqiur
1219 3589 1255 3636 tu-

112 3666 197 3729 Igitur
213 3665 375 3715 fundamenta
392 3666 488 3715 scandit
503 3666 627 3716 dominns.
703 3671 752 3731 pis.
787 3669 852 3718 Pers
876 3668 963 3731 quintu
992 3666 1066 3715 etiam
1087 3672 1142 3714 octo
1168 3681 1255 3716 versus

146 3748 235 3808 Neque
266 3749 369 3796 Decidit
394 3753 484 3795 aerata
504 3749 615 3805 triremi,
639 3753 665 3796 et
704 3746 885 3810 complectitur.
920 3747 1048 3797 Sententia
1067 3752 1116 3794 est:
1133 3745 1177 3796 “Si
1194 3746 1255 3794 divi·

113 3828 179 3874 Pcst
195 3827 302 3887 equitem
310 3827 377 3874 redet
385 3831 446 3874 utra
456 3827 535 3874 Cure.
543 3825 664 3874 Horatius
705 3826 755 3875 tiae
780 3827 905 3875 dolentem
930 3826 1013 3873 animo
1036 3831 1062 3873 et
1082 3838 1183 3887 corpore
1205 3839 1254 3872 non

112 3903 149 3951 11.
174 3901 261 3952 Carnu.
281 3903 318 3952 16.
344 3903 451 3952 dixerut:
478 3905 534 3965 quis
551 3907 624 3953 eusul
640 3921 664 3954 re
703 3906 802 3962 iurent,
819 3919 863 3952 cur
878 3918 919 3952 eus
936 3902 1080 3965 petumns‘t''

111 3997 208 4044 quoque
217 3982 306 4044 fuqit?
329 3983 435 4030 Seuudit
453 3987 556 4031 uerutus
573 3984 663 4032 vitiosa
737 3985 840 4032 Deteuit
852 3997 918 4030 usus.
937 3979 1028 4043 Sulpit.
1042 3979 1149 4028 Severus
1161 3980 1254 4030 Hister.

112 4074 189 4108 neuen
215 4059 299 4120 Cura,
321 4075 365 4109 nee
383 4066 480 4109 turmas
497 4063 609 4122 equitum
626 4077 663 4110 re·
704 4078 760 4125 pag.
781 4062 834 4110 180.
870 4061 959 4108 Dauid
977 4061 1084 4113 Seruium
1101 4061 1202 4109 citluiru
1216 4064 1251 4108 lu·

112 4140 212 4201 linquit.
247 4140 278 4187 In
299 4139 388 4202 qulbus
408 4139 476 4189 olera
492 4147 518 4188 et
534 4141 665 4204 perspicue
704 4144 830 4190 toruirtem
849 4140 979 4188 deterrime.

602 4297 763 4319 ⁴0⁶——
