2916 5220
173 307 237 371 394

602 304 883 368 (JARMEN

376 497 438 555 Sub
460 514 531 570 rege
552 496 645 552 Medo
668 495 788 552 Marsus
810 505 840 552 et
861 496 996 572 Apulus,

378 590 569 646 Aneiliorum
591 600 621 646 et
641 590 771 647 nominis
792 600 823 647 et
843 600 933 665 togae

415 685 539 744 Oblitus
560 693 764 758 aeternaeque
785 686 915 757 Vestae,

454 780 603 837 Incolumi
624 780 699 837 Iove
722 789 753 837 et
773 782 848 837 urbe
871 781 986 838 Roma?

373 875 441 932 Hoe
464 884 587 932 caverat
607 894 692 932 mens
713 876 841 951 provida
860 877 986 950 Reguli,

374 971 592 1028 Dissentientis
613 971 837 1028 conditionibus

418 1067 529 1123 Foedis
551 1075 583 1123 et
604 1068 743 1141 exemplo
764 1066 896 1123 trahenti

455 1163 629 1220 Perniciem
649 1162 775 1219 veniens
796 1163 827 1218 in
849 1180 977 1232 aevum,

380 1258 411 1316 Si
435 1277 495 1314 non
517 1259 632 1334 periret
652 1258 875 1314 immiserabilis

375 1352 505 1429 Captiva
525 1356 631 1429 pubes.
680 1354 796 1428 “Signa
817 1373 872 1428 ego
899 1355 1023 1410 Punicis

416 1451 517 1507 Affixa
539 1449 676 1506 delubris
698 1458 730 1506 et
749 1467 833 1506 arma

455 1543 607 1603 Militibus
628 1545 692 1601 sino
715 1545 822 1614 caede,
845 1544 937 1614 dixit,

375 1640 513 1715 Derepta
534 1640 611 1697 vidi:
633 1639 696 1696 vidi
719 1657 774 1713 ego
796 1639 907 1696 civium

376 1735 508 1791 Rotorta
527 1743 613 1808 tergo
634 1734 761 1792 brachia
781 1734 878 1791 libero

415 1830 586 1904 Portasqua
608 1849 668 1887 non
690 1831 809 1886 clausas
831 1838 863 1886 et
883 1849 956 1886 arva

456 1926 558 1984 Marte
580 1928 638 1984 coli
659 1927 806 2002 populata
827 1934 939 1982 nostro.

377 2021 464 2077 Auro
485 2039 633 2096 repensus
654 2021 771 2078 scilieet
792 2021 891 2078 aerior

376 2115 467 2172 Miles
488 2115 614 2173 redibit!
650 2116 782 2190 Flagitio
804 2116 916 2172 additis

417 2211 581 2268 Damnum:
605 2230 704 2284 neque
726 2212 850 2268 amissos
872 2212 987 2268 colores

458 2306 545 2362 Lana
565 2305 660 2363 refert
679 2307 830 2363 medioata
852 2305 934 2376 fuco,

376 2402 443 2458 Nec
464 2420 536 2457 vera
557 2401 670 2470 virtus,
692 2419 785 2474 quum
805 2403 899 2458 semel
921 2403 1040 2476 excidit,

379 2495 475 2555 Curat
495 2499 602 2571 reponi
625 2497 836 2554 deterioribus.

417 2593 450 2651 Si
471 2599 587 2666 pugnat
608 2592 758 2649 extricata
781 2591 882 2649 densis

458 2685 558 2746 Cerva
578 2687 691 2763 plagis,
714 2688 772 2744 erit
792 2688 843 2744 ille
866 2687 970 2758 fortis,

376 2781 438 2854 Qui
459 2783 582 2857 perfidis
605 2801 636 2839 se
659 2783 789 2839 eredidit
808 2782 966 2851 hostibus,

377 2876 419 2933 Et
438 2876 540 2933 Marte
562 2876 683 2932 Poenos
705 2883 841 2950 proteret
863 2877 975 2945 altero,

417 2971 478 3045 Qui
499 2973 565 3028 lora
586 2972 734 3029 restrictis
755 2972 878 3028 lacertis

456 3066 558 3125 Sensit
577 3067 659 3124 iners
680 3066 839 3139 timuitque
860 3074 996 3122 mortem.

375 3162 449 3232 Hie,
471 3163 551 3218 unde
573 3161 667 3219 vitam
688 3170 821 3218 sumeret
841 3161 968 3231 inscius,

375 3257 488 3313 Paeem
510 3256 612 3313 duello
629 3257 762 3313 miscuit.
806 3255 833 3314 Ο
856 3255 971 3331 pudor!

416 3351 443 3410 Ο
465 3369 574 3425 magna
596 3348 766 3425 Carthago,
788 3351 943 3425 probrosis

456 3447 558 3503 Altior
578 3447 688 3503 ltaliae
710 3446 806 3503 ruinis
819 3446 843 3501 !”

377 3541 488 3597 Fertur
508 3541 637 3615 pudicae
660 3539 797 3613 coniugis
818 3539 953 3596 osculum

374 3635 552 3707 Parvosque
574 3642 675 3706 natos,
697 3642 731 3691 ut
753 3634 862 3710 eapitis
884 3634 994 3699 minor,

416 3731 467 3787 Ab
491 3749 521 3786 se
544 3729 706 3786 removisse
730 3738 761 3786 et
781 3729 899 3786 virilem

459 3825 579 3882 Torvus
601 3826 684 3881 humi
705 3826 842 3900 posuisse
864 3825 995 3893 vultum,

377 3921 483 3977 Donec
505 3921 644 3978 labantes
666 3922 791 3978 consilio
813 3929 916 3995 patres

377 4017 526 4073 Firmaret
547 4024 653 4072 airetor
674 4034 828 4088 nunquam
850 4015 924 4071 alias
948 4015 1031 4084 dato,

418 4113 562 4184 Interque
584 4119 754 4168 moerentes
776 4112 886 4167 amieos

458 4206 606 4280 Egregius
628 4215 806 4281 properaret
828 4205 923 4261 exsul.
