2916 5220
228 294 288 356 104
631 293 946 358 OARMINUM

405 479 551 545 Obscura
574 500 743 564 promens:
767 480 844 546 hine
868 481 994 566 apicem
1017 503 1119 567 rapax

451 583 597 647 Fortuna
619 603 695 647 cum
719 582 857 648 stridore
881 588 977 648 acuto
1048 626 1054 637 ·

492 684 655 767 Sustulit,
680 684 734 749 hic
757 684 907 770 posuisse
929 687 1061 771 gaudet.

220 813 289 874 σι’ριισ
305 813 517 860 attanautdecas.
542 811 667 874 Diespiter
680 812 768 860 tonuit.
808 810 887 876 Ἠμὲν
907 812 1011 873 κυδῆναι
1030 815 1128 873 θνητὸν
1144 814 1240 879 βροτὸν
1257 814 1298 874 ἠδὲ
1316 835 1360 864 κα-

221 891 313 940 Omnia
333 896 496 939 tremuerunt.
530 891 626 954 Magna
646 897 683 940 est
702 891 769 940 Iovis
809 895 898 940 σῶσαι.

220 976 335 1032 potestas.
369 969 447 1018 Valet
467 970 519 1018 ima
540 971 640 1019 miscere
657 972 768 1019 summis.
842 970 896 1018 Ha
906 971 1021 1032 posuisse
1031 972 1131 1032 ραααιΐ.
1147 970 1218 1020 Idem
1231 972 1282 1021 fere
1293 974 1361 1035 quod

220 1049 317 1098 Promit
340 1048 457 1104 obseura,
483 1055 596 1097 attenuat
615 1050 690 1098 decus
711 1049 770 1098 insi-
806 1048 893 1107 ponit,
907 1060 1000 1107 ponere
1015 1049 1090 1096 solet:
1107 1049 1157 1097 vid.
1171 1049 1315 1099 Markland.
1329 1053 1361 1099 ad

219 1143 275 1190 gne.
313 1129 438 1185 Obscura,
460 1126 485 1174 id
501 1135 538 1176 est
554 1128 665 1176 homines
682 1127 769 1176 obscu-
810 1123 884 1173 Statii
901 1125 965 1175 Silv.
982 1141 1040 1190 pag.
1052 1127 1105 1174 193.
1139 1126 1171 1174 In
1186 1126 1310 1192 plerisque
1324 1136 1360 1178 ta-

218 1221 270 1264 ros,
289 1212 317 1254 ut
338 1205 501 1268 Euripideum
523 1208 555 1254 τὰ
576 1207 624 1269 μὲν
640 1207 768 1268 καθεῖλεν,
809 1217 867 1251 men
889 1204 1009 1267 exemplis
1029 1205 1083 1268 ipsa
1100 1205 1185 1268 gaudii
1201 1206 1360 1270 significatio,

218 1286 261 1333 ubi
286 1284 411 1334 Valcken.
437 1284 517 1332 Diatr.
542 1300 567 1347 p.
591 1285 645 1337 177.
669 1283 769 1333 volebat
809 1281 875 1344 quod
895 1296 928 1330 ex
950 1282 1015 1332 lacto
1035 1284 1145 1347 capitur,
1166 1298 1217 1332 uon
1239 1292 1276 1334 est
1296 1286 1359 1335 abii·

218 1365 264 1414 τὸυ
280 1365 340 1427 μὲν,
359 1361 465 1411 referens
482 1363 513 1410 ad
531 1369 682 1425 tyranuum,
699 1363 768 1411 euius
809 1360 908 1417 cienda,
933 1361 1012 1410 veluti
1042 1361 1082 1410 hic
1113 1363 1228 1412 Fortuna
1254 1368 1359 1427 ραυάσί,

218 1443 310 1490 montio
327 1442 492 1505 praecesserit.
526 1441 576 1490 Vel
593 1441 628 1489 sie
644 1447 727 1489 tumen
744 1448 769 1490 et
809 1445 892 1495 aurat,
918 1441 988 1488 taeta
1004 1446 1056 1497 est,
1077 1454 1135 1488 cum
1152 1442 1206 1490 ioco
1222 1443 1256 1491 ibi
1273 1450 1358 1493 sustu

218 1520 308 1571 Graeci
332 1527 357 1569 et
381 1521 490 1568 Romani
515 1527 621 1568 utuntur
642 1520 768 1568 adiectivis
809 1516 850 1574 lit,
867 1516 908 1565 hic
923 1518 1000 1580 ponit.
1035 1517 1087 1566 Pro
1109 1520 1148 1568 itm
1168 1521 1193 1568 in
1213 1535 1263 1570 uno
1279 1523 1359 1572 MSS.

216 1598 242 1646 in
260 1598 354 1662 plurali
370 1605 464 1646 neutro.
490 1597 593 1661 Deque
605 1598 701 1660 generis
714 1613 767 1647 mu·
808 1597 878 1654 ltine,
896 1596 980 1646 addita
996 1597 1080 1660 glossa
1095 1596 1122 1645 in
1138 1600 1251 1662 margine
1267 1602 1359 1663 αἱίραα.

216 1677 309 1726 tatione
329 1676 405 1724 multi
426 1676 554 1733 dixerunt,
577 1675 713 1726 Burmann.
736 1680 767 1726 ad
809 1674 882 1736 Quos
898 1677 930 1724 ad
946 1677 1093 1726 sententiam
1110 1683 1135 1725 et
1150 1678 1284 1742 imaginem
1297 1679 1359 1727 For-

216 1756 324 1804 Phnedr.
342 1757 363 1804 I.
381 1755 430 1803 fab.
447 1756 470 1803 8.
488 1761 513 1803 et
529 1756 658 1817 praecipue
675 1756 765 1806 Waar-
808 1759 884 1804 tunae
900 1756 1000 1814 attinet,
1020 1757 1107 1805 eadem
1123 1763 1160 1805 est
1176 1757 1203 1804 in
1219 1757 1360 1807 Plutarcho

216 1834 288 1882 denb.
310 1835 335 1882 in
357 1832 489 1897 Opusculis
510 1849 568 1896 pag.
589 1835 645 1882 239.
680 1838 767 1886 Deoua
808 1833 839 1882 de
861 1834 966 1883 Fortun.
989 1835 1062 1885 Rom.
1085 1837 1108 1884 4.
1143 1834 1173 1882 Ἡ
1191 1836 1261 1900 Τύχη
1278 1855 1359 1886 κασα-

216 1913 252 1960 ita
272 1913 379 1976 positum
400 1919 437 1961 est
456 1914 488 1961 ab
505 1919 604 1961 auctore
621 1912 713 1962 Culicis
730 1930 766 1963 vs.
808 1913 919 1962 λιποῦσα
940 1912 1040 1978 Πέρσας
1061 1916 1102 1963 καὶ
1119 1912 1281 1978 Ἀσσυρίους,
1298 1920 1358 1965 Μα-

216 1993 272 2041 340.
294 2008 364 2041 omne
378 1994 519 2055 propinquo
546 1995 689 2056 Franqitur
705 1996 767 2044 iani-
807 1990 924 2041 κεδαυίαν
939 1994 986 2056 μὲν
1002 1992 1097 2056 ἐλαφρὰ
1115 1990 1215 2053 διέπτη,
1232 1994 1274 2040 καὶ
1292 1992 1357 2042 ἀπε-

215 2073 274 2119 diue
291 2074 338 2120 telo
354 2074 435 2121 acus.
469 2071 529 2134 Ipsa
544 2072 667 2120 sententia
683 2072 713 2121 de
726 2088 767 2136 po-
809 2069 910 2118 σείσατο
928 2068 1106 2134 Ἀλέξανδρον,
1123 2070 1166 2118 καὶ
1183 2069 1213 2119 δι’
1226 2070 1359 2135 Αἰγύπτου

216 2155 303 2198 testate
333 2149 418 2198 ιίἰνὶυα
443 2155 480 2197 est
504 2150 684 2213 antiquissima.
726 2151 768 2199 In·
808 2149 850 2196 καὶ
867 2148 958 2214 Συρίας
975 2147 1140 2214 περιφέρουσα
1153 2149 1286 2211 βασιλείας
1298 2149 1356 2198 διώ-

157 2217 161 2221 ’
214 2233 346 2291 terpretes,
375 2228 417 2291 qui
441 2229 546 2277 laudant
574 2229 711 2278 Hesiodum
744 2236 768 2278 et
808 2226 877 2275 δευσε
895 2244 918 2275 ιι.
936 2227 960 2275 λ.
979 2226 1058 2286 οὕτως
1075 2227 1192 2288 εἰσῆλθεν
1209 2226 1357 2292 εἰςῬώμηυ

214 2321 244 2355 eo
274 2308 430 2369 posteriores,
463 2307 534 2356 obliti
572 2315 631 2358 suut
664 2308 768 2357 Homeri
809 2305 979 2369 depraessa.
1000 2305 1053 2355 Pro
1070 2308 1251 2369 imposuisse,
1268 2307 1357 2355 inuno

215 2385 341 2450 Odysseae
371 2391 404 2435 Π.
428 2386 486 2435 211.
512 2385 609 2450 ῥηΐδιον
634 2387 658 2436 δὲ
687 2389 768 2437 θεοῖσι
808 2382 925 2432 Leidesssi
942 2385 1008 2433 hinc·

704 2547 870 2573 ⁸⁴⁰—-

570 2672 816 2738 OARMEN
863 2672 1006 2736 XXXV.

394 2810 428 2889 Ο
453 2824 554 2905 Diva,
578 2829 710 2908 gratum
734 2845 816 2909 quac
839 2823 925 2908 regis
949 2822 1108 2904 Antium,

393 2926 551 2991 Praesens
575 2926 627 2992 vel
651 2927 717 2992 imo
741 2926 855 2992 tollere
878 2926 918 2991 de
939 2926 1044 3011 gradu

437 3029 576 3095 Mortale
600 3051 732 3116 corpus,
757 3031 809 3096 vel
833 3031 989 3116 superbos

482 3134 615 3199 Vertere
638 3133 807 3199 funeribus
832 3133 1033 3218 triumphos:

342 3297 495 3347 CARMEN
512 3298 627 3348 XXXV·
801 3268 906 3317 luntatis
928 3269 1048 3316 ministra.
1087 3266 1159 3328 Quod
1182 3269 1251 3316 Deus
1272 3267 1355 3318 farere

802 3348 893 3396 dicitur
909 3347 934 3394 in
952 3346 1108 3407 universum,
1131 3346 1178 3394 hoc
1198 3347 1312 3396 Fortuna
1328 3348 1354 3395 in

250 3392 288 3480 0
311 3430 391 3487 Diva,
413 3434 523 3492 ριαιυυι.
559 3427 644 3476 Possit
670 3425 759 3488 aliquis
802 3427 906 3489 singulis
922 3425 1066 3474 homiuibus
1083 3424 1233 3489 exsequitur.

212 3504 344 3567 suspicari,
365 3506 411 3554 hoc
427 3519 527 3554 carmen
538 3520 588 3553 non
600 3517 760 3554 essenorum
835 3506 950 3554 Mortale
969 3519 1067 3567 corpus.
1108 3503 1261 3553 Meinekius:
1283 3505 1352 3554 “Me

210 3584 253 3630 sed
282 3598 340 3632 cum
370 3583 524 3633 antecedenti
552 3584 758 3646 coniungendam.
802 3583 863 3632 mini
879 3599 938 3633 cum
954 3583 1133 3632 Lachmunuus
1149 3598 1241 3634 sursus
1252 3583 1353 3648 sibipro

211 3661 319 3711 Librarii
340 3675 433 3710 novum
455 3661 544 3721 fecere,
565 3663 625 3725 quia
645 3661 707 3709 bene
723 3661 760 3708 in·
800 3678 891 3725 corpas
908 3662 1065 3711 scribendum
1081 3662 1160 3710 videri
1176 3662 1239 3712 mihi
1253 3662 1352 3712 diceret.

210 3739 650 3803 cipipoteratabinvoeationeDivae.
663 3738 760 3787 ItaHo-
801 3741 855 3791 Nee
880 3758 940 3791 sano
962 3741 1116 3804 intellegitur
1138 3755 1187 3804 quo
1207 3748 1281 3804 pacto
1297 3744 1353 3806 quis

209 3819 287 3867 ratius
299 3817 370 3867 alibi:
383 3819 663 3876 Marcum—aurum.
686 3818 760 3876 Dine,
802 3835 890 3884 corpus
916 3827 981 3870 recte
1006 3821 1070 3868 tueri
1094 3821 1194 3883 possit.''
1228 3820 1352 3883 Interpre-

209 3913 280 3959 quem
294 3901 389 3960 proles,
407 3896 463 3945 alia.
490 3897 530 3946 Ea
540 3897 647 3959 suspicio
659 3895 760 3944 fortasse
803 3905 901 3957 tantur,
922 3906 951 3948 ut
971 3906 1058 3948 notum
1079 3905 1130 3958 est,
1150 3901 1296 3958 mortalem,
1323 3907 1352 3948 ut

209 3975 370 4024 confirmatur
391 3975 470 4025 titulis
487 3976 651 4026 antecedentis
668 3977 758 4024 carmi·
802 3978 927 4027 Graecum
945 3978 1027 4044 δέμας,
1045 3979 1155 4027 maxime
1172 3977 1286 4040 Tragicis
1304 3977 1351 4028 fre·

208 4054 254 4103 nis.
289 4058 372 4105 Adae
389 4058 479 4118 ipsam.
515 4058 556 4104 De
579 4057 629 4104 Dei
645 4057 759 4118 potentia
801 4064 956 4120 qucntatum.
980 4058 1022 4106 Ita
1038 4064 1063 4107 et
1079 4056 1296 4106 Mitscherlichius.
1323 4057 1352 4107 Si

207 4139 232 4180 et
243 4133 373 4197 fortunae.
407 4135 474 4183 Nam
495 4134 520 4180 in
541 4135 585 4183 illo
601 4137 711 4184 carmine
728 4136 758 4184 de
800 4136 879 4185 simile
904 4137 1047 4200 exemplum
1068 4152 1099 4186 ex
1116 4137 1189 4199 po'eta
1205 4136 1300 4198 tragico
1316 4136 1352 4184 uf-

201 4210 313 4271 fortnnu.
332 4213 383 4260 duo
403 4219 501 4261 tanturn
522 4227 609 4262 versus
630 4214 756 4277 leguntur.
800 4213 917 4272 ferretur,
939 4222 1053 4264 tacerem.
1091 4215 1177 4274 Nunc,
1199 4215 1351 4274 admonitus,

207 4287 242 4334 Et
258 4287 327 4336 Deus
344 4289 386 4338 ille
403 4291 482 4338 utitur
498 4292 622 4354 Fortuna,
640 4308 698 4342 suae
715 4309 755 4342 vo·
800 4298 941 4356 suspectum
974 4293 1052 4342 habeo
1089 4309 1187 4355 corpus.
1229 4293 1351 4343 Horatius
