2916 5220
634 312 951 377 (inutilitati

453 507 581 582 ¹<urceos
606 511 634 564 et
658 499 796 565 (adscribi
817 503 928 584 quietis

502 603 672 670 tlrde'uibus
688 607 805 689 patiar
828 605 977 667 Deorum.

411 713 495 774 llum
519 709 627 795 loaqus
650 712 731 772 iuter
753 710 872 771 saeviat
897 706 978 770 Iliou

410 816 602 897 Romamque
619 819 756 896 paulus,
781 808 914 894 qualibet
936 808 1058 872 casulas

452 920 494 980 Iu
511 925 611 1000 parte
633 922 783 1000 requamo
806 911 904 976 beati:

497 1024 585 1085 Dum
609 1021 739 1084 Priami
760 1017 954 1102 Paridisque
976 1016 1062 1080 bristo

408 1124 543 1190 Iasultet
563 1131 738 1188 armeulum
763 1130 793 1184 et
812 1119 930 1184 catulos
937 1119 1038 1204 serae

228 1312 302 1360 mine.
345 1312 439 1375 Supra:
475 1314 613 1372 Purpureo
640 1311 706 1357 bibet
736 1323 778 1357 ore
818 1305 953 1353 historiam.
988 1304 1105 1352 Priamus
1122 1319 1171 1353 non
1196 1305 1285 1353 habuit
1312 1307 1370 1354 bus·

226 1396 323 1440 nectar.
819 1391 880 1432 tum.
916 1384 1009 1447 Virgil.
1031 1385 1067 1433 II.
1088 1385 1154 1432 Aen.
1172 1385 1229 1436 557.
1246 1387 1315 1435 iacet
1332 1389 1369 1433 iu-

263 1469 362 1526 Quietis
382 1470 518 1517 ordinibus.
552 1469 594 1516 Ex
615 1466 708 1527 virgil.
727 1466 775 1515 IV.
817 1477 876 1526 qous
896 1465 969 1512 litore
990 1469 1107 1522 truncus,
1136 1463 1303 1527 Arabumque
1325 1468 1370 1513 liu·

227 1546 292 1594 rien.
321 1548 377 1598 379.
417 1548 518 1596 Scilicet
542 1550 566 1595 is
588 1549 686 1607 superis
707 1547 778 1593 labor
819 1545 894 1590 irruit
910 1549 1000 1604 caput,
1025 1549 1049 1592 et
1073 1545 1126 1591 siue
1150 1544 1248 1592 uomiru
1266 1559 1369 1607 corpus.

226 1631 274 1673 eet:
292 1642 322 1674 ea
338 1641 402 1675 cura
418 1628 513 1688 quietos
535 1627 673 1675 Sollicitat.
710 1624 777 1672 Huic
818 1621 876 1669 Vid.
898 1621 981 1685 Heyn.
998 1623 1085 1671 Debio
1101 1623 1132 1670 ad
1150 1622 1258 1672 Senecae
1274 1623 1371 1673 Troad.

228 1703 335 1766 epitheto
352 1704 392 1752 hic
414 1718 463 1752 non
484 1711 537 1751 crat
557 1704 638 1763 locus,
659 1703 698 1751 vel
719 1717 776 1765 pro·
818 1715 854 1749 vs.
880 1703 920 1749 55.
945 1703 989 1749 ille
1014 1707 1051 1750 tot
1075 1717 1160 1764 requm
1175 1716 1269 1762 parerer
1289 1702 1371 1753 Caret

229 1789 284 1844 pter
304 1785 438 1831 seditiones
462 1784 586 1843 Deorum,
611 1782 696 1845 paullo
721 1789 777 1830 ante
818 1782 929 1840 sepulcro
955 1782 1093 1836 Priamus,
1121 1781 1260 1829 annotavit:
1284 1781 1368 1830 “Pro-
1436 1844 1439 1849 Ι

228 1869 383 1911 memoratas.
422 1863 457 1911 Et
484 1870 521 1911 est
545 1862 637 1924 aliquid
665 1862 777 1925 satyrici,
818 1857 902 1920 prium
919 1859 1061 1920 sepulcrum
1078 1858 1195 1907 Priamus
1206 1873 1255 1908 non
1265 1859 1369 1916 habuit,

228 1940 248 1987 si
273 1942 308 1988 ita
325 1941 452 1990 imitamur
468 1941 671 1989 consuetudinem
688 1947 713 1989 et
729 1939 777 1988 for·
819 1937 860 1984 sed
878 1945 982 1985 truncus
1000 1939 1064 1996 eius,
1085 1952 1142 1986 curn
1164 1937 1321 2000 aliquamdiu
1343 1939 1369 1987 in

227 2020 308 2068 mulus
332 2023 397 2069 vitae
422 2022 556 2070 Romanae,
590 2021 704 2069 Pertinet
728 2020 777 2068 fere
818 2015 890 2063 litore
907 2016 1016 2064 abiectus
1033 2016 1135 2074 fuisset,
1157 2017 1257 2064 tandem
1273 2017 1370 2066 Hecto·

227 2100 258 2146 ad
281 2100 348 2148 Deos
370 2100 519 2158 irridendos,
538 2109 566 2148 nu
589 2099 666 2147 feeere
684 2099 778 2148 senece
819 2094 851 2140 ris
869 2095 982 2156 sepulcro
998 2095 1106 2143 illatus.''
1140 2096 1212 2157 Quod
1224 2097 1307 2145 nescio
1318 2112 1370 2160 qua

226 2179 252 2225 in
284 2178 525 2240 Apoooloounthosi,
553 2187 578 2228 et
607 2179 721 2226 Iulianus
750 2178 776 2226 in
819 2172 964 2220 auctoritate
996 2173 1091 2221 dictum
1120 2176 1163 2232 sit,
1192 2173 1240 2222 nisi
1264 2173 1370 2225 fortasse

227 2256 383 2306 Caesaribus.
416 2257 557 2320 Appuleius
568 2258 616 2307 VI.
635 2258 736 2307 Metam.
751 2274 775 2320 p.
817 2253 893 2314 ipsius
912 2252 1024 2301 Senecae.
1051 2253 1085 2301 Et
1102 2253 1206 2303 Ovidius
1224 2254 1301 2303 XIII.
1314 2257 1368 2304 Me·

228 2337 285 2384 425.
302 2335 360 2384 facit
376 2336 474 2394 Iovem,
491 2352 536 2400 pro
552 2338 609 2386 sede
626 2338 726 2386 sublimi
740 2352 775 2385 se·
819 2338 876 2379 tam.
903 2333 958 2380 423.
981 2331 1024 2379 ubi
1045 2331 1130 2379 classis
1151 2332 1247 2382 Graeca
1264 2333 1368 2382 Troiam

227 2416 342 2472 dentem,
371 2416 406 2463 sic
431 2419 619 2466 enuntiantem:
647 2420 697 2466 Dee·
722 2432 776 2465 coa·
819 2409 950 2472 relinquit,
968 2412 994 2458 iu
1012 2412 1101 2459 mediis
1122 2412 1225 2459 Hecube
1246 2418 1368 2462 uotorum

227 2495 329 2555 scripti,
353 2495 395 2542 ubi
412 2493 526 2544 Oudend,
544 2496 611 2544 hunc
623 2496 706 2543 locum
719 2509 776 2542 cum
817 2489 1059 2550 iuuentaseoulcrio.
1087 2488 1154 2537 Tum
1165 2490 1211 2537 illa
1222 2488 1368 2540 ferisecum

228 2573 389 2635 Appuleiano
405 2581 539 2636 comparat,
818 2568 913 2615 cineres
934 2570 1077 2617 Hecto-eoa
1109 2568 1180 2617 Nihil
1202 2569 1232 2617 de
1254 2569 1367 2620 Priamo.

261 2655 332 2699 Dum
343 2653 430 2713 loroque
438 2655 505 2701 iuter
515 2655 611 2701 saeviat
621 2655 640 2700 I
640 2655 697 2700 lica,
706 2652 776 2700 Haec
818 2645 948 2694 Ausonius
957 2646 983 2695 in
991 2648 1108 2711 Epitaph.
1115 2649 1218 2697 XXIII.
1228 2655 1254 2697 et
1262 2650 1368 2700 XXIV.

226 2731 358 2787 sententia,
380 2731 399 2777 si
421 2733 532 2779 animum
553 2732 722 2787 attendamus,
740 2732 775 2778 ni·
817 2725 875 2773 fauit
903 2726 1034 2774 Priamum
1062 2727 1197 2784 dicentem,
1226 2742 1263 2785 ὅθ,
1288 2744 1369 2791 quum

227 2806 264 2854 hil
290 2815 334 2856 est.
369 2809 435 2856 Nam
456 2816 546 2873 pontus
577 2811 671 2859 saevire
696 2817 776 2873 potest
817 2806 927 2854 lacerum
952 2806 1004 2854 sine
1030 2807 1130 2855 nomine
1152 2807 1228 2854 funus
1251 2807 1369 2868 haberet,

227 2886 292 2933 inter
308 2886 415 2935 Romam
433 2895 457 2935 et
475 2889 565 2946 ilium,
581 2895 605 2937 et
617 2890 703 2937 saeviit
714 2904 775 2938 sem·
816 2887 953 2949 coufuqisse
969 2889 1004 2935 ad
1018 2887 1112 2935 maeres
1123 2889 1267 2936 Hectoreos.
1293 2888 1370 2950 Quod

227 2979 281 3025 pier,
299 2979 366 3013 nunc
382 2981 491 3030 quoque:
513 2968 555 3016 sed
572 2968 618 3015 hoe
634 2983 683 3016 non
701 2969 776 3033 impe.
818 2964 848 3013 de
869 2965 952 3013 anima
973 2966 1068 3014 Priami
1087 2966 1206 3029 insepulti
1226 2967 1369 3031 intelligen-

227 3045 322 3103 diebat,
350 3047 481 3107 quominus
511 3049 629 3107 Romani,
654 3048 715 3097 urbe
740 3064 775 3112 re3
818 3045 878 3092 dum
895 3053 962 3108 puto.
997 3047 1134 3094 Pausanias
1150 3047 1176 3094 in
1194 3047 1307 3095 Phoeieis
1325 3048 1369 3096 lib

226 3123 298 3183 licta,
310 3125 392 3173 sedem
402 3139 486 3173 rerum
497 3125 685 3173 suarumllium
694 3132 774 3174 trans·
818 3124 853 3172 X.
879 3132 993 3173 accurate
1013 3126 1130 3173 describit
1149 3124 1272 3188 picturam
1290 3125 1369 3189 Poly-

225 3203 324 3251 ferrent.
350 3203 432 3253 Credo
446 3204 531 3252 locum
542 3205 577 3251 ita
587 3205 775 3266 explicandum:
819 3204 901 3264 gnoti,
926 3204 1040 3266 ponentis
1065 3203 1190 3252 excidium
1215 3204 1318 3262 Troiae,
1343 3214 1370 3254 et

227 3281 355 3342 Quamdiu
376 3297 465 3346 nempe
481 3291 571 3346 pontus
584 3284 652 3332 inter
669 3284 776 3332 Romam
819 3280 927 3330 Graecos
944 3284 1046 3331 classem
1064 3284 1095 3330 ad
1112 3283 1218 3332 reditum
1234 3284 1368 3334 solventes.

226 3368 251 3409 et
273 3362 349 3409 Ilium
372 3363 475 3420 saeviet,
500 3363 596 3410 tamdiu
621 3363 719 3413 exsules
740 3380 776 3413 re·
818 3359 848 3407 In
871 3375 923 3423 cap.
941 3363 1059 3411 XXVII.
1078 3363 1195 3411 Priamus
1212 3364 1274 3412 iacet
1289 3365 1368 3413 inter·

229 3447 329 3501 guanto.
357 3441 484 3503 VirgilI.
502 3444 566 3491 Aen.
579 3443 635 3494 607.
662 3444 777 3505 Infrete
817 3437 895 3488 fectus
912 3442 984 3489 iuxta
1000 3441 1140 3490 Coroebum
1157 3442 1261 3491 etalios.
1286 3443 1369 3493 Hodie

228 3521 288 3566 dium
303 3520 382 3580 fluvii
402 3526 512 3571 currerit.
547 3520 620 3570 Ovid.
642 3522 663 3570 1.
686 3524 775 3572 Amor.
818 3533 917 3581 quoque
941 3520 967 3566 in
993 3535 1054 3582 agro
1075 3520 1184 3568 Troiano
1201 3522 1272 3569 vatia
1287 3529 1368 3570 osten·

230 3598 267 3644 15.
306 3600 377 3646 Vivet
402 3599 550 3646 Maeonides
579 3602 687 3648 Tenedos
715 3604 775 3649 dura
818 3598 911 3646 duntur
924 3599 1047 3660 sepulcra,
1059 3599 1089 3647 tle
1100 3614 1149 3661 qua
1160 3614 1187 3647 re
1197 3599 1247 3647 vid.
1259 3599 1368 3651 cheval-

226 3677 306 3723 stabit
330 3683 354 3724 et
378 3677 438 3734 Ide,
466 3678 536 3724 Dum
557 3681 664 3740 rapidus
685 3680 777 3729 Siricis
817 3676 900 3724 lierius
922 3677 947 3725 in
968 3677 1056 3727 itinere
1077 3679 1309 3735 Troieo‚V0l.11.
1329 3682 1367 3731 14.

226 3757 255 3802 lu
272 3771 341 3803 mure
356 3756 436 3803 solvet
457 3770 544 3816 aquas.
577 3756 671 3804 Lucan.
693 3757 715 3805 Ι.
736 3758 776 3807 89.
818 3768 871 3817 cap.
890 3756 927 3803 ll.
962 3757 1002 3805 De
1027 3756 1139 3818 sepulcro
1166 3757 1262 3804 Priami
1286 3758 1368 3807 altum

229 3836 299 3882 Dum
324 3840 395 3882 terra
409 3833 511 3896 fretum
528 3839 670 3897 terramque
687 3838 777 3886 levabit
818 3833 953 3882 silentium.
986 3833 1063 3883 DIcat
1079 3834 1167 3898 aliquis
1184 3836 1210 3883 in
1226 3837 1300 3898 poeta
1315 3851 1368 3886 non

228 3913 279 3960 uir.
304 3913 398 3962 Seneca
406 3911 492 3975 Oedip.
502 3913 557 3961 505.
583 3915 697 3962 Oceanus
710 3917 777 3963 clau·
817 3912 908 3974 requiri
924 3914 998 3962 fidem
1016 3914 1164 3962 historicam.
1190 3913 1368 3974 Consederem

226 4007 282 4040 ,eum
299 3996 358 4042 dum
369 3993 496 4055 fluetibus
512 3996 604 4043 epictet
620 3997 709 4044 urbem,
729 3996 777 4045 sed
817 3993 865 4040 nisi
878 4000 942 4041 esset
953 3993 979 4040 in
992 3993 1102 4052 Priamo.
1120 3994 1206 4056 Atque
1219 3994 1266 4043 hoc
1274 3996 1368 4057 ipsum,

226 4073 262 4119 ita
274 4072 379 4120 scribere
388 4072 473 4120 debuit
482 4072 665 4122 Grammaticus
677 4077 776 4123 samuel.
817 4072 883 4133 quod
896 4087 941 4120 rex
953 4072 1035 4120 caruit
1047 4074 1173 4136 sepulcro,
1187 4087 1262 4134 quam
1275 4074 1368 4122 bonam

227 4151 284 4199 Non
309 4152 390 4214 potuit
415 4158 514 4214 propter
538 4167 641 4215 sequens
664 4155 775 4202 insultet.
817 4150 950 4213 praebebat
977 4151 1129 4200 occasionem
1154 4150 1270 4214 imaginis
1291 4152 1368 4214 longe

227 4229 266 4276 Ibi
287 4237 393 4279 matrum
416 4244 465 4277 non
482 4230 576 4278 ferebat
592 4233 735 4279 insultabit.
817 4230 947 4278 acerbioris
964 4229 1114 4292 pingendae!

260 4310 364 4357 Priami
393 4309 547 4369 Paridisque
568 4310 647 4356 busto.
682 4307 776 4357 Contra
853 4310 958 4359 Catulos
968 4309 1045 4371 serae
1071 4309 1159 4358 Celent
1174 4309 1279 4357 inultae.
1297 4309 1368 4358 Male
