2916 5220
645 287 960 353 CARMINUM

415 474 511 560 Afris·
543 473 643 539 inulto
665 483 801 539 cesserat
824 478 975 559 impotens

466 578 604 661 Tellure,
628 582 777 643 uictorum
799 587 925 662 nepotes

505 681 626 746 Retulit
649 680 785 766 insertos
808 680 987 767 Iepurtlree.

419 785 499 865 Quis
523 807 589 850 non
614 784 732 850 Latino
757 783 918 868 sanguine
940 782 1094 868 pinguior

417 887 560 972 Campus
585 887 742 972 sepulcris
767 886 870 971 impia
891 886 1016 971 proelia

461 991 611 1056 Testatur
633 989 847 1073 auditumque
872 988 977 1054 Medis

507 1093 683 1177 Hesperiae
707 1091 853 1157 sonitum
877 1091 1010 1156 ruinae?

419 1197 482 1277 Qui
504 1218 643 1281 gurges,
668 1200 727 1260 aut
749 1216 831 1279 quae
854 1193 994 1259 fiumina
1017 1194 1165 1279 lugubris

418 1301 536 1385 Ignara
559 1298 658 1364 belli?
682 1296 769 1383 quod
792 1319 880 1362 mare
905 1297 1053 1362 Dauniae

463 1404 538 1469 Non
561 1403 784 1468 decoloravere
808 1402 944 1467 caedes?

506 1507 597 1587 Quae
621 1512 709 1572 caret
732 1527 788 1570 ora
811 1526 922 1571 cruore
946 1508 1079 1571 nostro?

415 1611 479 1677 Sed
502 1633 544 1676 ne
566 1609 706 1691 reiietis,
731 1608 829 1673 Musa
850 1630 987 1693 procax,
1013 1609 1092 1675 iocis

421 1713 504 1778 Oeae
527 1717 681 1777 retractes
705 1733 841 1775 munera
865 1711 1015 1793 naeniae,

236 1849 261 1892 et
281 1845 360 1892 Poeni
377 1849 430 1890 tum
440 1844 499 1891 dira
509 1842 612 1905 piaculo
623 1854 714 1889 neenec.
733 1837 785 1887 Ubi
828 1854 871 1896 ra,
887 1839 994 1887 Bentlei.
1012 1840 1120 1902 explicat
1137 1840 1282 1903 vulgatum:
1301 1843 1379 1890 “Noli

236 1921 370 1984 legendum
395 1923 492 1984 Tyriae
514 1918 685 1982 Carthepinir.
719 1919 786 1967 Nam
826 1918 949 1980 suscipere
974 1932 1066 1966 munus
1091 1919 1186 1968 viribus
1210 1920 1259 1968 tuis
1287 1921 1378 1985 impar,

238 2003 322 2049 statim
339 2003 398 2050 diro
414 2001 540 2063 repetitur.
566 1998 607 2048 De
622 1998 716 2047 inferiis
730 1997 785 2044 istis
827 1996 893 2058 quod
910 1995 1019 2058 graviori
1035 1997 1125 2046 Musae
1141 1998 1222 2061 magis
1234 1998 1376 2047 eonvenit.''

237 2081 320 2130 multa
336 2080 464 2129 annotavit
481 2079 582 2130 Curtius
600 2078 631 2126 ad
641 2079 738 2127 Lucan.
749 2074 785 2124 11.
828 2075 878 2125 Sed
895 2075 1025 2134 Horatius,
1043 2079 1175 2141 suscipiens
1186 2094 1278 2128 munus
1292 2080 1375 2130 Simo-

239 2161 291 2212 175.
310 2160 400 2224 quibus
422 2158 485 2207 addc
509 2156 635 2207 Iustinum
660 2155 736 2205 XIII.
762 2156 785 2203 3.
827 2155 902 2214 nidis,
919 2155 1378 2216 illudtroetot,nonretroetot,nisi

236 2241 363 2288 Edituros
385 2238 509 2301 cereptum
535 2236 646 2284 localibus
662 2235 716 2283 aab
732 2248 785 2296 spe·
827 2232 878 2282 iam
900 2240 974 2282 antea
994 2235 1156 2284 nactavisset.
1182 2237 1216 2285 Et
1237 2237 1296 2299 quid
1318 2246 1379 2285 sunt

235 2320 376 2375 eteoclem,
393 2323 423 2365 ut
440 2331 545 2380 uanam
563 2316 642 2362 armti
658 2313 785 2361 varnedo
828 2329 933 2362 niunera
960 2313 1086 2362 naeniae?
1118 2313 1241 2362 Nouimus
1269 2330 1378 2365 munera

235 2399 318 2452 leant,
347 2411 432 2445 eorum
461 2395 556 2443 niutau
584 2393 701 2442 coedibus
723 2405 784 2453 peu·
827 2391 942 2450 Homeri,
968 2405 1073 2440 munera
1096 2391 1238 2441 Simonidis.
1272 2393 1378 2444 Homeri

235 2478 326 2536 munt,
344 2479 574 2537 purentoturorque
598 2472 719 2533 sanquine
740 2484 786 2518 ouo
825 2462 996 2528 eret,'eanere
1016 2470 1144 2519 heroicum
1164 2485 1279 2532 carmen,
1297 2474 1377 2523 Simo·

237 2556 353 2602 inanibus
374 2553 481 2601 bostium
501 2568 518 2599 u
540 2566 566 2600 ee
586 2550 784 2612 interfectorum.
827 2547 904 2606 nidis,
920 2549 1029 2598 naenias.
1058 2549 1114 2597 Iam
1131 2550 1221 2613 aliquis
1242 2559 1309 2602 recte
1324 2567 1377 2602 sus-

237 2632 287 2681 Sed
304 2638 397 2695 quanto
413 2631 501 2679 melius
518 2630 634 2678 Lucanus
651 2633 676 2676 et
692 2625 736 2674 elii
749 2625 784 2672 in·
827 2627 886 2690 cipit
897 2643 1003 2677 munera
1014 2628 1131 2689 Homeri,
1143 2643 1193 2677 nou
1205 2644 1311 2680 munera
1321 2648 1376 2681 oer-

237 2710 309 2757 ferias
326 2710 438 2759 tulerunt
464 2710 568 2765 Poene,
593 2719 699 2769 quorum
725 2704 785 2752 urbe
827 2709 902 2756 minoe
921 2709 1056 2757 Homerici.
1084 2708 1139 2756 Nisi
1155 2715 1180 2757 et
1196 2710 1279 2772 potius
1295 2710 1376 2761 dieen-

236 2796 291 2852 post
308 2788 357 2835 tria
374 2786 521 2849 gravissima
536 2786 604 2834 bella
617 2783 727 2831 frmditus
738 2782 786 2830 ibit
826 2785 887 2833 dum
908 2792 973 2834 esset
994 2801 1093 2836 aranee.
1124 2787 1165 2836 Ita
1190 2789 1256 2851 apud
1283 2789 1377 2839 Silium

236 2865 330 2922 deleta,
355 2879 432 2927 quam
458 2865 614 2926 Iupnrtbee,
641 2862 681 2911 cui
706 2861 785 2910 bonus
827 2864 903 2916 xlv,
921 2865 938 2913 3
954 2864 986 2912 ad
1003 2866 1101 2914 Musas:
1119 2866 1378 2916 Munerirbieoestri

236 2947 309 3008 putta
325 2950 423 2992 tantum
440 2944 558 2992 honorem
580 2955 630 2989 nou
651 2939 785 2989 tribueret?
827 2945 897 2993 letor
918 2949 964 2992 eet.
997 2943 1123 3005 Quoniam
1144 2944 1221 3007 igitur
1241 2945 1302 2993 huie
1321 2945 1377 2994 loco

236 3023 346 3072 Videtur
363 3021 723 3082 hienomenIapartbeetum
735 3032 784 3066 me·
826 3036 876 3071 uon
904 3023 1053 3071 conveniant
1077 3023 1138 3072 haee
1163 3040 1269 3073 urowa
1293 3031 1376 3074 retra·

236 3103 269 3150 tri
285 3115 373 3150 caussa
388 3116 441 3150 esse
457 3100 581 3164 positum,
603 3114 680 3161 quam
696 3099 786 3147 retulit
825 3107 911 3158 cteta,
928 3100 1042 3163 legumus
1058 3117 1136 3164 parva
1152 3103 1301 3152 mutatione:
1326 3104 1377 3153 Cei

235 3181 349 3240 inferias,
364 3195 410 3245 pro
424 3181 515 3230 usitato
530 3181 592 3230 tulit
607 3178 646 3228 vel
664 3177 785 3228 arrisitvel
827 3186 951 3231 retracter
978 3182 1085 3229 onlnem
1113 3180 1212 3230 mmet.
1262 3184 1378 3232 Vulnere

235 3264 312 3312 dedit.
827 3257 934 3308 Ghebot.
952 3258 978 3305 in
996 3257 1073 3308 MSS.
1090 3259 1191 3308 invenit.
1210 3259 1260 3310 Sed
1276 3275 1326 3309 nou
1339 3261 1376 3309 in·

272 3340 394 3402 Quisquis
405 3340 515 3388 amicior.
541 3338 623 3387 Iones.
640 3337 702 3387 Ver.
715 3338 784 3386 Leet.

234 3420 358 3482 quidquid
374 3419 476 3467 notans.
508 3417 585 3465 Forte
605 3422 691 3465 auctor
707 3416 783 3478 serip-

234 3504 301 3545 serat
317 3498 440 3560 quidqu-id
447 3498 562 3546 orricius.
581 3496 618 3545 Ut
627 3496 662 3544 V.
672 3496 752 3559 Epod.
763 3496 783 3543 l.

236 3576 349 3623 Deorum
366 3576 490 3636 quidquid
505 3576 533 3622 in
549 3576 613 3624 coelo
629 3577 702 3637 repit.

269 3654 478 3701 Inuitaceeerrot
487 3654 617 3714 impotem.
634 3652 691 3703 MS.
701 3652 785 3701 Vossii

235 3732 318 3779 truita
337 3733 448 3779 cesserit.
486 3729 582 3792 Gogav.
604 3730 742 3781 Praeterm.
759 3747 784 3794 p.

235 3809 275 3859 27.
293 3807 403 3871 legebat:
420 3809 506 3857 inulte
521 3811 591 3858 band
603 3817 718 3859 cesenat.

272 3890 345 3948 ane
361 3896 432 3938 caret
448 3905 493 3938 oro
509 3905 599 3940 orum
614 3896 706 3940 nosne.
734 3889 784 3938 He·

236 3967 353 4031 gesippus
370 3969 401 4016 de
417 3969 505 4017 Excid.
523 3969 621 4018 Hieros.
637 3969 672 4018 11.
690 3984 713 4032 p.
725 3969 783 4016 248.

237 4049 783 4111 Neeerltollurepionoetrieopereernmte.

270 4126 335 4176 oeae
346 4133 468 4176 retractos
482 4143 589 4176 manaa
598 4131 709 4177 nuenton.
726 4127 782 4189 Ego

235 4206 294 4267 quid
312 4206 345 4253 sit
361 4212 503 4254 retrectare
520 4221 624 4254 renuero
643 4201 708 4255 Ceae
726 4220 780 4254 nue-

236 4284 305 4344 niue‚
322 4297 372 4331 non
388 4281 507 4344 intelligo.
535 4281 621 4332 Heius.
634 4284 695 4346 legit
706 4284 783 4345 ‚frene
804 4338 806 4359 Ι

827 3336 928 3385 venerit.
950 3337 1017 3386 Nam
1034 3339 1164 3387 Bentleius
1179 3339 1294 3389 dubitare
1311 3341 1376 3388 vide-

827 3420 876 3464 tur.
910 3416 967 3465 Hae
986 3429 1058 3465 voees
1078 3423 1180 3480 propter
1196 3418 1327 3467 literarum
1344 3420 1376 3467 si-

827 3495 991 3544 militudinem
1008 3495 1099 3546 centies
1116 3511 1132 3544 a
1147 3495 1256 3545 librariis
1273 3495 1376 3546 fuerunt

827 3580 991 3636 permutatae:
1000 3574 1049 3622 vid.
1058 3574 1204 3623 Markland.
1213 3575 1246 3623 ad
1256 3575 1332 3625 Statii
1339 3575 1375 3625 V.

829 3650 891 3701 silv.
897 3653 921 3700 3.
931 3654 970 3702 te.
984 3652 1057 3702 Conf.
1065 3651 1140 3702 Ovid.
1146 3653 1196 3702 111.
1207 3654 1284 3703 Trist.
1294 3654 1330 3703 II.
1337 3655 1375 3703 19.

828 3733 866 3779 Et
894 3736 978 3780 terren
1002 3737 1040 3780 eet
1064 3733 1171 3794 eliquit,
1198 3734 1243 3795 qui
1270 3735 1377 3782 culm

826 3812 908 3858 crudo
932 3815 1062 3859 retractet.
1095 3809 1158 3860 Stat.
1175 3809 1210 3858 V.
1231 3810 1312 3859 Theb.
1334 3811 1375 3860 30.

828 3890 951 3937 brunonia
959 3890 1064 3938 calmo
1071 3889 1205 3951 [ulcerare
1213 3891 1289 3938 iubes.
1302 3887 1375 3938 Ovid.

827 3965 891 4014 XII.
908 3966 1011 4015 Metam.
1030 3967 1086 4015 542.
1103 3968 1164 4038 qaid
1180 3983 1219 4016 me
1235 3970 1377 4018 naenriuiree

827 4047 951 4095 nwlormn
970 4045 1044 4108 Coele
1064 4051 1089 4093 et
1109 4047 1225 4094 obductos
1246 4047 1322 4094 unna
1338 4061 1375 4094 re·

827 4126 938 4173 scindere
950 4126 1040 4172 laetus.
1066 4122 1186 4171 Valerius
1199 4122 1329 4173 Maximus
1339 4124 1375 4173 II.

826 4204 849 4252 8.
857 4203 924 4252 bella
935 4202 1017 4253 ciuilia
1028 4208 1099 4251 vocat
1110 4205 1222 4251 valane.
1235 4205 1311 4266 Pr'pel
1325 4209 1376 4253 tue·

826 4285 914 4344 detque
927 4298 973 4345 per·
987 4283 1092 4331 onlnem
1103 4282 1255 4344 reipublicae
1267 4283 1376 4332 ulterius
