2916 5220
569 281 859 346 11101)οΝ

330 475 714 556 ,10001100100017000001
740 469 862 534 cerdilio.

288 575 373 656 1100,
398 575 515 660 quibus
540 574 739 655 estuans,
764 572 959 637 muliebrem
984 572 1092 637 tollite
1116 573 1265 654 luctum,

333 677 475 743 Etrusca
496 685 625 763 praeter
648 683 682 741 01
704 675 813 741 volate
836 675 943 740 litora.

290 781 358 845 Nos
383 789 496 846 manet
520 780 670 847 Oceanus
693 779 921 863 circumvagus
946 800 1039 856 arva3
1068 779 1167 844 beata

336 884 491 949 Petamus
516 906 592 949 arva
615 883 733 947 divites
758 888 792 947 et
816 881 962 963 insulae,

292 986 414 1051 Reddit
436 985 494 1051 ubi
518 985 667 1052 Cererem
690 984 790 1049 tellus
815 983 942 1048 inarata
965 985 1164 1069 quotannis,

335 1089 380 1152 111
404 1089 568 1173 imputata
590 1087 685 1151 floret
710 1108 813 1171 usque
840 1086 936 1150 vinea
945 1113 954 1164 3

291 1192 463 1258 Germinat
486 1198 519 1257 et
542 1213 711 1276 nunquam
734 1190 881 1255 fallentis
907 1196 1026 1255 termes
1051 1189 1178 1273 olivae,

336 1295 500 1381 Suanrque
523 1295 617 1380 pulla
638 1295 720 1359 ficus
744 1299 839 1358 ornat
862 1293 1029 1370 arborem;

291 1398 391 1463 Mella
413 1422 493 1464 cava
516 1404 654 1463 manant
677 1420 717 1462 ex
740 1396 835 1478 ilice,
860 1396 1029 1461 montibus
1054 1396 1134 1461 altis

337 1502 432 1566 Levis
457 1510 609 1588 crepante
632 1500 769 1586 lympha
792 1499 908 1565 desilit
931 1499 1023 1584 pede.

291 1605 365 1670 lllic
390 1605 534 1672 iniussae
557 1605 696 1671 veniunt
718 1603 761 1669 ad
783 1604 925 1669 mulctra
949 1604 1112 1689 capellae,

339 1708 513 1795 ltefertque
537 1716 629 1775 tenta
651 1730 732 1794 grex
758 1707 885 1772 amicus
910 1707 1028 1785 ubera3

294 1813 361 1877 Nec
384 1814 590 1898 vespertinus
614 1811 843 1896 circumgemit
866 1833 962 1876 ursus
987 1811 1088 1893 ovile,

336 1916 450 2000 Neque
473 1916 665 1981 intumescit
689 1915 758 1979 alta
780 1915 901 1999 viperis
925 1915 1055 1979 humus.

157 2095 233 2143 supra
258 2082 421 2129 communiter
452 2088 500 2130 aut
525 2083 612 2130 melior
635 2095 705 2144 pars.
747 2078 805 2127 folio
841 2086 916 2136 nota,
944 2078 1025 2136 scitis,
1053 2079 1112 2142 quis
1147 2094 1226 2143 prope
1262 2091 1297 2128 est

157 2159 245 2221 Neque
268 2164 337 2206 recta
361 2166 420 2207 sunt
439 2162 584 2223 perprimat
604 2160 704 2208 cubilia.
748 2158 850 2206 000100.”
892 2157 962 2205 Haec
987 2155 1090 2206 fortasse
1117 2172 1151 2206 ex
1175 2160 1298 2207 memoria

158 2237 237 2298 Quasi
253 2238 320 2286 domi
337 2237 479 2297 scilicet‚in
490 2239 570 2287 medio
581 2237 705 2286 bellorum
747 2237 867 2286 laudavit.
890 2237 970 2300 Saepe
994 2237 1032 2285 his
1056 2237 1156 2286 scholiis
1179 2238 1298 2286 immixta

157 2316 269 2365 civilium
286 2317 381 2375 furore,
404 2317 454 2365 otio
470 2317 547 2365 desidi
566 2330 592 2364 se
609 2316 706 2365 tradere
747 2322 816 2374 sunt,
842 2331 906 2379 quae
922 2316 995 2365 scribi
1011 2330 1062 2364 non
1080 2323 1227 2380 potuerunt,
1249 2318 1297 2365 nisi

157 2401 268 2459 possent!
305 2397 367 2445 Alia
386 2402 516 2444 causaest
536 2397 562 2444 in
583 2395 704 2458 Apollon.
748 2394 929 2445 aChristieno.

158 2476 239 2524 Rhod.
260 2475 282 2524 Ι.
307 2475 364 2526 872.
388 2472 476 2538 Ἰομεν
504 2475 576 2531 αὖτις
601 2472 705 2530 ἕκαστος
783 2476 857 2523 Leuis
872 2481 992 2538 crepante
1008 2476 1112 2538 lynrpleu
1128 2476 1214 2524 desilit
1226 2477 1296 2538 pede.

157 2555 200 2603 ἐπὶ
225 2553 297 2620 opta
325 2555 371 2604 cdv
387 2553 410 2604 δ’
431 2555 468 2603 ἐνὶ
485 2552 598 2619 λέκτροις
631 2550 704 2616 ’Υψι-
748 2553 912 2601 Terentianus
937 2554 1043 2602 Maurus
1068 2569 1105 2602 vs.
1132 2554 1207 2602 2958.
1236 2554 1262 2602 h.
1273 2552 1296 2601 Ι1.

159 2635 242 2694 πύλης
259 2633 324 2683 εἰᾶτε
342 2633 496 2698 πανήμερον.
747 2631 783 2678 110
799 2632 897 2681 retulit:
922 2632 996 2682 Leuis
1007 2639 1111 2681 sonante
1122 2634 1228 2696 lynzpta
1247 2635 1296 2681 dis·

191 2715 246 2762 Nos
271 2718 355 2761 munet
386 2713 500 2761 Oceanus
533 2713 706 2772 circumsecus
747 2713 802 2760 sitit
816 2713 886 2772 pede.

157 2806 228 2838 0000.
270 2790 327 2840 MS.
354 2790 463 2838 aunei.
497 2792 593 2839 circum
621 2802 704 2850 oopus.
780 2792 906 2840 Iniussae.
940 2791 1059 2852 Quinctil.
1078 2791 1157 2839 XHl.
1180 2790 1296 2839 Decium.

160 2869 244 2917 Schol.
266 2868 372 2915 addidit:
401 2870 509 2916 Terram
525 2868 704 2929 promissionis.
750 2869 788 2918 15.
806 2872 873 2931 Apes
883 2868 991 2933 faciunt
1008 2871 1119 2918 iniussae
1129 2869 1214 2931 saras.

158 2947 217 2996 Dici
241 2953 325 2995 antem
349 2952 430 3010 potest
454 2945 565 2994 absolute
591 2944 704 2994 Oceanus
780 2947 920 3010 Refertque
933 2954 1004 2996 tenta
1021 2962 1082 3011 prex
1096 2950 1194 2996 0011000
1211 2950 1296 2996 ubera

158 3029 343 3089 circuruooqus,
361 3025 453 3074 scilicet
469 3031 594 3072 terrarum
610 3024 703 3072 orbem.
747 3025 865 3081 Heinsius
890 3027 1020 3090 adscripsit
1040 3028 1158 3076 amatus.
1184 3029 1221 3077 Ut
1238 3026 1296 3077 Ori·

159 3106 200 3154 Ita
216 3105 327 3156 Rutilius
344 3105 403 3155 Itin.
421 3103 443 3154 I.
461 3104 501 3153 56.
530 3104 704 3162 Quocircum·
746 3107 816 3155 dius:
833 3108 895 3156 Ibat
916 3109 980 3164 oris,
1006 3108 1068 3154 lana
1092 3122 1183 3170 carpus
1200 3114 1297 3156 000010

151 3187 233 3248 susus
249 3186 365 3248 fluctuat
386 3186 508 3234 Oceanus.
543 3182 648 3232 Secutus
665 3188 703 3229 ta·
746 3200 801 3234 suo.
835 3185 912 3235 Recte
929 3200 989 3234 vero
1014 3187 1108 3233 oruata
1133 3187 1202 3234 1000.
1237 3185 1296 3234 Non

158 3280 215 3314 men
232 3280 287 3312 sum
305 3264 411 3313 alteram
427 3260 618 3309 distinctiOnem·
746 3264 889 3327 simpliciter
906 3267 1008 3314 amicta.
1037 3265 1078 3313 De
1092 3266 1190 3326 pellitis
1205 3265 1296 3313 ombus

193 3347 327 3394 Gerruiuat
343 3350 368 3392 et
379 3357 508 3404 nunquam
518 3341 641 3402 fallentis
652 3345 702 3387 ter·
746 3343 787 3392 hic
802 3344 906 3406 cogitari
923 3358 973 3392 non
992 3349 1079 3406 potest.

158 3440 209 3473 mes
225 3427 312 3473 oliuae.
346 3422 413 3471 Mira
434 3418 560 3468 annotatio
581 3432 704 3465 commen·
780 3424 833 3472 Nec
852 3426 1008 3486 vespertinus
1028 3425 1200 3484 circumuenit
1216 3439 1297 3473 ursus

158 3503 258 3550 tatoris:
276 3500 416 3549 “Termites
428 3505 512 3546 autem
523 3498 640 3545 dicuntur
648 3512 704 3545 cau·
745 3503 814 3550 ovile,
847 3501 990 3550 Markland,
1016 3503 1041 3550 in
1066 3502 1154 3564 Eurip,
1182 3501 1296 3565 Supplic,

151 3583 212 3639 -100,
230 3580 322 3643 thyrsi,
340 3593 383 3626 seu
399 3579 464 3625 romi
480 3578 599 3626 olearum,
616 3577 704 3628 Caulis
745 3595 802 3642 pag.
819 3581 876 3629 258.
893 3581 1009 3629 coniecit:
1027 3581 1202 3641 uespertinum.
1229 3580 1297 3629 Vul-

158 3670 241 3710 autem
258 3664 295 3708 est
315 3673 407 3707 nomen
427 3658 535 3720 generis,
552 3658 651 3720 proprie
667 3665 703 3706 ta·
746 3668 834 3724 gutum
857 3665 973 3723 praestat.
990 3659 1111 3708 Horatius
1133 3658 1170 3708 11.
1196 3659 1251 3708 Sat.
1273 3662 1296 3708 4.

157 3755 215 3788 men
240 3737 355 3787 convenit
380 3735 493 3784 omnibus
518 3736 600 3786 herbis
617 3743 641 3786 et
658 3737 703 3786 hu·
749 3741 785 3792 17.
813 3743 843 3790 Si
858 3740 1026 3801 vespertinum
1043 3741 1124 3787 subito
1145 3745 1170 3787 te
1190 3753 1295 3801 oppres-

157 3819 296 3869 milioribus
329 3817 462 3876 fructibus,
487 3817 553 3865 unde
585 3818 703 3881 legimus:
745 3827 808 3869 serit
825 3823 916 3881 hospes.
944 3819 985 3868 Sic
1002 3818 1094 3867 centies
1110 3819 1203 3880 po'etae
1224 3818 1297 3868 Vide

157 3899 223 3948 Cum
240 3900 290 3946 iam
311 3897 420 3945 videritis
437 3897 572 3945 cauliculos
588 3896 703 3947 foliorum
746 3901 785 3949 vel
802 3915 881 3948 unum
899 3899 995 3948 Titium
1013 3898 1043 3946 ad
1065 3897 1187 3961 Calpurn.
1205 3899 1296 3963 Eclog.

155 3978 298 4042 procedere,
320 3978 405 4025 scitote
430 3977 495 4039 quod
521 3982 600 4025 aestas
622 3977 704 4024 vicina
745 3979 794 4028 VI.
815 3979 837 4026 1.

156 4065 208 4116 est,
232 4057 258 4104 id
279 4063 328 4113 est,
353 4056 434 4118 prima
460 4054 542 4105 folia.'‘
571 4055 704 4118 Cogitabat
780 4060 866 4120 Neque
889 4059 1035 4106 intumescit
1058 4059 1113 4104 0110
1133 4057 1228 4118 viperis
1252 4059 1296 4104 hu·

156 4139 278 4202 Evangel.
304 4137 427 4187 Matthaei
453 4136 556 4184 XXIV.
585 4137 625 4184 32.
655 4136 703 4184 “ab
746 4153 808 4185 neus.
827 4137 882 4184 Iam
899 4135 948 4186 Vir
966 4138 1054 4186 doctus
1071 4137 1096 4184 in
1114 4136 1296 4186 Observ.Mis-

156 4219 242 4267 arbore
271 4226 354 4266 eutem
372 4217 413 4265 fici
436 4216 520 4264 discite
545 4217 702 4279 parabolam:
745 4217 800 4266 cell.
818 4215 878 4265 Vol.
896 4216 932 4265 II.
950 4231 1006 4279 pag.
1017 4215 1148 4264 astrion
1158 4222 1215 4278 post
1227 4216 1297 4264 hunc

155 4312 213 4344 curn
238 4299 287 4345 iarn
314 4312 397 4344 ramus
422 4297 474 4344 eius
495 4303 563 4345 tener
588 4296 661 4344 suerit
679 4304 703 4345 01
723 4354 726 4368 .
745 4311 845 4343 versum
862 4309 914 4343 esso
936 4295 1090 4344 collocandos
1111 4311 1198 4344 uersus
1221 4297 1252 4344 61
1272 4305 1296 4344 ct
