2916 5220
658 305 977 370 CARMINUM

426 494 505 556 'l'uut
528 513 630 571 rucue,
655 490 783 575 siquid
805 488 914 575 loquar
936 489 1145 573 audiendum,

432 596 521 659 Vocis
544 592 667 659 accedet
689 593 887 677 denarrare,
912 602 955 657 et:
982 595 1023 659 “0
1046 594 1105 660 Sol

421 698 575 779 Pulcher,
600 719 618 761 o
642 697 845 762 laudande!''
870 717 982 760 cauum
1004 706 1128 782 recepte

518 801 655 866 Caesare
666 799 765 884 jeliu.

425 904 532 988 Tuque
554 903 628 968 dum
644 903 810 988 procedis,
837 904 898 967 “Io
921 903 1120 988 triumplu!’'

425 1007 498 1070 Nou
521 1006 615 1071 semel
636 1007 793 1087 dicemus,
820 1006 881 1072 “Ic
903 1007 1102 1091 triumplu!''

426 1110 545 1173 Ciuitas
568 1113 667 1174 cuuis
690 1107 888 1194 dabimusque
912 1109 1007 1174 Dicis

519 1212 624 1275 'I'lrure
647 1211 794 1298 beuu‘puu's.

429 1317 472 1378 'l'e
495 1315 596 1379 decem
619 1320 706 1380 tuure'
733 1315 915 1399 terimurque
937 1337 1066 1397 euceue,

424 1419 477 1480 Me
500 1427 585 1482 tcuer
608 1417 702 1483 select
725 1418 860 1500 situlae,
885 1418 975 1483 relict

417 1522 524 1586 Matre
549 1526 603 1606 qui
627 1520 726 1607 lurpis
749 1525 916 1586 iueeuesct't
937 1520 1039 1586 lucebis

510 1627 552 1688 Iu
574 1646 642 1688 utcu
665 1632 756 1706 ectu,
1074 1624 1077 1628 ’

425 1731 544 1794 Fronte
567 1739 711 1795 curvatos
734 1734 874 1795 imitatus
897 1735 984 1817 ipuea

428 1833 565 1897 Tertium
588 1834 701 1897 Luuuc
723 1832 891 1917 referentis
915 1843 1036 1915 utum,

428 1935 498 2014 Qua
521 1946 626 2001 uotum
648 1936 759 2018 duxit,
783 1937 1035 2018 tricameratus,

520 2039 653 2102 Caetera
665 2038 790 2122 seuleus,

242 2166 388 2229 plerumque
414 2167 511 2214 fiebant.
555 2164 641 2215 Oratio
666 2165 792 2226 pedestris.
834 2181 891 2215 eum
908 2167 934 2214 in
951 2167 1096 2229 gravissimo
1112 2169 1223 2218 carmine
1240 2169 1387 2219 laudaveris.

243 2245 379 2308 Praecipue
394 2248 511 2308 publicus
528 2247 598 2292 urbis
615 2246 697 2300 luders,
710 2249 735 2291 et
748 2243 793 2291 hoe
834 2245 890 2307 Ego
900 2251 925 2293 et
936 2260 1020 2295 omnes
1030 2247 1137 2295 Romam
1146 2247 1266 2296 addemus
1278 2253 1388 2296 nostram

243 2340 289 2388 pro
306 2329 360 2374 ludi
377 2331 401 2374 et
418 2341 493 2386 super
509 2327 645 2385 ‘inpetrato
662 2324 753 2372 reditu.
835 2322 1045 2374 acclamationem.
1070 2328 1158 2374 Omnis
1172 2328 1265 2375 auritos
1278 2329 1389 2376 duamur

278 2407 308 2454 Si
332 2407 394 2467 quid
418 2406 507 2466 loqrrur
532 2405 691 2450 eructaturum.
725 2403 795 2452 Haec
835 2410 863 2450 ut
888 2410 973 2452 auctor
998 2406 1078 2467 Epod.
1106 2405 1144 2453 16.
1183 2407 1284 2453 Eamus
1310 2406 1390 2454 omnis

243 2492 268 2533 ct
289 2483 417 2548 sequentia
438 2484 582 2544 interpretes
604 2481 729 2543 explicare
745 2497 794 2530 non
835 2489 966 2531 exsecrata
991 2486 1088 2532 duitas.
1121 2484 1217 2532 Lucan.
1245 2483 1310 2532 VII.
1333 2484 1388 2533 641.

243 2569 382 2626 potuerunt.
412 2561 439 2610 Si
455 2561 515 2623 quid
531 2559 618 2622 loquar
635 2562 795 2618 audiendum,
840 2563 970 2610 Viacinrur
987 2563 1027 2610 hia
1043 2564 1133 2624 pindus
1149 2563 1244 2620 aarum,
1260 2578 1326 2624 quere
1340 2577 1388 2610 ser·

244 2649 280 2692 est
297 2642 363 2705 quod
380 2640 587 2702 operaepretium
600 2640 734 2688 sitandire.
757 2641 796 2688 At
835 2641 901 2700 uret,
916 2645 994 2688 uetes.
1030 2639 1125 2706 Statius
1142 2640 1164 2688 1.
1186 2639 1249 2689 silv.
1267 2641 1290 2688 6.
1332 2643 1389 2689 Ureu

244 2735 321 2783 supra
344 2719 408 2766 dixit
429 2732 455 2765 se
474 2732 523 2764 non
540 2732 629 2766 cancre
647 2724 698 2765 tarn
715 2718 792 2766 subii·
835 2720 958 2767 vescimur
966 2721 1046 2768 curuis
1053 2722 1113 2768 ordo
1122 2734 1214 2768 nuncu.
1230 2719 1293 2768 vid.
1301 2719 1388 2768 Heius.

244 2800 301 2846 mia.
336 2801 412 2846 Boua
426 2812 490 2857 pnes
505 2799 571 2846 uocis
581 2798 681 2844 videtur
692 2799 794 2846 suadere
836 2797 867 2843 ad
884 2795 958 2846 Ovid.
975 2798 1025 2847 IX.
1044 2799 1146 2846 Metam.
1165 2797 1222 2846 426.

244 2884 273 2924 ut
294 2890 458 2938 exponamus:
484 2875 504 2922 si
524 2878 589 2923 satas
610 2878 720 2924 claruere
739 2893 793 2939 pes·
871 2879 906 2925 Te
930 2880 1011 2926 decem
1034 2879 1111 2925 taum.
1145 2877 1215 2926 Haec
1233 2877 1337 2940 singula
1358 2891 1389 2926 ex

243 2959 303 3014 sirit,
321 2962 350 3003 ut
366 2955 443 3002 verba
459 2969 515 3002 mea
532 2954 671 3002 audiantur.
836 2954 938 3004 diversis
949 2955 1048 3003 Horatii
1058 2955 1119 3003 locis
1131 2955 1239 3004 conflata
1250 2962 1317 3004 sunt.
1340 2956 1389 3005 Ne-

281 3036 368 3096 Tuque
385 3036 443 3080 duur
454 3035 579 3095 procedis,
592 3035 641 3081 “Io
653 3035 794 3095 triumphe!
836 3050 884 3097 que
892 3049 980 3082 caussa
989 3043 1099 3098 apparat,
1112 3050 1157 3083 cur
1168 3035 1297 3085 Antonius
1306 3042 1345 3084 tot
1354 3037 1389 3084 vi·

244 3113 344 3161 Densae
360 3112 482 3160 tenebrae.
509 3113 543 3161 Et
559 3112 599 3159 hic
615 3112 744 3160 turbatum
757 3120 794 3161 est
835 3113 931 3171 etimas,
940 3114 1059 3162 Horatius
1069 3113 1177 3161 vitulum
1185 3119 1343 3162 mactaturus
1351 3115 1390 3162 sit

244 3192 271 3239 in
288 3190 365 3240 MSS.
392 3190 506 3239 Fortasse
518 3191 701 3240 Grammaticus
716 3193 793 3241 dedit:
869 3194 966 3241 Fronte
981 3197 1099 3241 curvatos
1111 3193 1228 3240 irruiturus
1240 3194 1317 3254 ipuec
1335 3192 1390 3240 Hu-

248 3274 347 3334 Tuque‚
365 3272 425 3318 duur
437 3273 562 3334 procedit,
574 3273 622 3320 “Ic
638 3273 793 3334 tr·iuruphe!''
835 3270 902 3319 milis
923 3271 1005 3319 exitus
1022 3270 1140 3318 celebrati
1155 3270 1274 3319 carminis
1291 3268 1390 3318 Piudrr·

243 3356 268 3399 et
292 3352 433 3399 Nouseruel
446 3352 553 3399 dicemur
571 3349 792 3412 “Iotriuurphe!”
835 3366 894 3398 rum
923 3352 1044 3412 quiaquia.
1096 3348 1179 3411 Quam
1212 3349 1301 3412 putida
1336 3347 1390 3396 dili-

248 3430 346 3479 Cu‘vitua
370 3431 454 3478 erraras.
490 3429 548 3484 Tu,
573 3428 633 3477 dum
657 3427 794 3490 Augustus
836 3428 920 3490 gentia
935 3429 962 3476 in
978 3427 1140 3477 describenda
1156 3427 1230 3477 vituli
1241 3427 1390 3476 immolandi

244 3509 364 3572 procedit,
382 3508 446 3556 dices
463 3508 509 3556 “Io
526 3506 681 3568 triumphei’
699 3513 739 3569 tu,
751 3507 793 3569 qui
835 3508 929 3557 forma!

735 3644 893 3664 ‘'⁴0⁶‘'-

639 3779 886 3844 OARMEN
932 3782 993 3845 ΙΙΙ.

426 3919 539 4003 Quem
563 3943 617 4015 tu,
643 3933 864 4019 Melpomene,
891 3935 991 4000 semel

408 4090 560 4139 CARMEN
578 4090 627 4138 HI⁸
838 4064 918 4111 Semel
936 4061 1026 4111 videris
1042 4062 1136 4109 indicat
1149 4067 1247 4125 tempus
1259 4063 1393 4111 incertum

837 4149 861 4190 ct
891 4148 1033 4191 nascentem
1057 4147 1160 4190 certum.
1202 4142 1340 4199 Horatius,
1367 4143 1392 4189 ni

326 4237 379 4269 uera
397 4227 439 4277 tu,
452 4222 609 4283 Melpomene
621 4222 701 4270 seurel.
726 4220 794 4268 Illud
837 4220 924 4282 fallor,
941 4219 1050 4283 scripsit:
1072 4221 1151 4278 Quem
1169 4225 1206 4278 tu,
1224 4220 1393 4283 Melporueue,

246 4303 319 4348 reurel
344 4299 385 4346 hic
409 4298 541 4347 molestum
567 4307 605 4347 est
629 4306 654 4347 et
678 4300 792 4348 otiosum.
837 4301 912 4347 riurul
930 4301 1080 4348 Nrrsceutem
1095 4300 1196 4360 plue-ido
1213 4300 1309 4349 lumine
1326 4303 1393 4350 uide-
