2916 5220
500 319 674 383 LIBER
720 322 778 383 IV.

248 503 310 567 Nil
338 502 490 569 Claudiae
516 526 578 569 aaa
594 506 761 591 perficient
782 529 908 590 marte,

252 607 340 686 Quas
362 616 392 671 et
415 606 542 694 benique
565 612 690 674 uumiue
712 612 839 696 Jupiter

292 710 463 794 Defendit,
488 720 518 775 et
540 733 635 776 aurae
657 734 786 800 sapores

337 813 527 898 Erpediuut
544 836 609 898 per
631 825 725 879 acuto
748 815 827 882 beili.

67 988 105 1035 eir
118 989 223 1050 proelia.
258 987 353 1038 Statius
375 988 423 1038 IV.
442 989 504 1039 silv.
523 992 614 1054 ipro·
656 994 712 1048 327.
749 998 784 1044 Et
809 1008 867 1042 vere
892 992 1024 1045 claudian.
1049 992 1130 1043 Laud.
1157 992 1206 1042 Sti·

64 1066 134 1127 priir
158 1073 188 1115 tu
209 1069 315 1129 pulcher
339 1069 368 1116 iu
393 1070 473 1116 armis
498 1071 559 1131 Ipse
575 1084 615 1118 ou·
656 1074 714 1123 lich.
733 1074 844 1123 Praefat.
861 1073 884 1122 3.
922 1073 1031 1122 Carmen
1047 1075 1206 1136 aurai,quir·

67 1147 150 1194 aenda
166 1161 242 1208 aereo.
277 1145 389 1196 Gnalter.
407 1147 547 1196 Alexandr.
565 1148 615 1197 III.
656 1156 713 1216 quia
730 1156 842 1204 carmine
859 1154 936 1214 diona
951 1156 1024 1215 perit.
1059 1153 1117 1201 Tali
1128 1153 1207 1215 igitur

68 1225 107 1272 56.
142 1227 294 1287 Parmenio,
313 1228 368 1274 siae
387 1241 434 1288 quo
450 1228 488 1274 aii
505 1243 616 1290 uuquam
656 1233 730 1280 modo
751 1231 856 1280 feminae
877 1229 1095 1293 Carthaginienses
1113 1231 1143 1278 de
1159 1229 1207 1278 sor·

67 1306 180 1353 carmine
209 1306 312 1366 dunum
343 1306 429 1354 Gemit
464 1307 616 1355 Aieeauder.
657 1310 761 1358 titudine
778 1310 893 1358 Romana
908 1323 959 1357 non
970 1309 1138 1371 loquerentur.
1165 1309 1206 1358 In·

68 1382 125 1430 Hoc
137 1389 186 1442 est,
203 1383 269 1445 quod
282 1383 414 1446 Euripides
432 1384 523 1433 Troad.
545 1385 616 1432 1245.
657 1395 775 1452 terpretes
791 1389 1030 1451 eomparantlooum
1043 1386 1208 1437 Catullinum

68 1461 143 1509 dixit:
164 1461 252 1520 ἀοιδὰς
273 1461 359 1521 δόντες
376 1461 488 1526 ὑστέροις
504 1462 616 1527 βροτῶν.
659 1467 797 1515 Horatiano
817 1466 915 1516 LXIV.
934 1466 1017 1516 Carni.
1039 1468 1096 1516 349.
1130 1469 1209 1516 Illius

68 1538 169 1587 Plinius
185 1539 235 1588 VI.
252 1540 331 1603 Epist.
350 1542 388 1589 16.
424 1542 547 1602 Equidem
564 1543 617 1590 oea·
659 1547 769 1609 eprepiaa
786 1547 895 1595 virtutes
913 1549 1032 1608 oleraque
1037 1546 1115 1610 faeta
1127 1547 1208 1608 Saepe

69 1624 109 1667 ior
123 1625 200 1680 puto,
216 1622 306 1682 quibua
324 1622 437 1669 Deorum
454 1635 557 1668 munere
573 1621 617 1668 da·
653 1624 810 1688 fatebuntur
834 1631 968 1686 amatorum
993 1626 1021 1672 iu
1038 1623 1136 1686 sunere
1156 1640 1207 1672 ma·

69 1702 126 1746 ium
150 1705 199 1756 0³8,
224 1705 272 1747 aul
291 1699 380 1761 sawt
403 1700 546 1755 mimda,
571 1704 619 1746 aut
661 1710 720 1753 tres.
746 1703 882 1752 Enimvero
899 1700 968 1750 aliud
986 1702 1127 1764 misereri,
1140 1702 1209 1750 aliud

68 1778 177 1827 seeum
194 1780 301 1842 urenda.
335 1780 417 1841 Loqui
436 1782 474 1825 est
491 1792 580 1826 ouum
594 1783 619 1825 et
660 1785 735 1845 loqui.
770 1784 893 1831 Faremur
913 1781 988 1829 etiam
1009 1780 1082 1829 inviti
1103 1781 1208 1831 laudan-

70 1870 128 1903 eum
144 1855 219 1904 laude
240 1870 383 1905 memorare.
418 1855 512 1905 Catuli.
534 1855 619 1905 Caum.
661 1867 710 1922 tes;
737 1862 864 1924 loquimur
884 1858 990 1907 libenter
1011 1863 1036 1907 et
1058 1872 1116 1906 eum
1140 1859 1210 1907 volu·

69 1935 198 1984 LXVHI.
215 1937 255 1985 44.
284 1938 325 1985 Ne
333 1936 441 1999 supleat
457 1938 546 1986 saeclis
556 1938 617 1985 obli·
660 1945 729 2003 ptate
746 1939 883 1988 laudantes.
917 1939 958 1987 Ita
978 1937 1123 1987 Cleomenes
1144 1939 1211 2002 apud

69 2016 221 2064 accentum
240 2021 311 2065 artur
335 2018 415 2065 Illius
431 2019 475 2065 irae
491 2032 562 2066 ooeoa
577 2031 619 2065 ao·
661 2019 792 2067 Plutarch.
804 2017 936 2068 XXVIII.
963 2017 1028 2082 Oixp
1045 2035 1096 2081 μοι,
1111 2017 1211 2082 φίλτατ’

69 2099 110 2143 cte
125 2098 194 2156 tepet
209 2096 330 2144 madium.
364 2097 416 2145 Sed
435 2097 518 2146 aram
538 2098 619 2155 volu,
662 2097 763 2162 ἀδελψὲ,
782 2097 855 2160 οἴχῃ,
873 2099 990 2161 γενναῖος
1007 2096 1058 2158 ὢν,
1077 2098 1119 2146 rai
1137 2101 1212 2146 παῖσι

70 2172 180 2236 (Musae)
204 2188 247 2222 ooo
269 2176 438 2236 perradiare
454 2176 542 2224 multia
559 2173 620 2223 Μϋ-
662 2177 773 2236 ’ζηλωτὸς
799 2178 986 2239 Σπαρτιατῶν,
1020 2176 1061 2222 καὶ
1095 2177 1211 2240 γυναιξὶν

70 2255 150 2313 lidus,
170 2260 196 2302 et
209 2253 294 2316 saeite
314 2255 375 2303 haee
391 2257 483 2304 charia
501 2257 620 2316 loquatur
662 2253 784 2317 ἀοίδιμος.

70 2346 143 2382 aare.
176 2332 265 2382 Horat.
281 2333 330 2381 IV.
356 2331 439 2382 Carm,
468 2335 506 2384 15.
540 2337 620 2384 Phoe·
696 2334 743 2380 Nil
758 2332 882 2379 Claudiae
898 2346 948 2378 aaa
963 2331 1097 2392 perficient
1113 2348 1212 2383 manua.

71 2414 118 2461 duo
134 2413 254 2461 volentem
273 2415 371 2474 proelia
391 2429 430 2461 me
451 2415 525 2476 loqui.
558 2413 621 2461 Pro·
662 2412 718 2461 Alii
733 2416 824 2474 putant
840 2411 902 2458 haee
918 2409 995 2457 rerba
1012 2423 1064 2458 esse
1080 2410 1210 2459 Hanniba-

71 2498 134 2556 pert.
151 2491 199 2540 IV.
220 2492 257 2540 11.
265 2491 306 2541 29.
325 2492 356 2540 Si
370 2494 412 2541 oui
421 2491 565 2555 samasuii
574 2509 621 2555 per
662 2491 705 2548 lis,
723 2490 764 2537 alii
780 2490 878 2552 poetae,
895 2502 941 2550 ego
958 2480 1145 2538 Grammaticis
1161 2491 1213 2539 Ho-

71 2573 145 2620 aeito
164 2576 270 2634 tropaea
285 2571 379 2628 decori,
397 2571 467 2632 Afra
485 2572 620 2619 Numanti·
663 2570 741 2618 ratius
758 2569 819 2618 haee
835 2567 940 2616 orationi
954 2568 1045 2616 addere
1061 2582 1112 2616 non
1124 2571 1212 2631 potuit.

71 2665 116 2700 aas
131 2665 209 2713 repara
226 2652 362 2712 aquantur
387 2664 452 2698 auos.
485 2649 537 2698 Ubi
560 2664 621 2696 non·
665 2649 706 2699 Sic
727 2649 793 2698 enim
813 2647 877 2710 perit
898 2646 979 2695 omnis
996 2647 1031 2695 rei
1048 2649 1214 2698 antecedentis

71 2731 147 2779 nulla
167 2731 295 2779 annotavit
321 2728 462 2779 Sentenius.
496 2729 621 2778 Martialis
663 2730 781 2792 gravitas.
813 2729 848 2776 Et
869 2727 955 2775 dubito
976 2741 1008 2774 an
1029 2743 1119 2776 maana
1138 2727 1214 2777 Clau·

72 2809 107 2860 V.
124 2811 165 2860 26.
203 2811 283 2869 Quem
306 2811 403 2858 altariis
419 2809 558 2872 famaeque
578 2811 622 2857 da·
663 2812 720 2859 diae
736 2809 799 2857 bene
816 2809 1031 2857 dicanturmanus
1042 2807 1215 2867 Claudiorum,

72 2904 132 2939 mue
144 2887 296 2952 populisque
312 2889 472 2950 loquendum,
493 2889 545 2946 Qui
562 2890 621 2951 Sip·
664 2889 744 2952 gentis
755 2888 883 2938 Claudiae.
903 2887 1045 2950 scripsisset
1055 2887 1149 2950 potius:
1168 2890 1216 2937 Nil

72 2971 124 3033 pior
140 2983 189 3017 aaa
205 2969 261 3016 aaa
277 2969 513 3016 totuoadireiaeus.
530 2966 622 3027 Quino-
667 2969 772 3016 Claudii
791 2982 841 3016 aaa
861 2967 971 3029 efficient
993 2981 1081 3024 mauu,
1107 2967 1175 3025 Quor
1191 2974 1216 3016 et

72 3048 111 3098 til.
128 3046 243 3096 Deelam.
260 3047 308 3096 VI.
325 3048 366 3096 21.
403 3048 438 3095 Te
458 3048 555 3108 quidem
572 3062 623 3096 om·
665 3048 766 3109 deniquo
784 3061 820 3109 sq.
855 3045 974 3095 Claudios
998 3046 1096 3108 Iupiter
1120 3052 1216 3104 tuetur,

73 3128 121 3175 aia
136 3127 238 3174 saecula
259 3127 398 3187 loquentur.
434 3123 555 3186 Sulpitius
578 3123 622 3173 Se·
665 3131 690 3173 et
706 3140 754 3173 sua
769 3125 879 3187 ipsorum
896 3124 1128 3185 prudentiaservat.
1146 3125 1216 3173 Han·

74 3217 149 3252 verus
165 3203 259 3251 Hister.
276 3201 298 3251 1.
316 3203 355 3251 41.
390 3205 478 3259 Ntatt,
494 3205 560 3266 quod
576 3205 625 3252 iir-
665 3205 773 3253 nibalem
789 3204 850 3251 haee
866 3203 897 3250 de
913 3202 1024 3252 Claudiis
1041 3201 1121 3251 farere
1137 3218 1215 3265 augu-

75 3285 144 3331 roria
160 3283 468 3346 loqueretur,edideruat.
495 3282 624 3331 Ammian.
665 3290 774 3341 rantem,
795 3289 833 3332 est
850 3282 966 3344 ignorare
982 3282 1111 3344 ingenium
1127 3281 1214 3330 Poeni.

75 3354 191 3409 Marcell.
217 3361 320 3409 XXIV.
347 3376 404 3424 pag.
430 3361 486 3408 301.
525 3362 626 3423 Loaaue
667 3365 753 3411 Acuta
775 3363 832 3410 belli
852 3374 942 3423 parum
963 3360 1054 3408 Latine
1071 3367 1153 3420 sonat,
1170 3374 1216 3410 nee

74 3441 210 3500 toquentur
238 3445 334 3488 aetatu
359 3441 507 3500 Sophanem.
541 3440 625 3488 Enno·
665 3439 781 3488 convenit
797 3439 1095 3502 cumverboeapediuat.
1115 3439 1215 3500 Quanto

75 3516 132 3564 dius
149 3514 177 3564 in
187 3517 249 3566 Vita
259 3518 394 3581 Epiphanii
405 3533 463 3581 pag.
474 3518 531 3566 391.
552 3520 627 3577 Quod
665 3518 794 3581 pulchrius
815 3519 901 3567 finitur
917 3533 1018 3568 carmen
1035 3519 1101 3568 dioto
1116 3520 1214 3568 Hanni-

75 3594 163 3642 aullae
187 3596 291 3644 adanae
315 3603 437 3655 aereum,
462 3599 529 3646 uuili
553 3600 626 3647 libro
667 3598 749 3657 belis,
774 3599 833 3662 qui,
859 3605 990 3662 oonspeoto
1021 3597 1101 3662 capite
1129 3598 1215 3647 frater-

75 3685 135 3720 rum
158 3674 189 3721 de
218 3690 361 3738 quoeunque
390 3679 536 3740 loquuntur.
585 3676 627 3726 Sic
667 3691 707 3736 no,
721 3679 872 3727 exclamasse
889 3678 990 3727 dieitur:
1007 3679 1118 3741 Apamea
1127 3681 1216 3740 fortu-

76 3748 173 3799 Graece
189 3754 223 3800 τὰ
238 3753 386 3819 λαλούμενα
400 3769 445 3818 pro
467 3754 626 3819 ὑμνούμενα,
667 3772 728 3805 uum
738 3757 911 3820 Cariaeque.
945 3757 1005 3806 Vid.
1019 3757 1083 3806 Livii
1098 3756 1215 3804 XXVII.

76 3830 107 3877 de
124 3843 173 3892 quo
189 3829 313 3881 Valcken.
339 3833 365 3880 in
389 3833 464 3882 Locis
488 3834 523 3882 N.
547 3833 577 3881 Τ.
603 3848 627 3895 p.
668 3835 708 3883 ol.
