2916 5220
634 308 955 372 (illuminent

410 500 496 563 ln'rrto
520 507 642 561 coactus
659 497 855 581 particulam
879 496 1015 580 erectique

452 603 634 682 Desectam,
659 610 688 663 et
712 604 819 664 tasoni
842 599 938 663 leonis

504 705 572 768 Viro
596 703 749 768 stomacho
772 706 959 787 opposuisse
983 710 1096 765 trustra.

412 807 481 871 Irae
505 806 666 889 Thyesten
691 805 791 869 exitio
814 804 907 889 gravi

410 911 573 992 Stravere,
599 915 632 973 et
655 908 732 973 altis
758 908 891 972 urbibus
916 906 1054 971 ultimae

456 1012 581 1077 Stetere
605 1033 756 1094 caussae,
781 1033 837 1076 cnr
860 1010 1002 1096 perirent

497 1116 662 1180 Funditus
686 1116 950 1201 imprimeretque
972 1113 1087 1207 muris¹

408 1220 539 1284 Hostile
562 1226 706 1285 aratrum
730 1220 891 1284 exercitus
915 1218 1070 1282 insolens

408 1323 586 1408 Compesce
609 1328 762 1387 mentem.
812 1323 865 1387 Mc
890 1342 1017 1407 quoquo
1040 1319 1180 1405 pectoris

453 1425 605 1490 Tentavit
628 1425 662 1489 in
688 1425 777 1490 dulci
800 1424 934 1489 iuventa

496 1528 635 1610 Feruor,
661 1528 751 1593 etin
776 1528 893 1592 celeres
918 1526 1044 1590 iambos

408 1631 502 1696 Misit
525 1632 705 1697 furentem:
731 1654 818 1696 nuno
843 1652 903 1715 ego
927 1629 1065 1693 mitibus

407 1736 536 1799 Mutare
560 1758 677 1820 quaero
702 1735 810 1800 tristia
833 1735 912 1799 dum
936 1733 1019 1796 mihi

452 1837 529 1901 Fies
554 1838 728 1902 recantatis
753 1837 857 1902 amica

496 1940 686 2024 Opprebriis
711 1941 923 2025 animumque
946 1938 1071 2003 reddas.

226 2107 299 2140 sunm
316 2100 398 2155 partos
415 2093 584 2156 exploremus,
601 2108 652 2141 non
665 2092 775 2141 raserunt
818 2108 868 2140 una
885 2091 1008 2155 particula
1025 2091 1133 2153 undique
1155 2083 1263 2150 desecta,
1282 2095 1371 2143 deinde

226 2173 374 2234 elegantiam
400 2186 445 2220 nee
471 2171 671 2234 perspicuitatem
693 2172 773 2220 Hora·
817 2173 955 2220 coniuncta.
981 2171 1047 2218 Nam
1060 2169 1234 2219 variiaffectus
1247 2172 1298 2220 suis
1312 2175 1367 2235 qui-

226 2251 327 2298 tianam.
362 2250 530 2313 Perspicuitas
548 2257 630 2298 autem
647 2252 776 2313 praecipue
818 2266 865 2313 que
881 2251 940 2298 loeis
957 2249 1024 2299 fuere
1042 2251 1178 2309 distributi,
1204 2258 1231 2300 ut
1257 2253 1294 2301 ira
1320 2262 1367 2302 sto-

226 2330 252 2375 in
279 2343 345 2376 noua
369 2329 466 2377 fictione
491 2330 630 2392 requiritur.
667 2330 776 2380 Coactus
817 2330 912 2377 macho.
946 2330 1058 2393 Denique
1074 2333 1114 2379 oia
1130 2333 1216 2380 insueti
1233 2335 1308 2381 leona
1324 2335 1367 2382 uix

226 2410 400 2457 Prometheus.
429 2408 510 2457 Nemo
523 2408 775 2471 perspicit‚curtan-
817 2409 886 2456 uliud
907 2424 982 2471 quum
1008 2413 1084 2458 rahier
1109 2410 1248 2472 significare
1268 2413 1367 2474 poterit.

225 2487 280 2534 dem
298 2493 397 2535 coactus
415 2487 489 2536 fuerit
506 2488 596 2536 asidera
613 2487 684 2535 illam
700 2488 775 2550 parti·
817 2488 873 2549 Ego
906 2488 1015 2551 suspicor
1042 2488 1106 2535 hanc
1137 2488 1260 2547 fabulam,
1291 2491 1367 2538 animi

224 2565 317 2614 culam.
350 2567 413 2614 Alia
429 2582 467 2615 res
485 2575 521 2615 est
538 2567 564 2614 in
581 2566 696 2614 Platonis
713 2566 774 2615 Pro·
816 2580 916 2624 caussa,
946 2567 978 2614 ab
1004 2566 1103 2614 homine
1128 2565 1270 2615 Christiano
1291 2566 1367 2616 fuisse

224 2651 311 2707 tagora
331 2646 370 2693 32.
393 2646 448 2704 nbi,
465 2653 596 2709 postquam
613 2646 776 2709 Epimetheus
816 2646 994 2707 excogitatam,
1015 2645 1058 2708 qui
1077 2647 1102 2692 in
1120 2647 1178 2694 liure
1193 2647 1311 2709 principe
1327 2661 1365 2695 co·

223 2724 316 2772 ἕλαθεν
333 2722 414 2772 αὑτὸν
431 2723 615 2780 καταναλώσας
633 2725 680 2780 τὰς
697 2723 774 2772 δυνά·
816 2724 1056 2786 gitabatAdamum.
1081 2724 1130 2772 Hie
1138 2724 1203 2772 enim
1212 2724 1237 2771 in
1248 2724 1313 2773 libro
1323 2725 1367 2774 Sa·

222 2820 275 2865 μοις
297 2800 332 2859 εἰς
355 2803 386 2850 τὰ
404 2802 499 2867 ἄλογα,
521 2802 685 2850 Prometheus
707 2802 773 2851 ἀπο·
814 2803 1250 2867 pientiaevocaturupordutaaror.
1269 2803 1369 2864 Graeci,

222 2881 265 2945 ρίᾳ
291 2881 425 2946 ἐχόμενος,
449 2881 549 2930 κλέπτει
575 2880 714 2946 Ἡφαίστου
731 2886 773 2930 καί
814 2897 965 2944 quamquam
990 2883 1102 2955 homines
1127 2882 1253 2945 appellent
1278 2883 1366 2931 πλάσ-

223 2959 335 3020 Ἀθηνᾶς
347 2962 396 3020 τήν
410 2962 533 3025 ἔντεχνον
542 2962 635 3026 σοφίαν
647 2962 692 3016 ξὺν
706 2963 773 3026 πυρί.
814 2980 883 3026 ματα
901 2963 997 3023 πηλοῦ,
1015 2962 1145 3009 Adamum
1156 2961 1276 3024 aliquem,
1289 2977 1303 3010 e
1315 2978 1367 3026 quo

224 3038 265 3087 Sic
287 3040 313 3087 in
334 3039 494 3088 Anacreonte
514 3039 597 3089 Carm.
623 3039 648 3096 l,
676 3039 774 3088 Natura
815 3056 893 3103 genus
910 3041 1048 3088 humanum
1063 3041 1093 3088 sit
1103 3041 1364 3104 propagatum,igno·

222 3118 306 3165 omnia
335 3117 493 3167 distribuerat
518 3119 581 3166 iuter
607 3117 725 3165 animalia
750 3125 773 3166 et
815 3127 879 3169 rant.
913 3120 1078 3168 Prometheus
1100 3134 1151 3168 non
1173 3134 1252 3167 unum
1273 3120 1367 3168 elimo

223 3196 301 3254 viros,
318 3204 354 3255 et,
377 3197 437 3244 dum
459 3212 508 3245 non
526 3197 639 3255 haberet,
656 3198 721 3259 quod
739 3197 771 3246 fe·
815 3197 902 3254 fiuxit,
925 3198 968 3246 sed
990 3197 1123 3260 plurimos,
1149 3203 1226 3246 totam
1249 3204 1365 3248 aetatem.

223 3276 294 3324 minis
303 3275 461 3331 daret,dedit
468 3275 684 3338 pulchritudinem.
705 3273 781 3323 Ρανέ
814 3276 946 3325 Vocabula
976 3275 1119 3325 Christiana
1145 3275 1365 3341 apostulorum,

222 3356 327 3404 tmolum
348 3357 459 3417 audique
474 3356 595 3404 desertum
613 3369 665 3403 esse
682 3369 713 3402 ex
730 3370 771 3402 uu·
814 3358 845 3418 γῆ
868 3353 1008 3418 παρθένος,
1030 3355 1131 3412 similia,
1152 3355 1288 3418 explicavit
1310 3356 1366 3406 Sui-

222 3434 263 3482 riis
280 3434 441 3493 animalibus,
454 3435 588 3482 admodum
599 3434 702 3482 obscure
711 3448 769 3482 eon-
813 3447 883 3481 cerus
900 3432 926 3481 in
943 3433 1073 3482 Thesauro
1089 3434 1269 3483 Ecclesiastico.

222 3513 262 3561 tici
272 3513 343 3560 debet
354 3512 468 3575 exemplo
480 3515 565 3561 imarii
578 3515 660 3561 leonis.
679 3512 772 3572 Quodsi
849 3514 968 3560 Teutoait
985 3515 1012 3560 iu
1029 3515 1099 3562 deici
1109 3515 1221 3562 inventu.
1249 3515 1284 3561 In
1296 3514 1366 3563 abest

222 3606 280 3640 vero
298 3591 461 3639 Prometheus
479 3592 591 3640 timorem
609 3592 742 3654 depromsit
757 3609 772 3640 a
814 3590 845 3638 ab
866 3604 916 3638 uno
938 3591 995 3640 MS.
1013 3591 1219 3639 Franckeranum
1236 3591 1311 3640 hahet
1327 3595 1365 3640 iu·

221 3669 315 3733 lepore,
332 3671 447 3718 astutiam
465 3684 480 3715 a
491 3670 577 3732 vulpe,
589 3671 772 3727 iramaleone,
814 3671 894 3728 dulci,
906 3670 971 3732 quod
983 3670 1119 3718 coniecerat
1130 3669 1286 3720 Waddelius.
1297 3671 1364 3721 Slot·

222 3755 251 3796 ut
268 3748 327 3796 dicit
344 3747 442 3798 Comm.
455 3748 569 3811 Cruquii,
582 3749 770 3812 sunthaepar-
815 3747 895 3795 houw.
926 3748 952 3796 in
978 3749 1051 3797 Actis
1079 3749 1207 3798 Literariis
1234 3749 1365 3799 Societatis

223 3829 315 3877 titulae
332 3827 442 3890 undique
453 3827 575 3886 desectae,
588 3841 638 3875 non
649 3842 769 3890 unapar-
814 3826 970 3877 Traiectinaa
987 3828 1018 3877 T.
1036 3828 1085 3877 III.
1103 3844 1160 3890 pag.
1181 3830 1235 3878 190.
1252 3829 1365 3878 volebat:

223 3906 308 3955 cicala.
350 3905 438 3969 Neque
466 3907 531 3954 enim
556 3907 660 3969 intelligi
690 3913 769 3968 potest
817 3908 948 3968 Tattaeit,
967 3909 1027 3955 heu!
1046 3910 1133 3956 urtica.

708 4138 871 4160 ⁴&—

1395 2892 1423 2937 ὓ
