2916 5220
559 289 902 356 (restaurabat

388 480 421 544 Si
446 484 573 564 pugnat
597 479 755 542 extricata
778 479 889 544 densis

431 581 533 648 Cerva
555 580 680 666 plagis,
702 582 763 646 erit
787 582 843 646 ille
866 582 981 665 fortis,

344 687 407 766 Qui
431 684 563 771 perfidis
588 707 623 750 se
646 685 784 750 credidit
807 686 975 768 hostibus,

341 791 385 853 Et
409 790 515 852 Marto
539 789 665 852 Pocnos
690 795 832 872 proteret
855 789 974 872 altem,

384 892 447 971 Qui
471 891 541 955 lora
563 891 721 955 restrictis
746 890 877 957 lacertis

432 993 543 1058 Sensit
568 993 654 1058 iners
680 993 857 1079 timuitque
881 1006 1029 1061 mortem.

341 1098 425 1180 Hic,
449 1095 536 1160 unde
560 1096 662 1160 vitam
689 1102 832 1162 sumeret
856 1098 998 1180 inscius,

339 1202 458 1266 Pacem
483 1198 592 1264 duello
616 1198 760 1264 miscuit.
810 1198 982 1285 Opudor!

383 1303 411 1369 Ο
434 1324 556 1387 magna
579 1302 761 1387 Carthago,
786 1304 951 1388 probrosis

428 1405 538 1470 Altior
561 1405 678 1470 Italiae
700 1405 844 1470 ruinisl’'

241 1571 244 1580 .
341 1511 458 1575 Fertur
481 1507 619 1593 pudicae
642 1507 791 1594 coniugis
816 1509 966 1574 osculum

341 1614 528 1696 Parvosque
551 1616 665 1693 natos,
690 1616 728 1676 ut
752 1612 870 1697 capitis
894 1613 1020 1695 minor,

383 1716 436 1780 Ab
460 1736 494 1780 se
516 1715 694 1779 removisse
716 1720 750 1780 et
772 1716 901 1780 virilem

429 1817 550 1882 Torvus
573 1817 666 1881 humi
688 1819 838 1904 posuisse
860 1819 1006 1902 vultum,

341 1921 453 1984 Donec
476 1918 626 1984 labantes
650 1920 788 1985 consilio
813 1923 927 1987 Patres

340 2023 503 2086 Firmaret
525 2027 638 2087 auctor
661 2045 842 2109 numquam
866 2025 947 2090 alias
972 2026 1064 2109 dato,

384 2127 538 2211 Interque
560 2132 742 2193 moerentes
766 2129 888 2194 amicos

429 2230 591 2315 Egregius
614 2237 801 2316 properaret
825 2233 927 2298 exsul.

340 2333 445 2418 Atqui
470 2333 610 2416 sciebat,
634 2355 717 2418 quac
741 2334 804 2399 sibi
827 2335 982 2401 barbarus

337 2438 450 2502 Tortor
472 2444 617 2521 pararet:
642 2458 709 2501 non
732 2437 828 2502 aliter
851 2445 962 2504 tamen

159 2590 210 2642 rat,
232 2597 282 2632 non
304 2581 367 2629 vult.
396 2581 490 2643 Virgil.
512 2581 532 2628 Ι.
556 2580 646 2641 Georg.
664 2581 703 2628 39.
778 2581 845 2640 Hie,
871 2583 936 2629 unde
958 2582 1038 2630 vitum
1054 2587 1175 2639 sument,
1194 2584 1298 2633 inscius.

161 2663 214 2710 Neo
234 2662 344 2722 repetita
364 2661 434 2722 sequi
455 2664 530 2708 curat
547 2660 706 2719 Proserpina
745 2659 822 2706 Militi
837 2673 888 2706 una
909 2673 964 2722 spos
989 2660 1016 2708 in
1041 2660 1145 2722 virtute,
1170 2661 1241 2708 salus
1266 2676 1298 2710 ex

158 2745 273 2786 matrem.
295 2737 346 2785 IX.
367 2736 435 2785 Aen.
452 2737 509 2785 518.
544 2738 597 2785 Nec
613 2743 706 2786 curant
745 2737 855 2786 victoria.
888 2738 1001 2801 Thucyd.
1024 2738 1061 2787 11.
1087 2739 1128 2786 42.
1162 2737 1208 2787 Ἐν
1226 2737 1299 2803 αὐτῷ

158 2831 225 2866 coeco
245 2817 390 2865 contendere
410 2815 506 2864 Marte.
542 2815 636 2864 Seneca
652 2815 705 2863 Me·
746 2821 783 2882 τῷ
800 2815 940 2882 ἀμύνεσθὰι
957 2818 999 2866 καὶ
1015 2818 1109 2865 παθεῖν
1119 2817 1222 2880 μᾶλλον
1233 2817 1297 2882 ἡγη-

159 2897 205 2944 deu
217 2896 273 2944 591.
301 2895 393 2943 Caecus
410 2895 540 2956 cationis,
557 2893 706 2941 stimulatus
746 2896 850 2960 σάμενοι
869 2897 886 2956 ἢ
904 2897 941 2960 τῷ
957 2896 1073 2953 ἐνδόντες
1089 2895 1222 2951 σώζεσθαι.
1241 2897 1295 2945 Xe-

158 2975 213 3034 ira‚
232 2975 286 3023 Nee
302 2975 354 3035 reat
370 2977 452 3021 curat.
481 2971 572 3020 Virtus
584 2969 658 3018 habet
669 2984 705 3018 se·
745 2975 819 3037 noph.
837 2975 921 3024 Anah,
939 2974 989 3023 ΙΠ,
1010 2977 1032 3023 l,
1058 2973 1166 3023 Ὁπόσοι
1181 2981 1230 3039 μὲν
1247 2995 1297 3038 μα.

159 3052 261 3100 demin
282 3051 364 3099 animo
384 3050 431 3098 viri
447 3049 525 3098 fortis.
559 3048 653 3098 Statius
671 3050 704 3098 X.
746 3054 860 3103 arctoam
885 3055 932 3114 ζῆν
958 3054 983 3102 ἐκ
1016 3053 1115 3110 παντὸς
1141 3052 1241 3116 τρόπου
1269 3053 1298 3101 ἐν

159 3131 237 3181 Theb.
254 3131 310 3180 628.
349 3132 449 3189 Virtus,
471 3144 513 3178 teu
532 3133 608 3191 pater
628 3131 705 3177 omni·
746 3135 800 3189 τοῖς
818 3132 975 3196 πολεμικοῖς,
1002 3129 1073 3180 οὗτοι
1097 3135 1179 3187 κακῶς
1207 3149 1235 3180 τε
1256 3134 1297 3180 καὶ

155 3217 244 3274 poteret
261 3212 364 3266 tribuit,
379 3211 431 3258 ciue
446 3210 503 3272 ipsa
519 3223 622 3271 caputet
643 3209 703 3258 Ele·
746 3209 857 3275 αἰσχρῶς
889 3210 922 3267 ὡς
951 3210 1062 3258 ἐπιπολὺ
1091 3208 1296 3268 ἀποθνήσκουσι.

157 3293 195 3354 qit
209 3297 344 3355 penetrare
360 3291 434 3338 viros.
469 3287 497 3338 Si
516 3303 549 3338 ex
565 3288 621 3336 sede
638 3287 703 3336 exci-
746 3288 897 3339 Liv.1.27.
934 3291 971 3337 Ut
985 3290 1061 3351 prius
1078 3290 1106 3336 in
1122 3290 1185 3337 bello
1200 3304 1297 3350 pacem,

158 3368 206 3427 dit,
223 3383 273 3418 non
290 3369 347 3417 vult
363 3368 456 3431 reponi.
746 3371 826 3418 sicin
840 3384 904 3430 pace
920 3370 1011 3418 bellum
1027 3382 1158 3432 quaerens.

192 3449 223 3496 Si
244 3454 346 3509 paonat
370 3448 497 3496 extricata
518 3447 601 3495 deeris
625 3445 706 3494 Cerva
780 3451 866 3497 Altior
899 3449 995 3497 Italiae
1028 3449 1117 3497 ruinis.
1163 3445 1239 3495 Ovid.
1274 3446 1296 3494 1.

156 3528 246 3589 pieplo.
271 3524 582 3576 Valer.Flaoo.III.70ti.
606 3528 706 3586 Aspera
745 3527 814 3576 Fast.
832 3527 888 3575 523,
927 3527 1001 3575 Victa
1018 3532 1102 3575 tamen
1117 3527 1212 3582 muca,
1230 3541 1296 3575 euer-

157 3621 225 3654 nanc
240 3605 343 3667 pauidos
360 3609 449 3652 contra
464 3606 598 3666 ruitaauu
612 3605 705 3652 leones?
745 3622 821 3670 eoque
840 3607 919 3655 Troia
934 3620 1051 3668 resuraee.
1105 3605 1202 3653 Obruet
1220 3607 1296 3654 besti

160 3684 261 3733 Servius
276 3684 307 3731 ad
321 3681 415 3744 Virgil.
425 3682 474 3731 VI.
488 3682 555 3731 Aen.
563 3683 605 3733 27.
619 3682 706 3730 laudat
747 3688 780 3734 lea
796 3687 844 3734 illa
860 3685 937 3732 ruina
953 3686 1042 3733 mmet.
1081 3684 1157 3732 Urite
1177 3685 1297 3733 uictrices

158 3761 258 3812 Horatii
281 3775 392 3810 versum:
417 3762 558 3810 Burmann.
578 3761 605 3808 in
626 3760 703 3810 MSS.
747 3764 880 3826 Neptunia
905 3765 1033 3824 Peryoma
1051 3761 1182 3824 flammae.
1224 3763 1296 3809 Nune

83 3888 85 3893 ,
159 3842 239 3894 Servii
255 3853 299 3904 pro
315 3841 339 3887 ei
354 3837 380 3886 in
396 3839 465 3903 Lips.
479 3839 537 3889 MS.
546 3852 598 3888 esse
608 3839 642 3886 ait
654 3840 704 3889 eia:
746 3843 831 3891 minue
848 3842 887 3890 llic
904 3846 955 3890 toto
972 3846 1010 3890 eet
1026 3841 1105 3889 altior
1121 3841 1179 3888 orbe
1195 3841 1275 3890 einis?

158 3922 225 3987 quod
247 3927 272 3969 ct
292 3919 335 3967 alii
352 3918 501 3968 invenerunt
517 3920 543 3967 in
560 3917 636 3968 MSS.
654 3917 705 3968 Ho·
779 3922 862 3982 Atqui
877 3921 978 3968 edebat.
1012 3918 1101 3968 Valet.
1127 3919 1200 3967 Max.
1227 3917 1249 3966 1.
1275 3919 1294 3966 1.

158 4002 266 4051 rationis.
300 3999 358 4048 Huc
374 3999 450 4048 etiam
466 3999 573 4062 pertinet
588 3998 704 4046 Lactant.
746 4000 782 4046 In
799 4000 955 4047 eontrarium
971 4000 1030 4047 dato
1047 3999 1162 4057 cornilio,
1183 3997 1294 4046 Cartha-

158 4082 208 4131 VI.
225 4081 287 4129 Inst.
303 4080 345 4127 24.
374 4080 454 4128 Muto
467 4095 562 4143 quoque
574 4078 705 4139 animalia,
745 4080 826 4140 qinom
842 4079 946 4140 repetit,
967 4093 1017 4127 non
1033 4080 1150 4139 ionarua
1167 4078 1203 4125 ud
1218 4091 1296 4138 quarn

159 4176 216 4209 oum
226 4161 325 4224 fraude
342 4163 523 4224 capitulana
536 4160 705 4222 aliquomodo
746 4158 857 4205 crudeles
883 4171 1006 4219 quamque
1035 4158 1113 4204 etiam
1141 4156 1231 4203 merito
1257 4157 1295 4203 in·

158 4241 229 4286 sein
239 4239 333 4302 fuqarn
348 4240 542 4295 extricaverint,
550 4239 624 4300 fiunt
636 4243 701 4300 post·
739 4236 823 4298 festos
838 4236 885 4284 sibi
901 4239 1076 4284 reverteretur.

160 4319 229 4366 recedo
245 4319 368 4366 cautiora.
780 4316 838 4363 Non
855 4315 931 4362 aliter
949 4318 1040 4363 tamen.
1074 4313 1147 4362 Ovid.
1165 4311 1214 4360 IX.
1239 4313 1293 4361 Me·
