2916 5220
655 338 973 401 Crlltllle'M

424 526 559 594 Soandit
582 536 707 589 aeratas
732 524 853 588 vitiose
877 545 975 588 naves

423 629 509 698 Oura
537 649 597 693 nec
620 626 745 693 turmas
769 625 917 711 equitum
937 626 1114 711 relinquit,

423 731 520 800 Ocior
544 730 647 797 cervis
678 736 711 795 et
734 735 851 815 agente
875 729 1003 794 nimbos

495 827 607 901 ¹Ocior
631 834 728 897 Euro.
1078 904 1081 911 ¹

421 938 542 1002 Laetus
567 937 602 1000 in
625 948 778 1021 praesens
803 934 934 999 animus
964 935 1051 1019 quod
1074 935 1163 999 ultra
1185 938 1236 999 est

422 1038 537 1107 Oderit
560 1061 687 1121 curare,
712 1044 745 1103 et
769 1059 880 1102 amara
902 1037 992 1102 lento

420 1144 589 1228 Temperet
611 1142 689 1206 risu.
738 1140 831 1205 Nihil
855 1146 906 1205 est
929 1141 976 1205 ab'
994 1128 1085 1205 omni

510 1247 609 1310 Parte
632 1246 774 1310 beatum.

421 1348 574 1414 Abstulit
597 1348 722 1412 clarum
746 1347 812 1413 cita
835 1368 922 1412 mors
947 1348 1129 1431 Achillem,

422 1453 537 1537 Longa
559 1451 737 1516 Tithonum
761 1449 884 1514 minuit
907 1456 1075 1516 senectus:

242 1583 410 1642 difficultates,
418 1584 535 1647 legendo:
555 1584 728 1641 Quidterras,
741 1584 792 1631 atto
833 1584 933 1645 triaque
962 1590 1086 1633 extorres:
1113 1584 1176 1642 sive,
1202 1591 1231 1631 ut
1255 1585 1280 1632 in
1307 1583 1382 1633 Corn.

241 1664 351 1712 calentes
372 1661 444 1722 Sole,
464 1668 592 1711 mutumne
611 1665 716 1726 patria?
749 1662 791 1710 In·
832 1660 958 1709 Frontone
975 1678 998 1724 p.
1017 1662 1072 1710 515.
1091 1665 1147 1710 orbe
1160 1668 1383 1712 terraramextor·

241 1742 355 1804 geniose,
385 1739 497 1802 quisquis
530 1748 617 1788 auctor
651 1741 684 1789 eit
717 1741 792 1788 huius
832 1754 879 1788 ree.
913 1740 1060 1802 Hieronym.
1076 1741 1157 1802 Epist.
1169 1742 1208 1790 39.
1237 1743 1383 1800 Quaeritur

240 1819 427 1868 emendationis.
461 1817 595 1867 Claudian.
607 1819 679 1868 Bello
691 1819 791 1870 Gildon.
833 1823 1009 1870 monachorum
1025 1823 1098 1870 exsul
1112 1823 1227 1883 patriae,
1245 1837 1295 1870 aaa
1312 1823 1385 1870 exsul

244 1898 297 1947 118.
324 1899 456 1947 Palatinis
467 1900 573 1946 mutasti
584 1900 688 1947 collibus
706 1900 790 1946 Idaea
832 1901 981 1949 mercandi.

242 1976 353 2025 Paullin.
371 1974 454 2026 Garm.
472 1991 528 2038 pag.
545 1976 584 2023 43.
616 1977 732 2024 Mutavit
745 1993 791 2039 pa·
867 1978 974 2026 Soaadit
989 1983 1092 2026 aeratae
1103 1979 1193 2026 vitiosa
1204 1992 1287 2026 naves
1306 1980 1381 2039 Pap·

242 2058 307 2104 miae
323 2062 425 2105 externo
441 2057 534 2116 cespite
551 2060 641 2103 terras.
676 2055 736 2104 Vid.
753 2056 789 2102 in·
830 2072 875 2118 pea
905 2062 1021 2118 excerpta
1050 2055 1178 2105 Bodleian.
1221 2055 1295 2116 Quod
1321 2056 1383 2104 mihi

241 2142 316 2197 terpr.
335 2135 366 2182 ad
383 2134 471 2182 Horat.
480 2134 502 2183 Ι.
520 2134 604 2185 Carm.
616 2136 682 2186 17.2
715 2136 788 2184 Dice·
832 2135 968 2198 elegantius
1002 2135 1107 2183 videtur.
1155 2134 1222 2182 Nam
1252 2135 1323 2183 locus
1356 2137 1382 2184 in

241 2227 280 2260 res
294 2212 329 2261 ita
341 2227 439 2276 quoque
450 2213 540 2277 legisse
547 2214 790 2264 IanumSecundum
831 2214 955 2276 puppibus
978 2212 1134 2270 honoratior,
1155 2213 1240 2276 ibique
1260 2221 1320 2262 sunt
1340 2216 1382 2263 do·

241 2298 266 2339 et
282 2290 373 2340 Ianum
390 2292 518 2352 Douzam,
540 2293 686 2343 excellentis
707 2293 790 2341 iudicii

240 2376 265 2417 et
283 2369 421 2432 elegantiae
441 2371 526 2433 poetas
551 2372 666 2422 Batavos.
693 2372 713 2420 I.
744 2373 788 2423 Se·

240 2448 338 2496 enudus
365 2447 449 2499 carm.
480 2466 504 2513 p.
538 2451 591 2500 155.
638 2454 679 2500 Et
706 2454 788 2501 dicat:

237 2529 329 2588 patria
345 2529 402 2590 qaia
420 2535 445 2577 te
461 2534 560 2580 mutare
576 2533 665 2581 relicta
683 2533 789 2580 Feruen-

241 2612 277 2656 tee
288 2609 339 2656 aleb
350 2610 400 2656 sole
410 2608 489 2669 coepit
499 2623 578 2670 apros.
604 2609 693 2658 Douza
704 2608 788 2659 Carm.

239 2700 263 2747 p.
283 2686 336 2733 103.
370 2685 475 2735 Incaato
492 2687 576 2734 treceni
589 2688 678 2749 patria
691 2695 790 2737 irrotare

240 2766 331 2814 relteta
358 2767 512 2828 Ftapraatee
537 2768 589 2814 alio
613 2768 694 2815 cidere
714 2770 788 2815 lussit

239 2858 319 2903 apros.
329 2842 518 2906 Oudendorpius
530 2844 562 2890 ad
570 2844 703 2892 Lucanum
710 2845 788 2894 VIII.

239 2920 295 2971 217.
307 2922 438 2984 vulgatam
450 2923 579 2972 lectionem
592 2923 707 2973 defendit.
725 2926 788 2973 Bur·

239 3014 324 3048 mann.
346 3000 420 3049 etiam
442 3001 468 3048 in
489 3001 594 3050 Anthol.
620 3003 705 3051 Latin.
728 3004 787 3053 Vol.

240 3078 275 3127 II.
296 3094 320 3141 p.
346 3080 409 3128 528:
434 3079 509 3142 plana
534 3079 664 3129 immemor
689 3096 788 3140 eorum,

831 2291 892 2340 mini
908 2299 933 2340 et
949 2293 1030 2341 duces.

866 2372 1010 2420 Laetoria
1037 2386 1156 2434 praesens
1185 2373 1287 2419 calenas
1317 2373 1384 2433 qaod

831 2450 903 2496 altra
928 2455 964 2498 eet
998 2451 1088 2498 Oderit
1112 2464 1215 2506 carcre,
1241 2456 1266 2498 et
1291 2466 1383 2498 antara

831 2528 897 2575 lento
917 2529 1047 2590 Temperet
1061 2528 1123 2575 risu.
1144 2527 1272 2576 Bentleius
1288 2530 1384 2590 antrat,

831 2607 925 2662 oderis,
943 2612 1069 2668 terrrperea.
1103 2604 1211 2664 Probat,
1229 2613 1258 2654 ut
1269 2608 1381 2665 videtur,

831 2683 997 2732 Ruhnkenius
1017 2684 1048 2731 ad
1068 2684 1158 2733 Vellei.
1176 2685 1275 2736 Patere.
1291 2686 1328 2735 II.
1340 2688 1380 2736 93.

830 2763 912 2811 Nemo
926 2769 1009 2811 autem
1022 2763 1086 2812 illud
1096 2767 1176 2813 laetae
1188 2767 1269 2813 animi
1281 2779 1380 2815 accura-

831 2841 881 2889 tius
898 2842 1034 2891 illustravit
1046 2844 1149 2892 Heinsio
1170 2845 1202 2892 ad
1223 2843 1297 2894 Ovid.
1317 2846 1380 2895 VII.

830 2921 932 2970 Metam.
943 2923 999 2970 435.
1017 2923 1049 2970 ad
1065 2923 1187 2986 VirgilI.
1200 2924 1266 2972 Aen.
1276 2924 1333 2973 441.
1355 2934 1381 2974 et

830 2998 856 3045 in
874 2999 1010 3047 Adversar.
1027 3016 1050 3063 p.
1063 3000 1120 3049 229.
1146 3002 1203 3064 Ego
1214 3002 1320 3064 vulgata
1331 3018 1381 3051 non

830 3091 956 3135 moveam,
972 3079 1020 3127 nisi
1036 3086 1132 3128 mutato
1148 3086 1269 3142 teraperet
1278 3081 1305 3127 in
1318 3089 1380 3132 teur-

239 3173 302 3221 quae
318 3159 448 3222 scripserat
464 3160 495 3206 ad
513 3158 621 3206 Lotiohii
637 3159 749 3210 Poemat.
763 3177 787 3225 p.
830 3172 906 3219 peres.
940 3158 1007 3206 Nam
1029 3157 1113 3206 auimo
1129 3160 1208 3207 rasam
1226 3160 1322 3208 lanum
1338 3175 1380 3210 ne·

238 3238 280 3286 48.
297 3245 333 3295 et,
350 3239 416 3302 quod
432 3238 539 3298 mireris,
561 3238 588 3286 in
608 3239 662 3301 ipsa
681 3239 787 3288 Anthol.
830 3248 880 3296 que
914 3235 992 3283 alium
1025 3250 1207 3300 quemcumque
1240 3237 1378 3289 tribuerim,

239 3316 299 3366 Vol.
325 3318 347 3366 I.
371 3334 395 3380 p.
422 3318 479 3367 291.
521 3317 609 3379 Neque
634 3331 731 3377 vereor,
757 3334 788 3368 ne
829 3313 958 3362 Bentleius
975 3321 1000 3363 et
1017 3315 1063 3362 hoc
1079 3321 1173 3374 mutat,
1199 3316 1308 3364 scribens
1330 3321 1380 3367 leni

239 3394 382 3442 amittamus
411 3393 525 3444 antitheti
558 3395 678 3456 gratiam,
711 3409 787 3457 quam
829 3393 892 3441 risu.
928 3392 977 3442 Sed
1003 3395 1065 3442 lena
1090 3396 1158 3443 ricae
1183 3401 1220 3443 est
1244 3409 1277 3444 ex
1302 3398 1379 3447 animi

238 3487 292 3521 esse
308 3474 393 3521 dicunt
409 3475 434 3521 in
451 3472 560 3535 vulgatis
580 3476 650 3536 qaia,
676 3476 720 3537 qai
740 3490 787 3536 pa·
830 3473 958 3519 sententia
992 3472 1035 3520 Ex
1055 3473 1132 3521 animi
1152 3479 1236 3522 autem
1257 3478 1379 3525 sententia

239 3552 318 3599 triam
331 3552 418 3614 sapit,
442 3567 469 3600 ee
492 3568 587 3615 quoque
605 3554 686 3617 fugit,
720 3554 787 3602 Nam
829 3548 855 3594 in
872 3549 947 3596 rebus
964 3550 1054 3598 amaris
1072 3564 1144 3598 nemo
1160 3550 1231 3599 ridet.
1265 3551 1316 3611 At,
1337 3555 1376 3602 ln·

238 3630 322 3689 exem,
346 3635 371 3677 et
387 3632 458 3678 easal
482 3633 597 3691 patriae,
622 3632 696 3695 plane
721 3631 787 3681 idem
829 3627 883 3690 quit
899 3628 1040 3687 Bentleius,
1061 3632 1131 3678 rtaas
1158 3632 1241 3678 leatus
1262 3631 1315 3679 sine
1335 3647 1378 3681 ex-

239 3712 305 3754 sunt.
339 3707 386 3766 Et,
404 3707 425 3754 si
450 3707 524 3764 uelis,
546 3712 649 3771 patriae
676 3716 787 3772 repetere
829 3707 910 3769 emplo
927 3715 970 3757 est.
1003 3709 1092 3772 Neque
1108 3723 1154 3771 ego
1170 3709 1270 3773 aliquod
1286 3710 1376 3761 inveni.

238 3785 329 3847 poteris
345 3799 378 3833 ex
393 3786 600 3838 antecedentibus.
628 3790 786 3853 Quamquam
830 3786 858 3836 Si
874 3793 958 3836 tamen
973 3803 1057 3837 omnes
1069 3788 1146 3836 animi
1157 3787 1260 3837 affectus
1273 3789 1377 3840 ridendo

237 3864 303 3912 idem
324 3864 403 3913 faeere
423 3864 497 3913 liceat
520 3866 616 3915 insola
632 3881 691 3915 voce
707 3869 786 3916 exeat.
828 3865 1010 3927 significamus,
1030 3868 1137 3915 ridentes
1155 3869 1260 3928 aeriter,
1276 3873 1376 3927 acerbe,

238 3943 311 4006 Quis,
333 3946 376 4009 qui
399 3945 480 3995 solum
505 3954 638 4008 paternum
663 3945 739 4008 fugit,
761 3960 787 3995 se
828 3960 926 4004 aurare,
945 3946 1030 4009 quidni
1046 3953 1071 3995 et
1088 3947 1200 3994 animum
1211 3946 1237 3994 in
1248 3948 1323 3996 rebus
1334 3951 1376 3998 ad-

237 4038 335 4088 quoque
355 4024 434 4087 fugit?
468 4024 613 4084 Caeterum,
634 4026 695 4088 quin
715 4027 788 4073 exeat
828 4022 905 4071 versis
927 4027 1035 4082 lentum,
1060 4026 1110 4072 risu
1136 4025 1204 4074 lento
1224 4025 1377 4078 indicemus?

235 4106 339 4164 patriae
355 4109 380 4151 et
397 4105 489 4166 patria
513 4110 580 4153 recte
605 4104 712 4163 dicatur,
736 4119 788 4153 non
828 4099 916 4161 Qualis
938 4100 969 4148 sit
993 4102 1068 4150 homo
1089 4104 1185 4161 lentae,
1207 4114 1377 4165 exposuerunt

238 4181 404 4230 dubitandum
426 4187 471 4229 est.
510 4181 644 4230 Sallustius
669 4182 786 4245 Iugurth.
828 4177 969 4228 Gronovius
987 4182 1018 4229 ad
1043 4182 1117 4231 Herc.
1143 4179 1214 4230 Oetci
1238 4195 1275 4228 vs.
1306 4184 1375 4233 1281.

240 4261 278 4308 lt.
296 4261 381 4309 Exsul
393 4260 495 4321 patria,
508 4261 583 4309 dcam.
603 4261 637 4308 Et
647 4261 674 4308 in
684 4261 785 4323 Fragm.
828 4257 945 4307 Heinsius
967 4260 998 4308 ad
1019 4258 1092 4309 Ouid.
1115 4260 1177 4310 XV.
1199 4260 1301 4312 Heroid.
1322 4266 1375 4314 169.

239 4338 305 4400 apud
331 4337 408 4386 Arus.
431 4337 506 4385 Mess.
528 4354 552 4400 p.
575 4339 630 4386 439.
659 4341 719 4387 arbe
737 4354 785 4401 pa·
828 4344 853 4386 ct
872 4339 992 4388 Ernestus
1009 4341 1040 4388 ad
1058 4341 1135 4390 Tacit.
1154 4340 1202 4390 ΙΠ.
1221 4340 1317 4391 Annal.
1335 4347 1374 4396 70.
