2916 5220
498 319 673 382 LIBER
722 318 776 381 lV.

256 506 340 573 Sicci
365 529 459 572 urano
483 507 553 590 die,
578 507 718 571 dicimus
741 505 853 588 uvidi,

345 609 452 688 Quum
479 610 535 676 Sol
559 609 687 676 Oceano
711 609 831 674 subest.

75 760 162 809 habita
177 761 278 809 ratione.
290 759 363 810 Ovio.
374 761 410 809 Il.
427 763 495 810 Fast.
511 763 563 810 139.
585 763 625 809 Ta
665 761 865 816 bone,Beutleius
874 759 996 808 nesciebat
1005 761 1088 808 anhoc
1100 761 1214 809 decenter·

77 842 163 902 rupta,
180 841 338 897 seccanae,
356 843 471 898 ducere,
488 843 556 888 latet
574 856 625 889 esee
665 846 690 887 et
715 839 767 887 sine
784 838 883 886 fastidio
905 838 998 887 factum
1015 841 1054 888 sit.
1088 841 1151 888 Mihi
1168 857 1213 889 rea

74 921 182 981 paellae.
208 920 331 981 Loquitur
348 918 453 969 Ovidius
470 920 499 968 de
516 920 625 968 Romulo
665 931 746 978 neque
764 918 878 965 decenter
894 932 974 981 neque
992 919 1045 967 sine
1061 919 1160 966 fastidio
1172 934 1212 966 va-

78 1004 103 1045 11
128 997 258 1060 Augusto:
276 998 327 1046 vid.
352 999 489 1046 Markland
515 999 532 1046 l.
558 999 575 1046 l.
602 1005 626 1046 ct
666 997 756 1044 riatum
788 997 921 1044 videretur.
958 998 1084 1046 Ardenter
1117 997 1213 1059 aliquid

78 1075 217 1124 Burmann.
235 1077 265 1123 ad
279 1077 392 1139 Propert.
404 1077 440 1125 11.
454 1079 491 1126 13.
503 1078 543 1126 20.
561 1078 625 1125 Pru·
665 1084 789 1140 petentes,
806 1085 919 1138 orantes,
937 1079 1144 1136 nominaeorum,
1153 1091 1214 1139 quos

77 1154 188 1211 dentius,
206 1156 248 1218 qui
267 1156 400 1204 Horatium
417 1171 488 1219 saepe
506 1157 628 1217 imitatur,
667 1172 778 1213 oramuS,
796 1157 922 1220 eleganter
938 1158 1064 1206 iteramus.
1090 1158 1214 1220 Incepita

78 1232 244 1294 Imperatores
261 1234 347 1281 multis
364 1233 627 1296 locihppellatbonos
668 1238 721 1283 dax
738 1238 808 1292 boae,
833 1236 858 1282 in
885 1238 937 1284 dux
961 1239 1020 1284 bone
1041 1237 1120 1284 desiit.
1153 1236 1214 1283 Vim

78 1312 195 1369 duces‚v.
204 1326 225 1360 c.
236 1312 402 1361 Theodosium
411 1313 535 1374 Magnum
544 1311 627 1360 Leon·
668 1321 692 1362 et
709 1315 815 1377 gratiam
836 1315 862 1361 in
888 1317 964 1362 bonas
981 1321 1092 1376 captasse
1108 1314 1214 1362 videtur.

80 1397 120 1437 tra
129 1390 224 1453 Symm.
233 1392 289 1440 619.
307 1392 380 1453 Quod
390 1393 422 1439 cd
435 1392 565 1454 repetitum
575 1393 628 1439 dax
670 1392 727 1450 Sin,
744 1407 789 1455 pro
801 1396 875 1442 Dicis
889 1396 948 1443 boae
965 1393 1034 1441 aliud
1047 1393 1214 1456 quaesivisset.

545 1568 745 1596 ψ-

458 1730 734 1796 OARMEN
780 1732 837 1795 VI.

261 1896 373 1993 Divo,
398 1931 494 1993 quem
518 1908 625 1993 proles
650 1908 777 1973 Niobea
800 1930 942 1993 magnae

258 2013 432 2078 Vindicem
455 2012 588 2096 linguae
617 2011 792 2096 Tityosque
816 2016 928 2096 raptor

260 2116 370 2181 Sensit
393 2121 426 2179 et
449 2115 560 2179 Troiae
583 2135 683 2198 prope
706 2113 810 2178 victor
833 2114 920 2178 11111

348 2219 489 2282 Phthius
513 2217 680 2298 Achilles,

260 2321 402 2388 Caeteris
426 2321 548 2402 maior,
572 2320 634 2384 tibi
657 2320 752 2385 miles
776 2319 900 2404 impar,

261 2424 367 2490 Filius
392 2445 590 2509 quamquam
614 2423 766 2487 Thetidos
790 2422 938 2486 marinae

259 2528 438 2591 Dardanas
461 2537 565 2590 turres
587 2536 728 2611 quateret
751 2525 913 2590 tremenda

355 2631 493 2716 Cuspide
509 2653 655 2716 puplica.

261 2735 341 2817 1111,
365 2735 506 2798 mordaci
528 2733 610 2798 11111
634 2737 697 2798 icta
709 2733 807 2818 serre

260 2839 365 2902 Pinus
387 2847 443 2901 111
468 2837 607 2922 impulsa
630 2858 798 2921 cupressus
821 2838 929 2920 Eure,

263 2940 409 3005 Proeidit
430 2941 497 3005 late
520 2940 695 3025 posuitque
719 2940 842 3005 collum
867 2940 903 3005 iu

358 3044 496 3108 Pulvere
520 3044 650 3108 Teucro.

246 3229 397 3279 OARMEN
418 3229 466 3278 VI¹
670 3199 742 3248 metri
767 3214 861 3248 caussa.
903 3199 970 3247 Nam
1003 3199 1132 3247 dissimilia
1159 3207 1218 3248 suut

670 3281 713 3326 ille
736 3278 835 3337 cecidit,
859 3281 902 3326 1111
926 3292 976 3325 non
1002 3278 1107 3327 falleret.
1142 3280 1217 3329 Vete-

121 3327 270 3422 Tityosque
286 3365 382 3422 raptor,
401 3359 458 3408 MS.
475 3364 571 3420 raptos.
670 3372 708 3405 res
733 3357 794 3404 talia
814 3357 957 3419 repetebant
981 3357 1006 3403 in
1032 3371 1059 3404 re
1082 3357 1168 3405 cadem
1193 3367 1217 3408 et

118 3441 259 3488 Dardanas
271 3443 355 3486 turrea
367 3442 482 3499 quateret
494 3438 630 3486 tremenda.
670 3451 727 3484 cum
747 3436 784 3493 vi,
802 3451 864 3499 quae
881 3436 920 3483 hic
932 3434 1004 3482 nulla
1014 3435 1131 3485 cernitur.
1148 3437 1216 3486 Nam

82 3518 168 3582 Magis
184 3518 305 3566 concinna
323 3521 381 3563 suut
398 3521 422 3563 et
438 3515 566 3564 Romana:
586 3518 629 3563 Fi·
671 3514 816 3563 suffecisset:
842 3515 905 3563 Late
929 3514 1047 3577 procidit,
1076 3514 1145 3563 velut
1169 3517 1218 3564 ieta

82 3601 134 3646 lias
158 3599 271 3660 qmrnvts
295 3599 413 3646 Thettalos
431 3599 545 3645 marinae
566 3598 631 3644 Pro·
670 3591 736 3642 ferro
754 3595 836 3656 pinus.
871 3596 984 3642 Mordax
1009 3594 1114 3652 ferrum,
1140 3604 1217 3656 recte,

82 3678 147 3725 111111
163 3677 221 3724 late.
247 3676 318 3737 Quae
334 3675 361 3722 in
377 3675 459 3724 medio
469 3675 549 3738 posita
565 3682 631 3733 sunt,
671 3673 759 3730 credo,
780 3673 902 3722 diceretur
920 3674 980 3720 linia
992 3673 1129 3732 11111111,
1146 3676 1217 3724 cuius

82 3756 194 3818 glossam
219 3754 360 3802 huiusmodi
385 3753 464 3802 olent:
491 3755 632 3812 “Quaenam
671 3751 770 3801 effectus
787 3769 867 3818 neque
887 3760 937 3800 tam
955 3753 1029 3801 subiti
1050 3768 1129 3815 neque
1146 3756 1218 3804 vehe-

75 3834 155 3895 fitius
166 3832 631 3895 11111111111111111111111119111111,
671 3841 765 3882 mentes
777 3837 837 3884 sint:
855 3850 904 3882 non
924 3844 989 3883 recte
1005 3841 1078 3882 acuta
1094 3841 1118 3884 11
1126 3849 1218 3896 magna

84 3912 632 3973 1111111111,11111111111111111111111-
671 3914 778 3970 securis,
795 3929 855 3976 qua,
876 3913 944 3962 brevi
961 3921 1081 3976 tempore,
1099 3914 1164 3962 altae
1180 3929 1216 3961 ar-

83 3990 219 4037 1111111111.
242 3987 332 4036 Glossa
349 3989 457 4046 sublata,
475 3988 561 4037 melior
578 4001 632 4050 pro·
672 3992 743 4039 bores
760 3992 933 4039 demittuntur.

82 4067 150 4115 cedit
173 4069 300 4117 sententia
338 4069 458 4130 Quamvis
483 4068 550 4115 filius
571 4072 633 4114 esset
706 4072 816 4118 Pulvere
836 4072 936 4118 Teucro.
970 4069 1021 4117 Pro
1047 4072 1142 4120 Teucro
1158 4071 1217 4119 olim

84 4144 210 4202 Thetidis,
226 4147 296 4194 Deae
312 4147 433 4204 marinae,
459 4162 488 4195 ac
505 4153 634 4210 propterea
672 4148 698 4196 in
723 4149 779 4198 Ms.
805 4149 913 4197 Franek.
934 4149 982 4195 alia
1008 4162 1058 4195 vox
1081 4149 1218 4212 legebatur..

83 4225 148 4272 mori
164 4238 214 4273 non
226 4239 297 4288 posse
305 4226 437 4283 videretur,
448 4233 530 4274 tamen
539 4226 632 4276 cecidit.
672 4228 746 4276 Nunc
771 4244 841 4279 erasa
865 4235 902 4278 est
921 4236 946 4277 et
967 4231 1061 4279 Teucro
1085 4229 1110 4276 in
1135 4229 1218 4278 locum

118 4304 381 4354 itomanam
399 4307 452 4354 11
469 4305 551 4367 ferro.
583 4307 633 4354 rue
650 4291 654 4380 1
672 4307 758 4369 posca.
