2916 5220
571 296 891 361 CARMINUM

337 483 456 569 Perfer
480 487 512 547 iu
536 481 646 548 luceru:
664 481 784 568 procul
804 485 904 547 oiuuis
926 492 990 548 osto

399 613 402 618 ·
430 586 557 653 Cuuor
579 595 609 650 rt
632 589 692 650 ira.

335 691 429 754 Mitto
451 689 557 755 rioilus
579 710 677 774 super
705 687 787 753 Urbe
810 709 921 753 euros·

341 793 462 858 Occidit
483 794 571 857 Dooi
598 792 754 858 Cotisonis
777 813 903 878 opuou,

337 896 451 961 Meuius
475 894 610 980 infestus
633 893 694 960 sibi
716 894 865 960 luctuosis

425 998 572 1064 Dissidet
595 1002 711 1081 aruis,

337 1104 442 1167 Seroit
464 1103 637 1187 Hispouoo
659 1110 745 1166 oetus
766 1101 864 1166 hostis
886 1122 961 1166 orus

340 1203 515 1288 Cantaba,
539 1227 613 1270 sero
636 1204 771 1270 domitus
794 1214 921 1288 ootouo,

336 1310 408 1373 Iuro
430 1308 563 1393 Septies
586 1307 660 1372 louo
682 1307 874 1372 militamur
896 1330 975 1372 orou

431 1411 548 1476 Cedere
570 1414 698 1495 rumpis.

336 1513 521 1600 Neptunus,
546 1536 585 1578 uo
607 1535 669 1599 qua
685 1513 828 1598 populus
852 1512 983 1595 labora,

335 1618 443 1680 Porro
458 1620 609 1700 priuatus
632 1619 761 1682 nimium
784 1638 909 1682 roone:

156 1760 251 1808 virium
267 1773 311 1821 per
328 1764 405 1806 totam
422 1764 520 1808 nentem
531 1773 610 1820 usque
622 1757 654 1805 ed
666 1757 705 1804 lu·
745 1757 834 1820 perfer
851 1759 969 1807 lucunas
986 1760 1014 1806 in
1030 1758 1109 1806 lucem
1124 1763 1207 1820 potest
1225 1757 1300 1819 signi-

157 1839 235 1887 eem.’'
279 1837 328 1886 Sed
353 1851 426 1885 omne
450 1837 515 1884 illud
533 1836 598 1885 mele
615 1834 705 1883 Latine
747 1836 832 1886 linere:
857 1853 935 1902 usque
952 1839 1000 1901 ser
1024 1836 1099 1884 nimis
1128 1838 1300 1900 splendentes,

156 1916 252 1964 dietum
273 1922 317 1964 est.
352 1915 512 1979 Perferiuurs
533 1915 648 1963 lucernas
668 1913 705 1962 ni·
740 1915 787 1979 fer
803 1918 903 1966 odorem
919 1917 1018 1979 pinguis
1044 1916 1149 1965 nebulae
1175 1922 1200 1965 et
1225 1915 1299 1964 foete-

157 1997 234 2044 mium
252 1993 420 2057 splendentes,
437 1993 483 2056 ipsi
494 1994 573 2042 oeulis
584 2007 634 2042 non
646 1993 706 2041 adeo
747 2009 812 2050 rem,
834 1995 895 2043 dum
917 1994 1031 2043 lucescat
1064 1995 1152 2058 Neque
1179 1995 1300 2042 Horatius

157 2074 248 2130 firmis,
269 2072 310 2121 vel
329 2072 483 2135 perferimus
505 2072 621 2120 lucernas
641 2071 706 2120 mele
747 2073 1301 2136 siclnoemcnmluenuiseoniuuxisset‚qnie

155 2153 258 2200 olentes.
303 2151 391 2199 Aliam
419 2151 540 2199 rationem
568 2149 706 2213 perferendi
747 2159 772 2202 et
785 2155 1081 2210 luceruuesuamlnoem,
1095 2156 1300 2216 pbr,spargunt.

156 2230 197 2279 hie
217 2229 313 2292 ignoro.
352 2230 444 2291 Vipiles
464 2229 549 2277 eodem
570 2228 643 2277 modo
665 2229 706 2275 ad·
781 2234 878 2280 Procul
899 2233 977 2281 ouruis
998 2237 1050 2280 esto
1077 2230 1182 2279 Clonuor
1204 2237 1229 2279 et
1251 2233 1300 2278 iro.

156 2308 236 2356 hibuit
257 2306 389 2357 Gallienus
406 2307 544 2370 Imperator
561 2306 628 2369 apud
646 2306 706 2354 Tre·
747 2311 818 2360 Inter
835 2311 1006 2359 Maecenatem
1023 2317 1048 2359 et
1063 2311 1214 2359 Horatium?
1233 2310 1301 2357 Nam

156 2385 215 2435 bell.
238 2385 347 2434 Pollion.
373 2399 425 2449 esp.
454 2385 492 2433 ll.
533 2387 639 2443 Ludite,
663 2386 707 2433 seol
748 2389 778 2438 de
796 2389 850 2436 eliis
867 2389 978 2437 convivis
996 2389 1060 2437 nihil
1077 2388 1199 2451 legimus,
1220 2402 1301 2450 neque

155 2468 241 2529 vipiles
252 2468 330 2514 nolite
341 2468 499 2528 exstinquere
510 2467 619 2527 lychnos.
633 2463 706 2524 Quod
747 2482 782 2516 ex
803 2467 912 2516 carmine
932 2469 973 2516 vel
990 2469 1145 2532 suspicemur
1160 2469 1247 2530 plures
1266 2467 1301 2514 in·

155 2559 232 2608 prope
257 2545 351 2593 aceedit
379 2545 410 2591 ad
435 2543 499 2591 illud
525 2542 615 2591 Alcaei
640 2541 706 2604 apud
748 2546 867 2595 tersuisse.
901 2547 1015 2610 Apparet
1040 2562 1072 2595 ex
1098 2546 1204 2595 (liversis
1225 2546 1301 2595 inter-

156 2623 320 2672 Athenneum
340 2623 384 2671 lib.
401 2623 435 2670 X.
463 2623 590 2685 πίνωμεν,
615 2622 639 2670 τί
660 2621 707 2669 τὸν
747 2626 939 2688 pretationibuS,
959 2642 1034 2689 qnam
1051 2626 1091 2673 hie
1108 2626 1172 2674 nihil
1190 2628 1245 2674 sani
1262 2628 1301 2674 sit.

156 2702 256 2766 λύχνον
278 2702 434 2766 σβέννυμενς
460 2700 494 2749 N·
511 2699 629 2748 Heinsius
651 2713 707 2748 con·
748 2705 803 2754 Iam
826 2704 944 2767 cognitis,
966 2704 1029 2752 adde
1050 2705 1115 2752 hane
1134 2705 1259 2753 Wekkeri
1276 2705 1302 2752 in

157 2781 248 2830 iecerat
261 2781 351 2844 profer
368 2782 494 2828 inlunem.
514 2778 645 2827 Bentleius
660 2779 708 2826 hoc
748 2784 855 2831 Amoen.
873 2771 1002 2831 Liternriis
1019 2799 1043 2846 p.
1057 2783 1094 2830 14.
1125 2782 1181 2831 “Ne
1198 2783 1302 2832 clientes
1328 2826 1336 2839 ,

158 2860 253 2909 invenit
273 2874 371 2922 qunque
391 2860 418 2907 in
440 2859 491 2905 suis
508 2857 585 2906 Mss.
603 2858 646 2906 sed
662 2859 706 2905 mi·
749 2861 798 2917 tui,
815 2875 923 2922 quornm
940 2875 1010 2927 nuens
1027 2859 1107 2910 estin
1124 2861 1241 2923 querelis,
1254 2863 1302 2910 hoe

157 2955 205 2989 nus
230 2939 317 2987 laudat
341 2943 440 3000 propter
464 2935 624 2998 ambiguum,
650 2937 708 2999 quia
748 2940 840 3002 geniali
862 2939 902 2988 die
923 2946 948 2989 te
969 2945 1119 3002 oreupatum
1136 2945 1238 2988 teneant
1255 2941 1301 2988 mi-

156 3017 272 3080 proferre
292 3017 320 3063 iu
341 3018 422 3064 lurein
442 3014 567 3061 notissimo
589 3012 707 3075 loquendi
748 3019 824 3082 hique
840 3019 988 3082 denegent,''

157 3110 247 3159 genere
268 3095 334 3143 idem
355 3100 392 3143 est
412 3107 441 3140 tw
460 3095 549 3155 palam
558 3092 662 3154 facere,
679 3093 707 3140 in
784 3099 886 3148 Occidit
898 3099 968 3148 Dori
979 3098 1104 3148 Cotisonis
1116 3113 1212 3161 upiiieu.
1241 3097 1300 3146 MS.

158 3178 279 3233 uudiuuu,
300 3176 327 3222 iu
349 3177 467 3237 opertum
485 3168 608 3235 proferre·
641 3170 706 3218 Β111-
748 3176 839 3226 Greev.
864 3177 1009 3226 Cotisoutis.
1043 3176 1113 3225 Heee
1136 3181 1220 3224 antem
1242 3175 1302 3223 licta

157 3270 241 3303 menn.
267 3255 299 3302 erl
325 3250 571 3315 Proprietas)
591 3248 706 3297 Horatia·
748 3261 807 3303 sunt
828 3269 861 3303 ex
881 3255 982 3304 Horatii
1002 3255 1052 3304 111.
1074 3254 1159 3305 Germ.
1181 3255 1223 3304 29.
1262 3257 1302 3302 Tu

157 3349 220 3382 num
237 3339 364 3396 comparat
380 3345 437 3379 eum
450 3329 501 3378 111.
518 3328 706 3379 Carmelus:
748 3334 878 3382 ciuitatem
886 3335 943 3397 quis
952 3334 1036 3383 decem
1044 3340 1129 3383 stotus
1136 3333 1230 3391 Curos,
1238 3339 1301 3382 caet.

157 3420 194 3470 te,
211 3428 226 3461 ο
243 3420 318 3470 testa,
336 3414 407 3459 vivae
421 3410 562 3472 producent
579 3409 707 3467 imanes,
782 3413 916 3474 Neplipeus
940 3427 971 3461 ne
995 3427 1046 3474 qno
1065 3413 1173 3474 populus
1196 3414 1300 3461 laboret.

157 3498 183 3540 et
198 3493 239 3540 hie
263 3505 351 3540 verum
377 3495 448 3552 putat
463 3488 581 3551 ‘profert
617 3484 707 3534 Ambi·
750 3490 820 3539 Haee
837 3495 889 3538 tem
906 3488 991 3538 futilis
1007 3495 1077 3546 sunt,
1094 3495 1123 3536 ut
1135 3495 1160 3538 et
1172 3489 1302 3538 nonnullis

159 3585 239 3633 guum
256 3571 346 3634 igitur,
364 3569 431 3632 (111011
447 3567 561 3615 Βθῦῖῑθῑθ
573 3562 708 3627 displicuit,
749 3569 924 3632 interpretibus
945 3583 1101 3632 summopere
1117 3569 1301 3632 displicuerint,

157 3650 304 3698 Burmanne
319 3661 370 3695 non
387 3644 523 3709 displicuit.
553 3643 619 3692 Mihi
636 3656 708 3690 omne
749 3654 773 3697 et
790 3648 895 3698 Guietus
915 3647 1041 3696 deleverit.
1078 3649 1212 3710 Neplipeus
1228 3648 1302 3697 intel·

157 3728 280 3777 scribendi
297 3741 376 3790 genus
387 3724 535 3786 ambiguum
545 3737 598 3772 esse
609 3723 708 3777 videtur
750 3728 816 3776 lectu
837 3727 944 3776 difficile
977 3727 1012 3776 Et
1032 3740 1152 3790 quaerere
1172 3727 1248 3787 libet,
1268 3743 1302 3777 an

158 3807 281 3856 vitiosum,
315 3805 367 3866 Qui
384 3803 496 3853 animum
513 3802 629 3862 attendit,
646 3816 707 3850 sem·
750 3820 801 3852 unu
817 3805 878 3853 haee
894 3819 971 3854 soene
987 3810 1083 3852 tentem
1100 3803 1210 3866 postulet
1221 3805 1301 3868 negli-

158 3901 202 3949 per
226 3885 296 3934 vitet.
330 3884 389 3948 lpse
414 3888 497 3931 autem
522 3880 641 3943 ambigua
664 3879 707 3928 eli·
749 3883 875 3944 gentiam?
909 3883 1020 3946 Populus
1045 3882 1176 3931 laborabat
1196 3883 1301 3943 scilieet,

158 3971 253 4027 quante
269 3965 352 4012 minus
370 3961 488 4024 ambigue
504 3960 583 4018 fiunt,
593 3960 614 4008 si
627 3960 709 4008 eltera
750 3962 771 4010 si
787 3963 920 4011 Messenes
936 3976 981 4024 per
997 3962 1070 4010 horas
1084 3961 1180 4024 aliquot
1190 3962 1303 4012 mitteret

157 4041 306 4105 significatio
335 4041 435 4090 nullam
458 4038 618 4097 sententiam,
654 4039 708 4088 loeo
749 4054 822 4088 curas
843 4041 934 4091 civiles.
968 4040 1024 4089 Ium
1040 4041 1186 4099 Maecenas,
1206 4040 1302 4103 pruefe-

158 4127 362 4180 eonsentaneam,
380 4121 462 4170 hebet.
496 4120 537 4169 Ita
557 4119 647 4183 profer
672 4121 708 4167 lu·
748 4124 805 4167 etus
822 4119 891 4178 urbi,
912 4134 963 4168 non
982 4124 1048 4168 reete
1065 4119 1156 4167 dieitur
1171 4122 1302 4183 priuatus.

158 4214 247 4250 canos
270 4204 299 4250 iu
324 4202 403 4250 iurem
427 4199 468 4247 hie
493 4212 544 4247 non
569 4198 709 4262 significare
749 4197 847 4246 Privati
873 4200 973 4263 quidem
999 4205 1071 4247 erent
1095 4211 1181 4249 omnes
1202 4205 1303 4261 prester

158 4284 238 4340 potest
256 4281 345 4342 polum
360 4277 409 4340 fao
430 4279 557 4335 lucernas,
579 4277 642 4334 sim.,
666 4277 709 4326 sed
749 4291 828 4324 unum
840 4277 1072 4336 Caesarem‚etiam
1081 4275 1210 4326 Consules.
1234 4278 1303 4328 Vide
