2916 5220
626 298 943 361 CelliMlNUli

443 485 517 549 Non
543 484 783 569 Liberaeque,

808 507 875 549 non
899 490 996 549 acuta

489 587 542 654 Sic
565 588 738 672 geminant
762 587 963 671 Corybantes
987 609 1078 668 aera,

399 691 520 756 Tristes
544 696 582 755 ut
606 691 689 772 irae,
715 713 796 776 quas
818 712 922 774 neque
944 690 1082 755 Noricus

401 793 551 858 Deterret
574 791 661 857 ensis
686 814 745 857 uec
769 814 858 856 mare
882 792 1079 877 naufragum

220 976 321 1037 dorpius
333 974 461 1021 annotavit
478 972 591 1034 inscript.
610 972 676 1034 apud
688 971 763 1034 Spon.

220 1055 358 1103 Miscellan.
376 1068 432 1116 pag.
449 1053 489 1100 88.
506 1058 531 1099 ct
547 1050 657 1099 Fabrett.
674 1066 697 1112 p.
707 1050 764 1101 789.

220 1135 262 1182 nbi
279 1134 362 1183 Diana
377 1138 480 1180 vocatur
496 1133 618 1180 siluarum
635 1146 664 1179 ne
681 1146 764 1178 nenio-

219 1230 278 1262 rnm
293 1215 382 1262 incolo.
405 1212 445 1262 Sic
461 1210 528 1259 enim
543 1208 641 1272 legebat
659 1209 698 1254 vir
715 1207 765 1263 ille,

220 1293 245 1339 in
262 1293 344 1340 numis
361 1299 385 1342 et
401 1289 598 1353 inscriptionibus
615 1287 765 1349 explicandis

221 1371 295 1419 etiam
312 1371 444 1433 diligenter
452 1375 569 1417 versatus.
587 1366 662 1415 Adde
673 1365 764 1413 Miuut.

167 1434 169 1439 .
221 1450 329 1499 Felicem
352 1449 438 1500 Octav.
463 1464 487 1510 p.
508 1449 548 1496 65.
580 1446 766 1506 Temptarunt

221 1530 300 1591 europis
308 1534 417 1590 nugario
426 1528 570 1574 nuncinibus
578 1525 671 1572 ineolis.
689 1521 765 1571 Clau-

221 1607 286 1655 dian.
304 1606 340 1654 11.
361 1605 435 1668 Rapt.
453 1604 568 1665 Proserp.
585 1603 642 1653 270.
666 1603 716 1649 Seu
737 1608 766 1648 tn

221 1686 365 1748 sanguineis
383 1685 511 1731 nleriontin
532 1683 662 1742 Dindyma
682 1682 767 1728 Gallis

222 1765 323 1812 Incola.
351 1763 400 1813 Sed
416 1761 521 1809 verbum
538 1760 620 1807 notius
637 1765 680 1807 est.
698 1760 766 1816 Quo

222 1843 267 1898 tit,
293 1849 321 1889 ut
346 1841 440 1893 Seneca
464 1841 558 1902 Agam.
585 1838 640 1886 588.
665 1837 767 1893 Iliades,

221 1935 285 1982 quaa
301 1920 398 1983 effreno
415 1921 529 1966 Phoebos
540 1919 632 1981 quatit.
654 1917 767 1964 Lactant.

222 1999 256 2046 H.
278 2001 314 2047 14.
334 1999 449 2062 Spiritus
467 2004 552 2046 imanes
563 1997 684 2059 quatiunt
700 2011 766 2043 ineu-

222 2083 259 2125 tes
277 2077 422 2140 furoribus.
456 2075 579 2124 Meinckio
602 2073 694 2129 iudice,
719 2089 768 2122 non

222 2155 327 2216 probare
351 2156 485 2204 debueram
510 2152 692 2203 Hemstcrhusii
712 2167 768 2200 con-

222 2233 355 2293 iecturam,
376 2233 543 2283 commentarii
565 2233 619 2280 loco
639 2246 691 2279 esse
707 2231 769 2278 Plu-

222 2314 337 2361 tarchum
354 2314 384 2361 de
393 2312 465 2363 Orac.
477 2311 566 2374 Deip.
577 2313 637 2369 414,
654 2312 700 2359 τὸν
708 2311 769 2358 θεόν

222 2393 311 2454 αὐτὸν,
329 2419 360 2428 -
383 2392 533 2457 ἐνδυόμενον
556 2391 590 2449 εἰς
611 2393 642 2439 τὰ
665 2391 768 2453 σώματα

222 2476 273 2520 τῶν
293 2477 428 2537 προφητῶν
449 2470 656 2536 ὑποφθέγγεσθαι.
691 2470 768 2518 Dubi-

223 2551 307 2599 tabam
324 2566 355 2598 an
376 2552 458 2610 Deus,
475 2550 517 2613 qui
534 2556 643 2598 montem
660 2549 768 2596 sacerdo-

223 2631 253 2678 tis
275 2631 342 2678 haud
362 2633 398 2679 ita
419 2645 491 2693 saepe
511 2630 602 2693 quatit,
630 2635 654 2677 et
675 2642 771 2690 semper

223 2709 293 2757 breui
312 2711 446 2758 admodum
464 2717 573 2772 tempore
589 2710 681 2772 quatit,
706 2716 770 2758 recte

223 2788 344 2837 diceretur
361 2793 451 2837 irretitis
468 2788 538 2836 istius
555 2791 645 2837 incolo.
681 2791 770 2838 Incola

223 2867 285 2915 mihi
305 2867 443 2930 longiorem
463 2881 559 2915 moram
576 2867 715 2929 significare
733 2868 768 2914 vi-

223 2946 335 2994 debatur.
368 2947 493 2995 Noveram
518 2947 601 2995 selitas
626 2948 652 2994 in
677 2947 724 2995 hac
745 2962 771 2995 rc

224 3024 358 3072 formulas:
386 3024 479 3088 Apollo
504 3031 609 3074 virentem
638 3026 770 3074 sacerdotis

224 3119 283 3152 suae
307 3106 402 3161 intret,
426 3110 543 3166 occupat,
569 3109 646 3163 tenet,
667 3106 773 3162 insidet,

223 3184 325 3244 inrplet,
347 3182 451 3239 similia,
472 3184 559 3230 incolit
581 3195 630 3228 non
646 3181 770 3240 videram,

223 3275 301 3324 neque
317 3262 406 3310 incolo.
441 3260 469 3310 Si
479 3275 538 3308 vero
549 3260 597 3308 Dei
607 3262 702 3310 incolae
712 3267 771 3310 teur-

222 3340 261 3400 pli
277 3338 446 3401 appellantur,
464 3353 535 3386 mora
551 3338 648 3401 longior
665 3339 719 3401 ipsa
734 3340 770 3386 iu-

223 3418 352 3480 telligitur.
387 3413 457 3479 Ergo
474 3424 498 3466 et
514 3420 592 3466 sedem
610 3418 656 3466 sibi
672 3420 697 3466 in
711 3425 770 3467 tem-

224 3494 265 3556 plo
282 3496 376 3557 legunt.
410 3495 477 3542 Hine
499 3495 544 3542 illa
564 3495 683 3558 figurata,
704 3512 727 3544 v.
749 3513 770 3546 c.

225 3570 298 3620 Ovid.
310 3573 360 3620 Ill.
377 3573 451 3621 Pont.
464 3574 487 3621 6.
498 3575 539 3622 26.
573 3575 698 3623 Iustitiam
710 3575 771 3625 Cae-

224 3666 265 3698 sar
282 3654 341 3699 Iuin
355 3652 454 3712 pridem
470 3655 553 3713 posuit
567 3658 657 3700 trientis
674 3656 772 3703 innecte

224 3747 291 3780 eune.
325 3729 458 3779 Claudian.
482 3730 517 3778 11.
542 3731 624 3778 Laud.
651 3731 706 3781 Stil.
731 3735 769 3782 30.

223 3811 297 3859 Fides
317 3811 397 3860 Corde
417 3815 459 3857 tuo
476 3811 580 3857 delubro
596 3816 688 3858 terreris.
709 3811 771 3860 Tale

224 3904 267 3939 cor
291 3896 316 3939 et
340 3895 447 3938 mentem
472 3889 542 3936 Dens
567 3896 632 3936 recte
655 3890 771 3948 incolere,

224 3984 358 4033 eorumque
375 3972 456 4018 incolo
470 3982 521 4016 esse
539 3969 672 4025 diceretur,
690 3969 771 4016 minus

224 4055 288 4097 recte
309 4063 352 4111 per
372 4049 467 4112 aliquot
483 4050 590 4096 minutas
606 4051 680 4097 unius
697 4049 771 4098 horae

224 4127 360 4189 particulas
372 4131 478 4176 incolam
487 4128 534 4175 dici
543 4130 668 4190 putabam.
687 4129 771 4178 Chris·

226 4205 287 4252 tiani
311 4206 441 4268 scriptores
466 4205 537 4253 istam
563 4207 698 4270 imaginem
723 4209 770 4257 Dei

225 4290 319 4331 mentes
341 4285 436 4346 piorum
458 4284 602 4345 hominum,
623 4295 650 4335 ut
667 4289 771 4351 templa,

805 971 946 1027 incolentis,
963 986 1013 1019 non
1030 971 1184 1033 ignorabant.
1209 970 1277 1019 Vide
1293 986 1316 1017 r.
1334 983 1356 1016 c.

806 1050 927 1098 Prudent.
945 1050 980 1097 Il.
998 1056 1091 1098 contra.
1119 1049 1214 1113 Symm.
1236 1050 1293 1098 249.
1312 1050 1356 1096 ubi

806 1128 888 1176 Deus:
915 1131 1036 1191 teniplnm
1062 1130 1152 1176 neentis
1179 1144 1243 1177 uoco.
1282 1129 1357 1176 Hnee

806 1209 893 1255 doneris
906 1212 969 1269 apto
981 1209 1043 1254 miii
1053 1212 1103 1256 eat:
1120 1209 1179 1256 boec
1191 1223 1228 1255 nee
1239 1209 1356 1268 pulcher·
1409 1226 1414 1237 ·

806 1288 871 1334 niun
888 1288 956 1335 aedes
994 1287 1108 1349 Accipit,
1129 1292 1232 1334 aeterno
1248 1288 1356 1335 eoelesti-

806 1381 854 1428 qne
870 1368 965 1428 hospite
981 1369 1064 1428 dignu.
1091 1367 1130 1415 Ibi
1146 1368 1227 1416 incolo
1244 1380 1284 1414 me
1301 1367 1355 1428 qui-

806 1446 863 1493 dem
879 1460 928 1494 non
946 1446 1086 1495 offenderet.
1098 1447 1207 1509 Prosper
1223 1446 1283 1493 Tiro
1296 1445 1356 1506 Epi=

808 1538 845 1586 gr.
864 1525 904 1574 8l.
930 1527 960 1573 de
985 1527 1087 1574 Deo-
1120 1525 1195 1576 Quem
1217 1525 1308 1586 templo
1329 1525 1357 1571 in

807 1605 889 1651 cordis
905 1620 973 1652 niens
989 1607 1033 1667 pin
1051 1621 1147 1667 eenrper
1165 1605 1245 1652 babet.

840 1683 899 1729 Non
916 1687 992 1730 uento
1019 1684 1062 1732 Sic
1077 1685 1204 1747 perreinnni
1224 1683 1354 1744 Corybnn·

808 1767 845 1809 tes
853 1777 921 1810 nera.
937 1763 1065 1811 Bentleius
1075 1763 1177 1825 corrigit
1187 1763 1209 1809 si
1220 1761 1356 1823 pertinent.

809 1838 998 1905 Oudendorpius
1015 1856 1065 1889 non
1082 1842 1182 1904 probat,
1202 1839 1261 1902 quia
1277 1838 1356 1901 Cory-

809 1919 1124 1984 bantessigeminantaera,
1132 1921 1182 1968 iam
1192 1926 1266 1968 antea
1273 1925 1357 1966 mente

808 2000 915 2061 perculsi
939 2007 1004 2048 sunt.
1041 1999 1247 2048 Emendationem
1272 1995 1357 2045 Bentl.

809 2079 882 2126 etiam
900 2078 991 2127 refellit
1006 2079 1094 2127 Burm.
1112 2078 1143 2125 ad
1160 2076 1241 2126 Gratii
1258 2076 1355 2139 Cyneg.

810 2158 865 2206 438.
892 2158 934 2206 sed
955 2158 984 2204 iis
1010 2157 1174 2220 argumentis,
1199 2157 1258 2203 dicit
1278 2156 1356 2204 Hem-

810 2237 957 2295 sterhusius,
974 2238 1063 2298 quibue
1079 2251 1121 2298 eqo
1137 2236 1244 2283 niauime
1260 2250 1357 2290 oooeor,

810 2318 871 2378 quin
887 2317 1042 2365 oernnomm
1066 2320 1160 2377 protem.
1193 2314 1228 2361 Et
1244 2327 1303 2360 sane
1321 2321 1357 2360 est

810 2395 948 2443 emendatio
966 2395 1098 2443 verissima.
1124 2393 1173 2443 Sed
1182 2392 1292 2440 nondum
1304 2406 1356 2438 om-

810 2488 853 2521 ncs
874 2472 1031 2522 difficultates
1056 2472 1234 2535 superavimus.
1260 2471 1356 2518 Locum

810 2552 974 2600 excutiamus:
993 2553 1033 2600 “N
1035 2567 1065 2600 on
1075 2550 1181 2614 Cybele,
1194 2564 1244 2596 non
1254 2549 1356 2610 Apollo,

810 2645 859 2678 non
877 2631 1003 2688 Bacchus,
1019 2645 1069 2678 non
1081 2629 1236 2692 Corybantes
1248 2628 1283 2675 sic
1295 2643 1356 2690 qua-

811 2710 876 2756 tiunt
897 2717 1016 2767 mentem,
1042 2717 1071 2757 ut
1091 2709 1171 2757 tristes
1189 2708 1264 2754 irae.''
1290 2706 1356 2767 Quo-

811 2804 866 2836 rum
884 2797 978 2838 mentes
998 2790 1158 2852 quatiuntur?
1193 2785 1356 2835 Sacerdotem

812 2883 827 2915 a
843 2869 910 2917 Deis.
928 2870 985 2916 Non
1002 2869 1062 2916 item
1079 2867 1234 2915 sacerdotum
1251 2864 1356 2926 aCoryu

812 2948 934 3006 bantibus,
950 2948 994 3011 qui
1009 2948 1054 3010 ipsi
1071 2952 1129 2995 sunt
1145 2945 1288 2993 sacerdotes.
1310 2944 1357 2991 Er-

812 3043 843 3090 go
860 3029 972 3090 cogimur
989 3028 1024 3075 ita
1040 3028 1159 3089 accipere:
1177 3025 1225 3073 Dei
1242 3024 1357 3085 quatiunt

812 3114 920 3155 mentem
937 3107 1105 3164 sacerdotum,
1124 3103 1279 3166 Corybantes
1296 3103 1356 3150 olio-

812 3201 885 3242 rum,
910 3187 954 3249 qui
970 3191 1082 3248 spectant
1098 3192 1122 3232 et
1139 3183 1249 3230 audiunt.
1283 3182 1357 3243 Quod

811 3265 909 3327 paucis,
935 3265 1018 3324 credo,
1040 3264 1154 3327 placebit.
1183 3262 1264 3311 Aliud
1286 3276 1357 3323 prae-

812 3348 878 3391 tcrea
894 3343 1049 3391 meoffendit.
1070 3343 1152 3390 Furor
1164 3357 1179 3388 a
1192 3340 1247 3389 Diis
1264 3339 1356 3387 immis-

812 3436 854 3468 sus
879 3430 915 3470 cst
939 3421 1062 3470 terribilis.
1095 3423 1151 3469 Iam
1171 3426 1297 3482 exspectas
1318 3420 1357 3467 hic

812 3500 904 3562 aliquid
925 3502 982 3549 huic
1006 3507 1076 3549 tanto
1100 3499 1176 3547 furori
1196 3500 1285 3548 saltem
1306 3513 1356 3546 non

812 3581 940 3641 dissimilc;
957 3587 1127 3629 memorantur
1147 3579 1299 3636 sacerdotes,
1314 3580 1357 3642 qui

794 3660 867 3707 'aliis
884 3661 992 3708 furorem
1008 3661 1131 3719 inliciunt,
1153 3660 1219 3721 quod
1240 3659 1289 3706 iam
1312 3659 1356 3705 mi-

812 3754 859 3786 nus
876 3746 913 3786 cst
928 3738 1011 3787 furore
1028 3740 1121 3798 divino,
1142 3745 1167 3787 ct
1186 3745 1356 3786 memorantur

812 3818 948 3865 sacerdotes
964 3818 1073 3866 eiusdem
1090 3819 1173 3878 Deae,
1190 3832 1253 3879 quac
1271 3817 1357 3879 paullo

812 3902 869 3944 ante
886 3896 952 3944 dicta
971 3904 1008 3945 cst
1027 3904 1131 3960 qrrotere
1151 3903 1258 3944 virentem
1278 3910 1356 3943 sacer-

812 3974 897 4021 dotum
914 3989 1029 4032 suorum‚
1046 3976 1091 4022 hoe
1107 3981 1154 4033 est,
1176 3975 1355 4036 Corybantum.

812 4052 1355 4116 Quaproptcrmihiarridetingeniosatrans-

811 4133 897 4193 positio
915 4132 1048 4188 Sanadoni,
1058 4133 1242 4194 Dindymenem
1259 4131 1355 4178 adsuos

812 4213 947 4260 sacerdotes
972 4211 1125 4260 retrahentis.
1165 4211 1235 4258 Vcro
1261 4209 1355 4258 similli-

813 4305 881 4337 mum
899 4299 943 4350 cst,
960 4290 1094 4339 Horatium
1111 4290 1216 4338 dedisse:
