2916 5220
625 323 941 386 (tinnienti

583 545 828 610 CARMEN
875 546 985 610 XXX.

400 684 437 772 l)
468 711 586 793 Venus,
610 715 720 797 reyiua
748 712 843 778 Cnidi
864 713 1047 798 Paphiam,

396 816 517 898 §perne
540 813 683 879 dilectam
711 816 856 899 Cyprea,
880 824 909 878 et
931 819 1070 880 uocantis

400 914 501 980 Tlture
523 926 551 980 te
573 917 668 981 multo
695 917 846 1001 Glycerae
868 917 1010 981 decoram

488 1018 644 1104 Transfer
667 1024 700 1083 tu
723 1021 840 1085 aedera.

399 1123 547 1188 berardus
571 1131 667 1188 tecum
689 1125 779 1187 Puer
806 1124 968 1189 etaetatis

399 1227 531 1293 Gratiae
552 1232 643 1293 rents
665 1239 896 1314 properentque
919 1230 1086 1314 Nymphae

304 1332 334 1412 j
399 1334 439 1394 Et
456 1354 576 1416 parurn
600 1337 694 1397 cauria
718 1336 837 1397 sirecte
864 1336 1009 1398 laureatas

481 1436 724 1519 iliercurr'usque.

358 1588 509 1638 CARMEN
528 1587 616 1636 XXX·
802 1575 850 1623 que
866 1563 996 1621 dilectam,
1014 1575 1063 1625 quo
1080 1562 1175 1621 sturm,
1192 1565 1296 1625 peractis
1313 1580 1351 1613 sa·

802 1639 862 1695 oris,
879 1640 969 1687 roverti
985 1648 1073 1704 posset.

249 1684 392 1776 “Venus,
414 1719 524 1782 Cupido,
547 1717 660 1775 Gratiae,
681 1719 760 1781 Nym·
839 1720 956 1766 Vocantur
991 1720 1077 1768 Thura
1098 1725 1126 1768 te
1150 1721 1244 1783 multo,
1260 1721 1350 1772 Horat.

215 1798 290 1861 phae,
307 1799 426 1847 Iuventas
443 1806 467 1847 et
484 1800 605 1855 Mercuri,
623 1798 657 1846 ite
673 1800 705 1847 ad
719 1800 761 1847 do·
802 1794 851 1844 IV.
860 1794 972 1846 Carml.
985 1798 1130 1859 Veauaati,
1139 1800 1305 1856 Quoblandae
1312 1804 1350 1849 tu-

214 1892 285 1925 mum
294 1878 416 1941 Glycerae
448 1878 557 1940 Glycera
568 1884 592 1926 te
606 1886 677 1926 vocat
689 1879 761 1927 thure
801 1882 1136 1940 omurrrtereuocantpreces.
1149 1877 1352 1930 ClaudianCon·

214 1958 306 2015 multo,
331 1972 347 2004 o
367 1957 478 2006 Venus.’'
520 1957 595 2006 Exile
611 1966 636 2007 et
651 1957 761 2006 ieiunum
801 1954 849 2002 sul.
868 1955 945 2003 Probi
962 1955 1158 2020 erolybriitso.
1185 1960 1352 2008 Sacrotnure

215 2044 398 2100 argumentum.
430 2038 517 2100 Neque
530 2037 761 2100 explicatur,quare
801 2039 914 2082 vocatam
948 2037 1071 2085 Iunonem
1084 2036 1199 2085 Inachiis
1211 2039 1349 2087 oculosad-

214 2114 308 2172 reniat,
330 2123 374 2163 aut
394 2129 452 2162 cum
469 2122 521 2162 tam
537 2115 619 2178 lepido
635 2119 759 2165 comitatu.
801 2118 898 2162 ocrim
914 2116 1022 2177 templie.

214 2192 321 2242 Carmen
339 2209 371 2242 ex
384 2192 530 2241 centonibus
542 2193 683 2242 Horatianis
695 2208 760 2241 oom-
829 2192 952 2252 Glycerae
959 2194 1072 2240 mearam
1089 2192 1213 2256 Transfer
1221 2195 1249 2241 in
1257 2197 1350 2243 aedem

213 2273 328 2334 positum.
802 2266 850 2318 IV.
872 2270 956 2319 carm.
976 2271 996 2318 l.
1019 2273 1047 2319 tn
1067 2273 1166 2320 domum
1183 2274 1282 2320 Paulli.
1315 2273 1351 2321 Et

247 2351 582 2414 SpernedilectamCypron.
607 2351 726 2399 Horatius
738 2352 759 2401 Ι.
801 2349 862 2411 quid
879 2351 1007 2398 decoram?
1035 2350 1168 2413 Epitheton
1180 2352 1253 2400 metri
1263 2366 1351 2400 cauma

212 2431 296 2481 Germ.
319 2434 356 2480 19.
391 2434 426 2480 In
447 2448 484 2480 rae
505 2437 558 2479 tnta
579 2447 654 2480 miens
678 2435 760 2481 Venus
802 2426 924 2475 adiectum
940 2428 1044 2477 videtur.

214 2512 317 2574 Cypron
337 2513 453 2560 maurit.
487 2511 542 2558 Iam
559 2510 647 2558 Venus
663 2513 760 2572 apernit
835 2507 932 2556 Salutis
959 2508 1069 2556 Gratiae
1084 2509 1161 2556 sonu.
1194 2508 1290 2557 Parum
1308 2510 1350 2557 ho-

215 2589 341 2652 Cyprum,
358 2591 378 2638 si
396 2604 444 2638 non
462 2590 568 2653 amplius
584 2590 605 2637 ei
618 2590 699 2652 placet
709 2589 759 2652 Gy·
801 2591 881 2641 ueste,
903 2592 1031 2647 praesente
1048 2585 1174 2634 Mercurio
1190 2594 1215 2636 et
1232 2587 1350 2646 Iuventa,

211 2680 285 2727 prum
298 2667 420 2724 habitare,
434 2668 475 2716 sed
484 2667 566 2716 sedem
575 2669 672 2716 mavult
680 2676 759 2716 trans·
802 2665 832 2712 tle
848 2664 998 2726 virginibus,
1020 2679 1083 2728 quaa
1099 2679 1149 2713 non
1166 2666 1217 2714 sine
1234 2666 1351 2715 dedecore

212 2743 276 2793 ferre
301 2746 326 2792 in
352 2746 437 2795 aedem
462 2747 599 2810 Glycerae:
625 2754 654 2795 ut
678 2748 758 2804 Iuno,
801 2759 889 2792 zonam
906 2746 1011 2793 solvunt.
1043 2745 1138 2794 Notum
1160 2753 1197 2793 ost
1217 2745 1282 2793 illud
1299 2746 1348 2797 Ca·

210 2827 356 2885 posthabita
385 2826 476 2883 Sarno,
510 2826 586 2876 Sarno
615 2833 709 2888 spreta,
734 2840 759 2874 se
801 2822 871 2872 tulli:
891 2825 987 2872 Zanam
1003 2827 1068 2886 quod
1082 2827 1159 2874 soluit
1175 2827 1219 2874 diu
1236 2828 1349 2889 linctum.

213 2904 339 2951 transtulit
347 2904 532 2969 Carthaginem.
545 2906 653 2954 Mutatio
665 2906 760 2953 insulae
801 2901 932 2965 Nymphas
949 2903 1043 2950 addidit
1059 2918 1092 2952 ex
1108 2904 1214 2952 Horatio
1226 2904 1247 2953 Ι.
1264 2904 1350 2953 Carm.

212 2997 270 3030 cum
287 2990 357 3031 tanta
373 2985 447 3043 urbe,
460 2985 523 3033 tanti
535 2985 643 3047 imperii,
655 2985 758 3032 credibi-
802 2984 824 3030 4.
843 2984 997 3045 Iurataeque
1006 2984 1134 3045 Nymphis
1149 2985 1258 3032 Gratiae
1265 2987 1350 3034 decan-

212 3063 242 3110 lis
259 3071 307 3119 est,
324 3064 429 3112 mutatio
444 3064 540 3113 insulae
556 3076 613 3111 oum
629 3063 760 3121 uuaaede,
802 3066 844 3109 ter.
878 3061 918 3108 Ibi
938 3061 1006 3110 solae
1027 3069 1085 3109 sunt
1105 3076 1163 3109 cum
1183 3062 1309 3125 Nymphis
1326 3071 1351 3111 et

213 3142 368 3191 incredibilis.
390 3143 486 3191 Mirum
499 3157 573 3205 porro
584 3142 671 3203 regina
682 3141 760 3190 Cnidi
800 3140 912 3200 Venere,
937 3148 966 3189 ut
990 3148 1014 3190 et
1041 3142 1090 3190 IV.
1114 3140 1137 3192 7.
1174 3144 1272 3191 Gratia
1293 3159 1350 3191 cunr

212 3228 237 3271 et
258 3225 353 3284 Paphi.
387 3223 450 3270 Erat
474 3237 570 3286 quoque
591 3221 677 3284 regina
697 3221 757 3269 alia·
801 3221 930 3282 Nymphis
953 3223 1106 3284 neminisque
1129 3224 1255 3270 sororibus
1274 3225 1352 3271 audet

212 3304 381 3351 rumurbium.
400 3301 759 3362 TumroctowreainoPaplui,
801 3300 903 3347 Ducere
914 3301 982 3346 auda
996 3301 1087 3348 charos.
1106 3299 1351 3349 AnnotaviHusckii

212 3384 295 3446 linque
314 3382 435 3446 Cyprum,
452 3381 510 3445 quia
518 3380 618 3443 Paphos
629 3379 655 3426 in
666 3376 759 3442 Cypro,
800 3376 878 3424 Anal.
903 3393 927 3439 p.
953 3377 993 3429 67.
1031 3377 1097 3439 Quid
1122 3379 1258 3441 scripserit,
1283 3394 1351 3428 nuno

213 3468 241 3508 ut
258 3460 379 3509 Alcman:
405 3460 508 3524 Κύπριν
529 3459 632 3524 ἱμερτὰν
651 3459 758 3506 taratra
800 3457 928 3505 consulere
944 3471 994 3504 non
1011 3471 1118 3520 possum.

213 3538 255 3585 rol
284 3538 376 3601 Πάφον
405 3535 567 3601 περιρῤύταν.
605 3538 663 3585 Non
693 3543 759 3586 recte
842 3536 1041 3599 Mercuriusque.
1091 3537 1172 3585 Nemo
1197 3538 1350 3600 probabilem

212 3617 299 3676 reatae
309 3615 386 3663 Cnidi
395 3617 540 3677 Papirique,
553 3617 636 3677 linque
647 3615 758 3677 Cyprea,
799 3627 912 3662 caussam
937 3615 1037 3672 attulit,
1063 3630 1107 3664 our
1133 3616 1172 3663 hio
1197 3617 1349 3665 Mercurium

212 3694 270 3755 quia
294 3693 388 3742 Cnidus
413 3707 463 3742 nou
488 3694 513 3740 in
538 3692 630 3755 Cypro.
666 3692 758 3740 Melius
800 3709 851 3744 esse
864 3695 971 3744 voluerit
988 3697 1101 3744 oomitem
1110 3696 1212 3747 Veneri.
1230 3698 1349 3755 Metram,

212 3771 361 3819 nominasset
378 3771 427 3819 duo
443 3771 533 3833 oppida
556 3772 581 3818 in
603 3769 696 3833 Cypro.
731 3769 758 3820 Si
799 3776 884 3831 credo,
901 3772 988 3824 effecit.
1022 3775 1119 3824 Comm.
1133 3775 1250 3839 Cruquii:
1268 3777 1350 3838 “Quia

211 3850 283 3913 poita
299 3866 349 3900 uon
365 3856 510 3914 perpetuam
527 3849 608 3899 sedem
617 3850 723 3899 Veneris
732 3849 759 3898 in
799 3856 908 3903 multum
933 3856 1001 3904 valet
1025 3856 1056 3903 ad
1081 3869 1190 3904 amorem
1214 3857 1345 3904 ooncilian-

212 3931 271 3978 aede
288 3930 410 3997 Glycerae
426 3928 517 3986 voluit,
538 3929 580 3978 sed
601 3929 627 3977 in
644 3929 757 3979 brevissi·
799 3935 868 3982 dum.
903 3935 978 3984 Unde
994 3934 1070 3984 illud:
1087 3937 1210 3983 disertum
1222 3937 1350 3999 mefacie·

211 4023 280 4058 mum
297 4011 370 4059 modo
387 4017 496 4073 tempus,
515 4016 544 4057 ut
560 4009 655 4059 adesset
670 4009 759 4067 saeris,
800 4015 866 4062 bat.”
900 4014 1027 4072 Fortasse,
1045 4015 1066 4061 si
1082 4014 1108 4061 in
1125 4014 1163 4061 his
1181 4015 1288 4063 tenebris
1305 4015 1350 4063 mi-

211 4104 227 4135 a
243 4088 353 4153 Glycera
368 4091 496 4147 faciendis,
512 4090 624 4138 additum
640 4089 759 4152 oportuis·
799 4107 855 4142 earo
871 4094 943 4150 licet,
964 4093 1109 4156 legendum:
1136 4097 1176 4141 “et
1198 4107 1268 4141 amor
1291 4093 1350 4142 iacit

211 4174 247 4215 set
264 4169 370 4233 aliquid,
390 4170 457 4220 unde
473 4185 542 4218 mora
559 4171 626 4219 haud
643 4171 761 4218 diuturna
799 4171 924 4220 disertum.
959 4172 1033 4221 Unde
1054 4171 1130 4220 illud:
1153 4172 1212 4221 Non
1221 4171 1351 4234 formosus

211 4247 401 4310 intelligeretur.
434 4250 510 4298 Nunc
535 4263 585 4297 non
610 4264 671 4311 opus
694 4256 759 4307 erat,
799 4257 868 4311 erat,
883 4253 926 4299 red
941 4256 998 4299 crat
1008 4250 1151 4313 facundia,
1169 4256 1207 4298 et:
1225 4251 1349 4298 disertum.

211 4332 238 4372 ut
255 4332 385 4388 propterea
406 4334 530 4388 sperneret
547 4326 674 4390 Cyprum,
694 4342 759 4374 enm·
800 4328 846 4376 Me
856 4327 973 4390 faciebat
990 4329 1084 4376 amor.''
1119 4327 1193 4375 Prius
1206 4342 1238 4375 ex
1252 4325 1349 4381 Ouidio,
