2916 5220
569 308 742 371 LIBIIII
788 309 814 369 l.
1210 313 1252 373 43

159 497 258 581 Spem
282 497 415 580 longam
439 516 570 559 reseces.
621 494 708 556 Dum
733 493 916 577 loquimur,
942 494 1064 578 fugerit
1090 494 1200 559 invida

108 674 186 721 etiarn
203 674 261 722 fecit
278 674 394 723 Sanctius
416 675 442 721 in
463 673 591 722 Minervae
614 672 660 720 IV.
706 672 843 720 sideramus
861 671 939 734 igitur
955 670 1152 720 emendationem
1165 672 1251 720 Burm.

108 753 133 802 7.
151 753 196 815 qui
214 758 308 807 tamen,
331 753 396 814 quod
414 752 661 800 animadvertendum
706 752 737 798 ad
755 749 830 800 Ovid.
849 752 870 799 I.
888 751 959 798 Tom.
977 751 1001 797 2.
1023 750 1063 797 64.
1088 749 1253 798 existimantis

108 839 159 889 est,
187 831 298 893 scripsit,
329 833 352 879 si
384 832 472 893 sapies.
517 829 661 878 Perizonius
705 836 831 889 praestare
854 832 937 891 spatio
959 829 1046 877 brevis.
1085 828 1179 876 Parum
1201 830 1250 878 La-

108 911 197 971 sapius
212 911 238 958 11.
255 908 272 956 1.
298 908 445 971 imperative
470 911 559 966 sumit,
584 917 612 957 ut
637 918 662 958 et
706 905 769 964 tine,
794 907 874 955 eredo.
909 907 997 969 Ipsum
1026 905 1136 969 spatium
1160 907 1253 956 dicitur

110 986 315 1049 Oudendorpius,
342 994 367 1036 et
391 987 442 1036 alii.
482 988 590 1046 Caussa,
616 1004 661 1038 eur
705 987 776 1035 breue
790 986 831 1034 vel
849 988 959 1048 lmrpum,
976 992 1001 1033 et
1017 986 1092 1034 horno
1108 988 1254 1036 neuilrecis

109 1081 157 1129 ego
174 1081 286 1116 censeam
303 1068 388 1128 sapias
405 1081 454 1115 non
471 1074 536 1116 recte
554 1068 601 1116 diei
616 1083 661 1129 pro
706 1063 745 1112 vel
763 1066 837 1129 longi.
871 1065 954 1112 Homo
970 1067 1110 1113 breoisnon
1123 1064 1252 1135 facilcnipi

108 1149 131 1194 sl
153 1149 249 1207 coplas,
276 1152 304 1193 ut
324 1145 446 1207 putabant
470 1146 613 1194 Priscianus
636 1153 662 1196 cc
705 1141 731 1188 in
757 1144 830 1204 poeta
855 1142 939 1205 aliquo
964 1144 1095 1191 inventurn
1121 1143 1152 1190 iri
1176 1144 1253 1192 credit

111 1224 280 1281 Scholiastae,
297 1225 358 1272 haec
374 1231 419 1273 est.
448 1225 556 1274 Romani
573 1226 599 1273 in
616 1225 661 1272 illa
704 1220 803 1270 Duker.
828 1223 859 1270 ad
884 1222 956 1271 Flori
979 1222 1027 1270 IV.
1051 1223 1088 1270 12.
1115 1237 1171 1284 pag.
1196 1222 1252 1270 811.

110 1303 282 1351 adhortatione
298 1303 393 1352 directa
413 1318 509 1366 semper
528 1304 660 1366 loqueban-
704 1299 813 1348 Videtur
829 1301 922 1350 dixisse
947 1301 1035 1350 Horat.
1053 1300 1088 1349 II.
1114 1301 1198 1350 Carm.
1215 1304 1251 1351 14.

110 1389 152 1429 tur
168 1383 191 1430 ri
215 1384 294 1444 capla,
319 1384 343 1431 sl
367 1385 463 1444 rapies,
486 1396 613 1444 nunquam
637 1384 661 1431 si
705 1381 944 1429 breuemdamlnum.
966 1380 1015 1429 Sed
1026 1382 1105 1428 breem
1115 1383 1252 1440 spatianon

108 1462 203 1522 sapias.
237 1461 337 1509 Terent.
371 1462 486 1509 Eunuch,
510 1462 558 1511 IV,
579 1464 601 1509 4,
620 1463 658 1510 53,
704 1456 815 1507 dixisset.
835 1460 952 1520 Spatium
967 1461 1087 1515 breue,ut
1096 1458 1117 1506 I.
1127 1457 1211 1508 Carm.
1229 1461 1252 1507 4.

112 1541 155 1586 Ta
176 1540 233 1601 pol,
259 1541 283 1588 si
307 1541 390 1602 sapis,
414 1543 482 1602 quod
504 1541 552 1588 sels
572 1543 659 1589 nescis.
704 1539 856 1585 vitcbrevir.
874 1536 909 1584 II.
922 1536 1007 1586 Carm.
1021 1536 1059 1584 16.
1076 1539 1252 1586 aeournbreve.

110 1618 207 1667 Tibull.
224 1618 273 1666 IV.
290 1619 314 1666 2.
349 1620 497 1681 Spectatum
514 1634 527 1666 e
543 1620 660 1677 coelo,si
705 1615 802 1664 Auson.
820 1631 877 1677 pag.
888 1617 946 1664 540.
973 1618 1045 1664 Dum
1061 1617 1132 1665 breue
1147 1616 1253 1664 solliciti

109 1700 194 1760 sapis,
212 1700 266 1759 lpse
281 1699 346 1746 seul.
375 1696 499 1745 Martialis
516 1696 593 1745 VIII.
612 1699 659 1760 Ep.
703 1699 815 1757 spallam
834 1697 998 1757 producimus
1014 1696 1075 1744 aeui.
1108 1695 1195 1757 Atque
1212 1695 1253 1743 hic

109 1776 151 1827 77.
195 1777 226 1824 Si
250 1778 335 1839 capris,
362 1776 469 1838 Assyriae
493 1791 588 1838 eerrrper
613 1779 660 1825 libi
704 1774 766 1821 mihi
786 1774 812 1822 in
830 1781 938 1822 mentem
955 1773 1087 1822 veniebant
1103 1774 1252 1822 nobIIIssimi

112 1856 194 1904 crinis
220 1869 315 1903 arumna
341 1853 491 1916 Splendeat,
516 1861 540 1902 et
557 1857 660 1917 ciupuut
704 1868 791 1901 versus
812 1853 873 1901 olim
895 1869 910 1900 a
932 1852 1095 1917 Neoptolemo
1117 1853 1210 1901 cantati
1226 1854 1252 1901 in

103 1933 191 1992 ⁸llorere
207 1939 372 1996 serlacaput.
395 1933 658 1982 Terentllcauth.
703 1932 777 1991 festo,
802 1934 869 1995 quod
894 1932 1013 1996 Philippo
1037 1933 1171 1982 Macedoni
1193 1933 1252 1981 ulti-

109 2014 133 2060 4.
151 2013 191 2060 26.
214 2014 253 2059 Tu
268 2014 348 2061 nescis
364 2014 400 2071 ld,
411 2015 543 2074 quadrais,
557 2016 660 2074 Dromo,
704 2026 773 2059 marn
791 2011 847 2060 fuit.
881 2011 1015 2074 Leguntur
1035 2012 1102 2074 apud
1123 2013 1196 2061 Diod.
1215 2012 1252 2063 si-

109 2092 134 2138 ci
151 2092 239 2153 sapies.
268 2089 338 2139 Conf.
356 2090 442 2138 Heius.
455 2091 485 2138 ad
497 2090 570 2141 Ovid.
584 2092 658 2140 XIV.
704 2092 753 2139 cul.
772 2086 847 2140 XVI.
862 2093 902 2141 92,
920 2091 1039 2139 illustrati
1056 2090 1087 2139 ab
1103 2091 1203 2155 Heynio
1220 2093 1252 2140 ad

110 2169 215 2217 Metam.
238 2169 294 2220 675.
335 2168 499 2219 coniunctim
519 2185 569 2218 non
591 2169 660 2218 Iocus
705 2171 829 2220 TibulI.I.
842 2172 917 2223 1.70.
935 2172 1006 2235 ἄφνω
1022 2169 1043 2220 τ’
1055 2172 1169 2234 ἄφαντος
1183 2177 1251 2236 Προ-

110 2255 161 2304 est,
177 2248 226 2297 nisi
242 2249 269 2296 in
285 2248 393 2296 oratione
406 2248 528 2297 indirecta
538 2257 562 2298 et
573 2256 661 2312 poten·
705 2246 783 2309 σέβα,
805 2252 905 2313 μακρὰς
926 2249 1112 2312 ἀφαιρούμενος
1130 2248 1252 2308 Ἐλπίδος

110 2327 177 2386 nali,
203 2334 232 2376 ut
255 2326 280 2375 in
304 2329 432 2391 Epigram.
459 2327 572 2390 Augusti
594 2330 660 2391 apud
703 2328 809 2390 &calep
827 2328 991 2391 πολύμοχθος
1004 2327 1090 2384 Ἄδας.

110 2406 223 2455 Martiul.
241 2407 290 2455 XI.
307 2407 347 2455 21.
378 2409 496 2456 Fuluium
512 2422 554 2469 epo
570 2413 599 2455 ut
611 2408 659 2470 fu·
735 2405 1146 2468 Dumloqulrnumfuperltlnoidu
1163 2409 1251 2456 Aetna.

110 2485 204 2533 tuam?
220 2487 359 2547 quidelm
380 2489 485 2534 Manius
505 2491 558 2534 oret
592 2488 659 2534 Poe·
704 2483 779 2531 Ratio
809 2482 930 2531 formulae
960 2483 995 2530 sie
1019 2483 1140 2546 explicari
1166 2492 1252 2547 potest.

109 2565 206 2612 dleem:
216 2565 340 2626 jucium?
355 2580 405 2613 uon
420 2570 495 2627 puto,
514 2566 536 2611 m'
554 2567 661 2628 euplum.
707 2564 777 2610 Dum
794 2564 918 2623 loquimur
935 2568 1002 2608 aetas
1012 2561 1086 2624 sapit
1102 2562 1127 2609 in
1139 2579 1252 2625 praesen-

110 2641 200 2691 Horat.
218 2641 240 2691 I.
272 2643 325 2692 Sat.
350 2645 372 2691 9.
399 2645 438 2691 34.
473 2643 613 2705 Luporum,
638 2645 662 2691 si
705 2642 737 2700 ti,
758 2646 782 2688 et
793 2641 868 2703 fuqlt
889 2640 915 2687 in
936 2642 1074 2702 praeterito.
1109 2643 1253 2706 Utrumque

109 2723 213 2782 raptat,
237 2724 313 2782 vilet,
336 2725 413 2771 slrnrtl
433 2728 509 2783 utque
526 2722 662 2769 orloleuerit
705 2720 789 2768 eodem
807 2719 883 2776 redit,
905 2719 963 2780 quia
980 2726 1078 2783 tempus
1095 2736 1209 2783 praesens
1227 2723 1252 2770 iu

111 2806 192 2848 aetas.
219 2799 347 2848 Plautia
365 2799 520 2849 Menaechm.
539 2798 608 2847 11.2.
621 2800 661 2848 36.
705 2804 785 2846 aetate
802 2797 958 2858 mortalium,
976 2801 1005 2847 τὸ
1023 2800 1062 2858 ὃν,
1079 2815 1129 2848 non
1146 2808 1191 2861 est,
1208 2818 1253 2851 nec

110 2881 135 2925 si
162 2895 201 2926 me
229 2881 355 2940 causulas,
383 2881 487 2934 Itebcos,
512 2879 535 2924 si
562 2880 662 2939 coplas,

109 2959 228 3018 pomulam
251 2973 266 3004 ο
291 2961 344 3006 erm
370 2960 423 3006 11111.
462 2957 549 3018 Atque
575 2955 660 3004 huius·

111 3035 179 3082 modi
200 3035 315 3097 exempla
336 3051 386 3084 non
407 3035 466 3084 satis
496 3035 663 3084 distinxerunt

110 3113 163 3161 Iac.
181 3112 293 3170 TollIus,
315 3129 395 3178 neque
415 3115 536 3163 Burman.
561 3114 587 3161 in
604 3115 660 3163 An-

111 3193 173 3241 thol.
190 3192 247 3241 Lat.
265 3193 355 3242 Voti.
373 3210 429 3257 pag.
440 3196 502 3252 443,
517 3201 542 3242 et
554 3194 613 3243 Vol.
626 3195 660 3242 II.

111 3286 168 3334 pag.
186 3271 242 3320 526.

146 3352 238 3412 Spatr'o
254 3352 334 3408 breui,
353 3351 428 3412 Spem
446 3353 543 3413 louprtm
561 3365 660 3400 reseces.

112 3428 204 3490 Spulm
229 3430 297 3477 breui
318 3435 356 3476 est
375 3428 501 3477 ablativus
524 3430 661 3477 absolutus.

112 3507 171 3556 niv.
179 3507 229 3556 IV.
239 3509 279 3555 41.
301 3510 381 3557 Breul
389 3511 484 3570 requuo
492 3512 560 3558 ullae
571 3512 661 3572 spallo.

112 3585 246 3633 Diomedes
255 3587 347 3648 paor:
363 3588 476 3636 Summus
486 3590 589 3647 retulit,
607 3603 662 3636 cum

113 3667 238 3713 Latluum
253 3668 378 3728 eloqulum
392 3668 419 3713 iu
428 3669 534 3729 pecodum
543 3670 615 3715 cerlo
624 3669 662 3715 cle-

104 3745 176 3804 Ι11111,
193 3745 260 3792 velut
278 3746 305 3791 lu
322 3746 365 3792 illo
381 3743 464 3805 ὄντος,
474 3744 561 3805 οὔσης,
571 3745 661 3807 ὄντων,

113 3822 198 3870 οὐσῶν
204 3839 213 3879 ,·
225 3823 331 3870 elicimus
341 3824 407 3870 arsita
418 3825 466 3870 sic:
484 3824 562 3872 Nullo
574 3826 663 3874 timore

113 3901 232 3958 hostium,
253 3906 339 3948 castra
355 3902 461 3962 imuplt.
496 3901 571 3949 Ratio
588 3902 662 3950 huius

113 3977 303 4024 constructionis
327 3993 398 4040 saepe
416 3979 499 4027 doctos
517 3979 662 4042 iuterpretes

114 4055 208 4104 fefellit.
242 4057 344 4118 Longus
362 4057 421 4115 sirn,
440 4058 461 4104 si
479 4059 524 4106 hoe
541 4060 662 4122 exemplis

112 4135 269 4184 confirmem:
285 4135 660 4188 vid.0bserv.Misecllan.Vol.

114 4214 192 4262 XIII.
206 4229 230 4276 p.
239 4214 278 4262 60.
297 4214 365 4263 Cort.
379 4216 409 4263 ad
422 4215 525 4266 Sallust.
543 4217 660 4280 Iugurth.

114 4293 134 4340 1.
154 4300 177 4341 et
196 4291 308 4343 Ciceron.
327 4293 407 4356 Epist.
426 4295 472 4343 VI.
494 4298 515 4343 1.
546 4297 604 4346 Non
622 4299 661 4346 de·

705 2877 836 2926 discrimen
857 2878 981 2926 observari
1004 2886 1095 2941 potost3
1118 2896 1177 2928 narn
1199 2897 1251 2930 mo-

706 2963 790 3004 menta
806 2956 883 3015 vitae,
902 2963 931 3005 ut
947 2957 1038 3006 fluctus
1055 2960 1156 3016 marini,
1174 2975 1200 3008 se
1214 2960 1251 3008 fu·

706 3035 778 3095 giunt
804 3042 828 3083 et
849 3043 992 3098 sequuntur.
1027 3036 1098 3086 Couf.
1120 3039 1251 3089 Plutarch.

706 3114 736 3160 de
756 3114 794 3162 EI
815 3115 880 3176 apud
902 3114 1025 3177 Delphos,
1048 3120 1191 3177 pracsertim
1212 3121 1253 3179 18,

709 3193 746 3240 19.
782 3192 879 3242 Gellius
895 3194 928 3242 N.
945 3193 981 3241 A.
997 3194 1045 3242 VI.
1066 3197 1108 3254 13,
1125 3197 1188 3245 VII.
1208 3199 1253 3256 21,

707 3272 810 3321 XVIII.
839 3273 864 3323 7.
904 3272 1041 3334 Augustin.
1066 3273 1176 3323 Confess.
1204 3277 1251 3325 XI.

709 3351 746 3398 15.
781 3350 808 3398 Si
826 3350 892 3408 dico,
910 3354 969 3398 clune
981 3353 1117 3414 loqut'mur,
1134 3356 1253 3417 (retrusu-

705 3431 760 3491 pt‘at
778 3428 817 3475 vel
828 3429 944 3491 supera,
961 3429 1087 3491 significo:
1098 3431 1253 3496 ,1191111111-

705 3509 783 3568 perit,
800 3507 860 3570 quid
876 3509 907 3555 ad
925 3523 977 3567 nos,
995 3510 1054 3572 quid
1068 3518 1151 3558 nostra
1164 3511 1236 3560 refert
1243 3518 1253 3559 ⁴?

707 3586 746 3634 Ne
763 3601 890 3645 euremuS,
912 3603 943 3637 ne
964 3588 989 3635 id
1007 3588 1146 3650 doleamus:
1170 3606 1253 3654 carpa-

707 3679 763 3712 mus
788 3682 919 3729 praesens,
944 3669 1056 3731 quamvis
1082 3669 1254 3718 brevissimum

707 3752 867 3795 momentum.
901 3748 948 3796 Est
973 3756 1055 3795 tamen
1080 3755 1105 3796 et
1130 3749 1179 3796 alia
1204 3749 1252 3797 for-

707 3824 788 3872 mula:
805 3825 864 3872 dum
883 3826 1020 3888 loquimur,
1037 3833 1107 3874 rietur
1116 3827 1213 3889 sapiet,
1230 3836 1254 3875 ct

706 3901 732 3949 in
750 3904 841 3961 futuro,
859 3906 923 3967 quod
941 3906 1081 3968 appellatur
1097 3913 1193 3966 exacto,
1204 3907 1252 3967 su-

707 3985 779 4042 perit.
814 3984 854 4030 Ita
882 3984 1013 4032 Lucretius
1039 3983 1131 4030 dixisse
1157 3984 1254 4031 ridetur

708 4062 757 4109 III.
776 4063 832 4110 925.
859 4066 916 4111 Hoc
932 4066 1008 4111 cllum
1019 4065 1138 4126 fitemini,
1156 4065 1198 4111 ula
1206 4067 1254 4112 1111-

708 4143 821 4195 cubuerc‚
836 4147 967 4204 tenentque
985 4144 1081 4190 Pocula
1095 4158 1165 4205 salpe
1178 4146 1253 4192 lorrai-

708 4235 757 4279 nes,
783 4226 808 4267 ct
833 4223 979 4270 lnuutlrrml
1004 4238 1048 4270 ονο
1073 4226 1168 4271 carmus
1175 4257 1182 4282 ,
1208 4226 1253 4271 Ea·

708 4302 791 4349 orriolo
808 4308 837 4349 ut
855 4303 953 4349 dicuat:
971 4303 1079 4352 “Breuis
1097 4305 1137 4353 laic
1150 4305 1251 4367 cufru-
