<?xml version="1.0" encoding="UTF-8"?>
<!DOCTYPE html PUBLIC "-//W3C//DTD XHTML 1.0 Transitional//EN"
    "http://www.w3.org/TR/xhtml1/DTD/xhtml1-transitional.dtd">
<html xmlns="http://www.w3.org/1999/xhtml" xml:lang="en" lang="en">
 <head>
  <title>
</title>
<meta http-equiv="Content-Type" content="text/html;charset=utf-8" />
  <meta name='ocr-system' content='tesseract 3.04.00' />
  <meta name='ocr-capabilities' content='ocr_page ocr_carea ocr_par ocr_line ocrx_word'/>
</head>
<body>
  <div class='ocr_page' id='page_1' title='image "./qhoratiiflaccic00horagoog_0136.png"; bbox 0 0 2916 5220; ppageno 0'>
   <div class='ocr_carea' id='block_1_1' title="bbox 619 311 865 375">
    <p class='ocr_par' dir='ltr' id='par_1_1' title="bbox 619 311 865 375">
     <span class='ocr_line' id='line_1_1' title="bbox 619 311 865 375; baseline 0.004 -4"><span class='ocrx_word' id='word_1_1' title='bbox 619 311 793 375; x_wconf 68' lang='lat' dir='ltr'>hinnu</span> <span class='ocrx_word' id='word_1_2' title='bbox 842 313 865 373; x_wconf 90' lang='lat' dir='ltr'>I.</span> 
     </span>
    </p>
   </div>
   <div class='ocr_carea' id='block_1_2' title="bbox 343 496 1012 891">
    <p class='ocr_par' dir='ltr' id='par_1_2' title="bbox 343 496 1012 585">
     <span class='ocr_line' id='line_1_2' title="bbox 343 496 1012 585; baseline 0.007 -28"><span class='ocrx_word' id='word_1_3' title='bbox 343 496 445 580; x_wconf 51' lang='lat' dir='ltr'>¹Pone</span> <span class='ocrx_word' id='word_1_4' title='bbox 469 497 530 560; x_wconf 90' lang='lat' dir='ltr'>suh</span> <span class='ocrx_word' id='word_1_5' title='bbox 554 519 649 561; x_wconf 89' lang='lat' dir='ltr'>curru</span> <span class='ocrx_word' id='word_1_6' title='bbox 674 497 815 561; x_wconf 85' lang='lat' dir='ltr'>nimium</span> <span class='ocrx_word' id='word_1_7' title='bbox 839 500 1012 585; x_wconf 86' lang='lat' dir='ltr'>propinqui</span> 
     </span>
    </p>

    <p class='ocr_par' dir='ltr' id='par_1_3' title="bbox 353 597 966 686">
     <span class='ocr_line' id='line_1_3' title="bbox 353 597 966 686; baseline 0.008 -24"><span class='ocrx_word' id='word_1_8' title='bbox 353 597 457 680; x_wconf 82' lang='lat' dir='ltr'>Solis,</span> <span class='ocrx_word' id='word_1_9' title='bbox 482 601 517 663; x_wconf 91' lang='lat' dir='ltr'>in</span> <span class='ocrx_word' id='word_1_10' title='bbox 543 608 626 664; x_wconf 84' lang='lat' dir='ltr'>terra</span> <span class='ocrx_word' id='word_1_11' title='bbox 654 601 806 665; x_wconf 86' lang='lat' dir='ltr'>domibus</span> <span class='ocrx_word' id='word_1_12' title='bbox 832 610 966 686; x_wconf 83' lang='lat' dir='ltr'>negata:</span> 
     </span>
    </p>

    <p class='ocr_par' dir='ltr' id='par_1_4' title="bbox 350 700 966 891">
     <span class='ocr_line' id='line_1_4' title="bbox 350 700 966 787; baseline 0.005 -25"><span class='ocrx_word' id='word_1_13' title='bbox 350 700 453 766; x_wconf 80' lang='lat' dir='ltr'>Dulce</span> <span class='ocrx_word' id='word_1_14' title='bbox 475 702 637 767; x_wconf 88' lang='lat' dir='ltr'>ridentem</span> <span class='ocrx_word' id='word_1_15' title='bbox 661 703 806 787; x_wconf 80' lang='lat' dir='ltr'>Lalagen</span> <span class='ocrx_word' id='word_1_16' title='bbox 830 706 966 786; x_wconf 69' lang='lat' dir='ltr'>anrzrho,</span> 
     </span>
     <span class='ocr_line' id='line_1_5' title="bbox 442 806 768 891; baseline 0.003 -22"><span class='ocrx_word' id='word_1_17' title='bbox 442 806 546 870; x_wconf 87' lang='lat' dir='ltr'>Dulce</span> <span class='ocrx_word' id='word_1_18' title='bbox 570 807 768 891; x_wconf 80' lang='lat' dir='ltr'>loquentem.</span> 
     </span>
    </p>
   </div>
   <div class='ocr_carea' id='block_1_3' title="bbox 168 963 1307 1584">
    <p class='ocr_par' dir='ltr' id='par_1_5' title="bbox 168 963 1306 1205">
     <span class='ocr_line' id='line_1_6' title="bbox 168 963 1305 1039; baseline 0.01 -27"><span class='ocrx_word' id='word_1_19' title='bbox 168 966 270 1023; x_wconf 70' lang='lat' dir='ltr'>genuus.</span> <span class='ocrx_word' id='word_1_20' title='bbox 310 966 412 1015; x_wconf 79' lang='lat' dir='ltr'>Patrem</span> <span class='ocrx_word' id='word_1_21' title='bbox 438 968 481 1015; x_wconf 83' lang='lat' dir='ltr'>alii</span> <span class='ocrx_word' id='word_1_22' title='bbox 506 968 606 1023; x_wconf 85' lang='lat' dir='ltr'>volunt,</span> <span class='ocrx_word' id='word_1_23' title='bbox 632 967 712 1014; x_wconf 86' lang='lat' dir='ltr'>filium</span> <span class='ocrx_word' id='word_1_24' title='bbox 734 963 737 1019; x_wconf 74' lang='lat' dir='ltr'>l</span> <span class='ocrx_word' id='word_1_25' title='bbox 759 971 823 1016; x_wconf 72' lang='lat' dir='ltr'>ntz&#39;na</span> <span class='ocrx_word' id='word_1_26' title='bbox 832 973 902 1019; x_wconf 70' lang='lat' dir='ltr'>viredo</span> <span class='ocrx_word' id='word_1_27' title='bbox 910 972 1017 1034; x_wconf 78' lang='lat' dir='ltr'>corripit</span> <span class='ocrx_word' id='word_1_28' title='bbox 1026 974 1111 1020; x_wconf 79' lang='lat' dir='ltr'>imber.</span> <span class='ocrx_word' id='word_1_29' title='bbox 1124 973 1219 1021; x_wconf 82' lang='lat' dir='ltr'>Lucan.</span> <span class='ocrx_word' id='word_1_30' title='bbox 1229 974 1305 1039; x_wconf 84' lang='lat' dir='ltr'>VIII.</span> 
     </span>
     <span class='ocr_line' id='line_1_7' title="bbox 170 1043 1306 1115; baseline 0.009 -27"><span class='ocrx_word' id='word_1_31' title='bbox 170 1043 216 1092; x_wconf 84' lang='lat' dir='ltr'>ulii.</span> <span class='ocrx_word' id='word_1_32' title='bbox 256 1045 309 1093; x_wconf 88' lang='lat' dir='ltr'>Pro</span> <span class='ocrx_word' id='word_1_33' title='bbox 334 1049 382 1096; x_wconf 78' lang='lat' dir='ltr'>alit</span> <span class='ocrx_word' id='word_1_34' title='bbox 407 1047 524 1097; x_wconf 85' lang='lat' dir='ltr'>Clerkius</span> <span class='ocrx_word' id='word_1_35' title='bbox 554 1048 579 1094; x_wconf 89' lang='lat' dir='ltr'>in</span> <span class='ocrx_word' id='word_1_36' title='bbox 607 1046 713 1109; x_wconf 80' lang='lat' dir='ltr'>specim.</span> <span class='ocrx_word' id='word_1_37' title='bbox 734 1078 736 1115; x_wconf 90' lang='lat'>!</span> <span class='ocrx_word' id='word_1_38' title='bbox 762 1048 814 1096; x_wconf 83' lang='grc'>164.</span> <span class='ocrx_word' id='word_1_39' title='bbox 832 1050 902 1097; x_wconf 80' lang='lat' dir='ltr'>invia</span> <span class='ocrx_word' id='word_1_40' title='bbox 924 1052 1012 1098; x_wconf 78' lang='grc' dir='ltr'>ττιιιτιάὶ</span> <span class='ocrx_word' id='word_1_41' title='bbox 1031 1053 1102 1098; x_wconf 80' lang='lat' dir='ltr'>Arra</span> <span class='ocrx_word' id='word_1_42' title='bbox 1123 1067 1199 1114; x_wconf 68' lang='lat' dir='ltr'>reaper</span> <span class='ocrx_word' id='word_1_43' title='bbox 1217 1055 1306 1101; x_wconf 71' lang='lat' dir='ltr'>›rirnios</span> 
     </span>
     <span class='ocr_line' id='line_1_8' title="bbox 170 1122 1305 1205; baseline 0.009 -35"><span class='ocrx_word' id='word_1_44' title='bbox 170 1122 262 1173; x_wconf 84' lang='lat' dir='ltr'>Lucan.</span> <span class='ocrx_word' id='word_1_45' title='bbox 280 1142 337 1188; x_wconf 83' lang='lat' dir='ltr'>pag.</span> <span class='ocrx_word' id='word_1_46' title='bbox 356 1129 394 1176; x_wconf 83' lang='lat'>43.</span> <span class='ocrx_word' id='word_1_47' title='bbox 413 1128 497 1190; x_wconf 86' lang='lat' dir='ltr'>reponi</span> <span class='ocrx_word' id='word_1_48' title='bbox 515 1126 601 1175; x_wconf 82' lang='lat' dir='ltr'>suadet</span> <span class='ocrx_word' id='word_1_49' title='bbox 619 1130 681 1188; x_wconf 71' lang='lat' dir='ltr'>opit.</span> <span class='ocrx_word' id='word_1_50' title='bbox 734 1124 736 1205; x_wconf 60' lang='lat' dir='ltr'>l</span> <span class='ocrx_word' id='word_1_51' title='bbox 758 1129 820 1175; x_wconf 78' lang='lat' dir='ltr'>soles</span> <span class='ocrx_word' id='word_1_52' title='bbox 841 1134 1004 1192; x_wconf 76' lang='lat' dir='ltr'><em>austrumque</em></span> <span class='ocrx_word' id='word_1_53' title='bbox 1025 1132 1141 1180; x_wconf 79' lang='lat' dir='ltr'>iacentes.</span> <span class='ocrx_word' id='word_1_54' title='bbox 1172 1130 1305 1180; x_wconf 76' lang='lat' dir='ltr'>Clourliau.</span> 
     </span>
    </p>

    <p class='ocr_par' dir='ltr' id='par_1_6' title="bbox 170 1206 1307 1584">
     <span class='ocr_line' id='line_1_9' title="bbox 200 1206 1307 1273; baseline 0.007 -21"><span class='ocrx_word' id='word_1_55' title='bbox 200 1206 272 1252; x_wconf 81' lang='lat' dir='ltr'>Pone</span> <span class='ocrx_word' id='word_1_56' title='bbox 288 1209 334 1254; x_wconf 77' lang='lat' dir='ltr'>sut</span> <span class='ocrx_word' id='word_1_57' title='bbox 354 1222 434 1256; x_wconf 81' lang='lat' dir='ltr'>curru</span> <span class='ocrx_word' id='word_1_58' title='bbox 451 1209 557 1255; x_wconf 75' lang='grc' dir='ltr'>τιν’νιὶννι</span> <span class='ocrx_word' id='word_1_59' title='bbox 578 1208 715 1269; x_wconf 80' lang='lat' dir='ltr'>propinqui</span> <span class='ocrx_word' id='word_1_60' title='bbox 734 1215 736 1229; x_wconf 86' lang='lat'><strong>¹</strong></span> <span class='ocrx_word' id='word_1_61' title='bbox 758 1207 788 1255; x_wconf 91' lang='lat' dir='ltr'>B.</span> <span class='ocrx_word' id='word_1_62' title='bbox 812 1206 880 1255; x_wconf 79' lang='lat' dir='ltr'>Gilo.</span> <span class='ocrx_word' id='word_1_63' title='bbox 910 1208 962 1256; x_wconf 79' lang='lat'>145.</span> <span class='ocrx_word' id='word_1_64' title='bbox 982 1209 1088 1272; x_wconf 71' lang='lat' dir='ltr'>felitior</span> <span class='ocrx_word' id='word_1_65' title='bbox 1114 1212 1159 1257; x_wconf 81' lang='lat' dir='ltr'>illa</span> <span class='ocrx_word' id='word_1_66' title='bbox 1187 1218 1307 1273; x_wconf 56' lang='lat' dir='ltr'>perlutae</span> 
     </span>
     <span class='ocr_line' id='line_1_10' title="bbox 172 1283 1306 1349; baseline 0.007 -20"><span class='ocrx_word' id='word_1_67' title='bbox 172 1283 240 1330; x_wconf 73' lang='lat' dir='ltr'>Solu.</span> <span class='ocrx_word' id='word_1_68' title='bbox 261 1285 344 1345; x_wconf 77' lang='lat' dir='ltr'>Magis</span> <span class='ocrx_word' id='word_1_69' title='bbox 361 1300 519 1346; x_wconf 82' lang='lat' dir='ltr'><strong>agnoscerem</strong></span> <span class='ocrx_word' id='word_1_70' title='bbox 536 1286 659 1347; x_wconf 65' lang='lat' dir='ltr'>poliacum</span> <span class='ocrx_word' id='word_1_71' title='bbox 672 1300 712 1333; x_wconf 90' lang='lat' dir='ltr'>eo·</span> <span class='ocrx_word' id='word_1_72' title='bbox 759 1288 830 1335; x_wconf 80' lang='lat' dir='ltr'>Pars</span> <span class='ocrx_word' id='word_1_73' title='bbox 850 1287 956 1349; x_wconf 74' lang='lat' dir='ltr'>Libyae,</span> <span class='ocrx_word' id='word_1_74' title='bbox 981 1289 1058 1336; x_wconf 78' lang='grc' dir='ltr'>τιν’νιίο</span> <span class='ocrx_word' id='word_1_75' title='bbox 1074 1304 1138 1349; x_wconf 79' lang='lat' dir='ltr'>qaue</span> <span class='ocrx_word' id='word_1_76' title='bbox 1158 1304 1185 1337; x_wconf 81' lang='lat' dir='ltr'>se</span> <span class='ocrx_word' id='word_1_77' title='bbox 1207 1293 1306 1339; x_wconf 77' lang='lat' dir='ltr'>niunito</span> 
     </span>
     <span class='ocr_line' id='line_1_11' title="bbox 171 1359 1305 1427; baseline 0.01 -20"><span class='ocrx_word' id='word_1_78' title='bbox 171 1359 257 1420; x_wconf 86' lang='lat' dir='ltr'>iorem,</span> <span class='ocrx_word' id='word_1_79' title='bbox 284 1363 304 1409; x_wconf 92' lang='lat' dir='ltr'>si</span> <span class='ocrx_word' id='word_1_80' title='bbox 321 1364 456 1426; x_wconf 84' lang='lat' dir='ltr'>legeretur:</span> <span class='ocrx_word' id='word_1_81' title='bbox 483 1367 554 1413; x_wconf 86' lang='lat' dir='ltr'>Pone</span> <span class='ocrx_word' id='word_1_82' title='bbox 573 1368 620 1412; x_wconf 78' lang='lat' dir='ltr'>aab</span> <span class='ocrx_word' id='word_1_83' title='bbox 637 1381 715 1414; x_wconf 79' lang='lat' dir='ltr'>curro</span> <span class='ocrx_word' id='word_1_84' title='bbox 758 1368 841 1414; x_wconf 82' lang='lat' dir='ltr'>calore</span> <span class='ocrx_word' id='word_1_85' title='bbox 857 1366 988 1427; x_wconf 73' lang='lat' dir='ltr'><strong><em>Defendit.</em></strong></span> <span class='ocrx_word' id='word_1_86' title='bbox 1019 1367 1060 1414; x_wconf 92' lang='lat' dir='ltr'>De</span> <span class='ocrx_word' id='word_1_87' title='bbox 1077 1365 1150 1415; x_wconf 83' lang='lat' dir='ltr'>Coos.</span> <span class='ocrx_word' id='word_1_88' title='bbox 1170 1367 1265 1416; x_wconf 86' lang='lat' dir='ltr'>Stilich.</span> <span class='ocrx_word' id='word_1_89' title='bbox 1283 1371 1305 1418; x_wconf 87' lang='lat'>1.</span> 
     </span>
     <span class='ocr_line' id='line_1_12' title="bbox 170 1441 1306 1508; baseline 0.008 -22"><span class='ocrx_word' id='word_1_90' title='bbox 170 1443 238 1489; x_wconf 71' lang='lat' dir='ltr'>irioni</span> <span class='ocrx_word' id='word_1_91' title='bbox 253 1446 394 1506; x_wconf 81' lang='lat' dir='ltr'>propinquo</span> <span class='ocrx_word' id='word_1_92' title='bbox 408 1446 481 1492; x_wconf 74' lang='lat' dir='ltr'>Solis.</span> <span class='ocrx_word' id='word_1_93' title='bbox 516 1441 588 1492; x_wconf 80' lang='lat' dir='ltr'>ovid.</span> <span class='ocrx_word' id='word_1_94' title='bbox 607 1443 640 1491; x_wconf 90' lang='lat' dir='ltr'>V.</span> <span class='ocrx_word' id='word_1_95' title='bbox 659 1444 712 1492; x_wconf 87' lang='lat' dir='ltr'>Me·</span> <span class='ocrx_word' id='word_1_96' title='bbox 758 1443 814 1491; x_wconf 78' lang='lat'>250.</span> <span class='ocrx_word' id='word_1_97' title='bbox 839 1445 878 1491; x_wconf 82' lang='lat' dir='ltr'>Et</span> <span class='ocrx_word' id='word_1_98' title='bbox 894 1459 954 1505; x_wconf 79' lang='lat' dir='ltr'>quos</span> <span class='ocrx_word' id='word_1_99' title='bbox 972 1447 1077 1493; x_wconf 74' lang='lat' dir='ltr'>interior</span> <span class='ocrx_word' id='word_1_100' title='bbox 1086 1448 1162 1493; x_wconf 77' lang='lat' dir='ltr'>rrienio</span> <span class='ocrx_word' id='word_1_101' title='bbox 1173 1448 1249 1508; x_wconf 70' lang='lat' dir='ltr'>playn</span> <span class='ocrx_word' id='word_1_102' title='bbox 1258 1450 1306 1495; x_wconf 79' lang='lat' dir='ltr'>sole</span> 
     </span>
     <span class='ocr_line' id='line_1_13' title="bbox 171 1522 860 1584; baseline 0.004 -19"><span class='ocrx_word' id='word_1_103' title='bbox 171 1528 224 1568; x_wconf 85' lang='lat' dir='ltr'>tam.</span> <span class='ocrx_word' id='word_1_104' title='bbox 242 1522 298 1569; x_wconf 80' lang='lat'><strong>483.</strong></span> <span class='ocrx_word' id='word_1_105' title='bbox 327 1525 363 1571; x_wconf 83' lang='lat' dir='ltr'>Et</span> <span class='ocrx_word' id='word_1_106' title='bbox 386 1525 456 1571; x_wconf 67' lang='lat' dir='ltr'>inodo</span> <span class='ocrx_word' id='word_1_107' title='bbox 479 1524 522 1571; x_wconf 85' lang='lat' dir='ltr'>Sol</span> <span class='ocrx_word' id='word_1_108' title='bbox 544 1524 647 1582; x_wconf 72' lang='lat' dir='ltr'>aloitus,</span> <span class='ocrx_word' id='word_1_109' title='bbox 673 1526 712 1571; x_wconf 82' lang='lat' dir='ltr'>ni·</span> <span class='ocrx_word' id='word_1_110' title='bbox 758 1525 860 1584; x_wconf 72' lang='lat' dir='ltr'>relepot.</span> 
     </span>
    </p>
   </div>
   <div class='ocr_carea' id='block_1_4' title="bbox 652 1691 819 1718">
    <p class='ocr_par' dir='ltr' id='par_1_7' title="bbox 652 1691 819 1718">
     <span class='ocr_line' id='line_1_14' title="bbox 652 1691 819 1718; baseline 0 -6"><span class='ocrx_word' id='word_1_111' title='bbox 652 1691 819 1718; x_wconf 52' lang='grc' dir='ltr'>-ΟΘΟ-ο-</span> 
     </span>
    </p>
   </div>
   <div class='ocr_carea' id='block_1_5' title="bbox 524 1844 942 1911">
    <p class='ocr_par' dir='ltr' id='par_1_8' title="bbox 524 1844 942 1911">
     <span class='ocr_line' id='line_1_15' title="bbox 524 1844 942 1911; baseline 0.005 -2"><span class='ocrx_word' id='word_1_112' title='bbox 524 1844 766 1909; x_wconf 81' lang='lat' dir='ltr'><strong>OARMEN</strong></span> <span class='ocrx_word' id='word_1_113' title='bbox 812 1846 942 1911; x_wconf 86' lang='lat' dir='ltr'>XXIII.</span> 
     </span>
    </p>
   </div>
   <div class='ocr_carea' id='block_1_6' title="bbox 342 1995 1018 2819">
    <p class='ocr_par' dir='ltr' id='par_1_9' title="bbox 342 1995 1018 2819">
     <span class='ocr_line' id='line_1_16' title="bbox 345 1995 1018 2094; baseline 0.009 -23"><span class='ocrx_word' id='word_1_114' title='bbox 345 1995 384 2071; x_wconf 70' lang='lat' dir='ltr'>V</span> <span class='ocrx_word' id='word_1_115' title='bbox 387 2010 449 2074; x_wconf 89' lang='lat' dir='ltr'>itas</span> <span class='ocrx_word' id='word_1_116' title='bbox 474 2010 631 2074; x_wconf 87' lang='lat' dir='ltr'>hinnuleo</span> <span class='ocrx_word' id='word_1_117' title='bbox 657 2032 709 2075; x_wconf 88' lang='lat' dir='ltr'>me</span> <span class='ocrx_word' id='word_1_118' title='bbox 734 2011 871 2094; x_wconf 84' lang='lat' dir='ltr'>similis,</span> <span class='ocrx_word' id='word_1_119' title='bbox 899 2012 1018 2094; x_wconf 83' lang='lat' dir='ltr'>Chloe,</span> 
     </span>
     <span class='ocr_line' id='line_1_17' title="bbox 350 2112 1001 2197; baseline 0.003 -22"><span class='ocrx_word' id='word_1_120' title='bbox 350 2112 524 2190; x_wconf 76' lang='lat' dir='ltr'>Quaerenti</span> <span class='ocrx_word' id='word_1_121' title='bbox 548 2113 703 2197; x_wconf 83' lang='lat' dir='ltr'>pavidam</span> <span class='ocrx_word' id='word_1_122' title='bbox 726 2114 894 2179; x_wconf 85' lang='lat' dir='ltr'>montibus</span> <span class='ocrx_word' id='word_1_123' title='bbox 920 2115 1001 2179; x_wconf 70' lang='lat' dir='ltr'>axiis</span> 
     </span>
     <span class='ocr_line' id='line_1_18' title="bbox 395 2219 851 2300; baseline 0.004 -19"><span class='ocrx_word' id='word_1_124' title='bbox 395 2219 554 2300; x_wconf 86' lang='lat' dir='ltr'>Matrem,</span> <span class='ocrx_word' id='word_1_125' title='bbox 582 2240 648 2282; x_wconf 89' lang='lat' dir='ltr'>non</span> <span class='ocrx_word' id='word_1_126' title='bbox 673 2219 744 2282; x_wconf 89' lang='lat' dir='ltr'>sine</span> <span class='ocrx_word' id='word_1_127' title='bbox 768 2241 851 2283; x_wconf 85' lang='lat' dir='ltr'>vano</span> 
     </span>
     <span class='ocr_line' id='line_1_19' title="bbox 434 2322 907 2387; baseline 0.006 -3"><span class='ocrx_word' id='word_1_128' title='bbox 434 2322 601 2386; x_wconf 84' lang='lat' dir='ltr'>Aurarum</span> <span class='ocrx_word' id='word_1_129' title='bbox 624 2327 657 2386; x_wconf 83' lang='lat' dir='ltr'>et</span> <span class='ocrx_word' id='word_1_130' title='bbox 680 2322 784 2386; x_wconf 89' lang='lat' dir='ltr'>siluae</span> <span class='ocrx_word' id='word_1_131' title='bbox 807 2328 907 2387; x_wconf 89' lang='lat' dir='ltr'>metu.</span> 
     </span>
     <span class='ocr_line' id='line_1_20' title="bbox 342 2423 1012 2490; baseline 0.003 -5"><span class='ocrx_word' id='word_1_132' title='bbox 342 2423 427 2487; x_wconf 81' lang='lat' dir='ltr'>Nanr</span> <span class='ocrx_word' id='word_1_133' title='bbox 453 2446 510 2489; x_wconf 89' lang='lat' dir='ltr'>seu</span> <span class='ocrx_word' id='word_1_134' title='bbox 533 2425 710 2490; x_wconf 83' lang='lat' dir='ltr'>mobilibus</span> <span class='ocrx_word' id='word_1_135' title='bbox 742 2425 825 2488; x_wconf 90' lang='lat' dir='ltr'>veris</span> <span class='ocrx_word' id='word_1_136' title='bbox 851 2425 1012 2489; x_wconf 84' lang='lat' dir='ltr'>inhorruit</span> 
     </span>
     <span class='ocr_line' id='line_1_21' title="bbox 343 2526 1016 2610; baseline 0.003 -21"><span class='ocrx_word' id='word_1_137' title='bbox 343 2526 515 2591; x_wconf 79' lang='lat' dir='ltr'>Adventus</span> <span class='ocrx_word' id='word_1_138' title='bbox 539 2527 644 2610; x_wconf 84' lang='lat' dir='ltr'>foliis,</span> <span class='ocrx_word' id='word_1_139' title='bbox 673 2550 731 2592; x_wconf 87' lang='lat' dir='ltr'>seu</span> <span class='ocrx_word' id='word_1_140' title='bbox 754 2527 874 2592; x_wconf 87' lang='lat' dir='ltr'>virides</span> <span class='ocrx_word' id='word_1_141' title='bbox 898 2528 1016 2592; x_wconf 85' lang='lat' dir='ltr'>rubum</span> 
     </span>
     <span class='ocr_line' id='line_1_22' title="bbox 392 2631 746 2714; baseline 0.008 -21"><span class='ocrx_word' id='word_1_142' title='bbox 392 2631 565 2696; x_wconf 88' lang='lat' dir='ltr'>Dimovere</span> <span class='ocrx_word' id='word_1_143' title='bbox 589 2631 746 2714; x_wconf 77' lang='lat' dir='ltr'>lacertae,</span> 
     </span>
     <span class='ocr_line' id='line_1_23' title="bbox 433 2734 960 2819; baseline 0 -22"><span class='ocrx_word' id='word_1_144' title='bbox 433 2734 478 2798; x_wconf 78' lang='lat' dir='ltr'>nt</span> <span class='ocrx_word' id='word_1_145' title='bbox 501 2735 596 2798; x_wconf 90' lang='lat' dir='ltr'>corde</span> <span class='ocrx_word' id='word_1_146' title='bbox 620 2741 653 2798; x_wconf 87' lang='lat' dir='ltr'>et</span> <span class='ocrx_word' id='word_1_147' title='bbox 676 2734 815 2819; x_wconf 82' lang='lat' dir='ltr'>genibus</span> <span class='ocrx_word' id='word_1_148' title='bbox 841 2735 960 2798; x_wconf 89' lang='lat' dir='ltr'>tremit.</span> 
     </span>
    </p>
   </div>
   <div class='ocr_carea' id='block_1_7' title="bbox 156 2875 1302 4360">
    <p class='ocr_par' dir='ltr' id='par_1_10' title="bbox 299 2875 1301 2953">
     <span class='ocr_line' id='line_1_24' title="bbox 299 2875 1301 2953; baseline -0.002 -29"><span class='ocrx_word' id='word_1_149' title='bbox 299 2902 452 2953; x_wconf 70' lang='lat' dir='ltr'>CARMEN</span> <span class='ocrx_word' id='word_1_150' title='bbox 469 2903 574 2951; x_wconf 77' lang='lat' dir='ltr'>XXIII</span> <span class='ocrx_word' id='word_1_151' title='bbox 753 2875 832 2937; x_wconf 72' lang='lat' dir='ltr'>Epist.</span> <span class='ocrx_word' id='word_1_152' title='bbox 850 2875 957 2925; x_wconf 70' lang='lat' dir='ltr'>Bentleii</span> <span class='ocrx_word' id='word_1_153' title='bbox 978 2876 1049 2924; x_wconf 76' lang='lat' dir='ltr'>editis</span> <span class='ocrx_word' id='word_1_154' title='bbox 1072 2875 1171 2938; x_wconf 60' lang='lat' dir='ltr'>Lipsiae</span> <span class='ocrx_word' id='word_1_155' title='bbox 1192 2892 1207 2923; x_wconf 74' lang='lat' dir='ltr'><strong>a</strong></span> <span class='ocrx_word' id='word_1_156' title='bbox 1232 2877 1301 2926; x_wconf 64' lang='lat' dir='ltr'>I825.</span> 
     </span>
    </p>

    <p class='ocr_par' dir='ltr' id='par_1_11' title="bbox 752 2955 1299 3018">
     <span class='ocr_line' id='line_1_25' title="bbox 752 2955 1299 3018; baseline 0.004 -18"><span class='ocrx_word' id='word_1_157' title='bbox 752 2969 808 3016; x_wconf 83' lang='lat' dir='ltr'>pag.</span> <span class='ocrx_word' id='word_1_158' title='bbox 824 2956 877 3006; x_wconf 88' lang='lat'>107.</span> <span class='ocrx_word' id='word_1_159' title='bbox 900 2957 990 3018; x_wconf 72' lang='lat' dir='ltr'>Veprv&#39;s</span> <span class='ocrx_word' id='word_1_160' title='bbox 1006 2955 1080 3004; x_wconf 83' lang='lat' dir='ltr'>etiam</span> <span class='ocrx_word' id='word_1_161' title='bbox 1089 2955 1197 3003; x_wconf 83' lang='lat' dir='ltr'>correxit</span> <span class='ocrx_word' id='word_1_162' title='bbox 1216 2955 1299 3017; x_wconf 82' lang='lat' dir='ltr'>Goga-</span> 
     </span>
    </p>

    <p class='ocr_par' dir='ltr' id='par_1_12' title="bbox 156 2999 1302 4360">
     <span class='ocr_line' id='line_1_26' title="bbox 201 2999 1300 3108; baseline -0.001 -26"><span class='ocrx_word' id='word_1_163' title='bbox 201 2999 358 3108; x_wconf 71' lang='lat' dir='ltr'>Quacrenti</span> <span class='ocrx_word' id='word_1_164' title='bbox 372 3035 492 3097; x_wconf 76' lang='lat' dir='ltr'>paridam</span> <span class='ocrx_word' id='word_1_165' title='bbox 505 3034 630 3082; x_wconf 80' lang='lat' dir='ltr'>montibus</span> <span class='ocrx_word' id='word_1_166' title='bbox 639 3035 712 3082; x_wconf 68' lang='lat' dir='ltr'>crib.</span> <span class='ocrx_word' id='word_1_167' title='bbox 752 3033 809 3081; x_wconf 84' lang='lat' dir='ltr'>vius</span> <span class='ocrx_word' id='word_1_168' title='bbox 826 3035 851 3082; x_wconf 88' lang='lat' dir='ltr'>in</span> <span class='ocrx_word' id='word_1_169' title='bbox 862 3035 927 3083; x_wconf 89' lang='lat' dir='ltr'>libro</span> <span class='ocrx_word' id='word_1_170' title='bbox 940 3034 1178 3083; x_wconf 79' lang='lat' dir='ltr'>Praetermissorum</span> <span class='ocrx_word' id='word_1_171' title='bbox 1190 3049 1247 3096; x_wconf 79' lang='lat' dir='ltr'>pag.</span> <span class='ocrx_word' id='word_1_172' title='bbox 1260 3035 1300 3083; x_wconf 80' lang='lat'>26.</span> 
     </span>
     <span class='ocr_line' id='line_1_27' title="bbox 162 3111 1300 3177; baseline -0.004 -13"><span class='ocrx_word' id='word_1_173' title='bbox 162 3111 292 3176; x_wconf 74' lang='lat' dir='ltr'>Gogavius</span> <span class='ocrx_word' id='word_1_174' title='bbox 305 3113 443 3162; x_wconf 84' lang='lat' dir='ltr'>Praeterm.</span> <span class='ocrx_word' id='word_1_175' title='bbox 459 3127 516 3175; x_wconf 81' lang='lat' dir='ltr'>pag.</span> <span class='ocrx_word' id='word_1_176' title='bbox 527 3111 568 3159; x_wconf 81' lang='lat'>25.</span> <span class='ocrx_word' id='word_1_177' title='bbox 590 3111 651 3173; x_wconf 85' lang='lat' dir='ltr'>legit</span> <span class='ocrx_word' id='word_1_178' title='bbox 666 3127 711 3174; x_wconf 84' lang='lat' dir='ltr'>pa·</span> <span class='ocrx_word' id='word_1_179' title='bbox 757 3114 846 3174; x_wconf 76' lang='lat' dir='ltr'>Vepris</span> <span class='ocrx_word' id='word_1_180' title='bbox 861 3129 907 3177; x_wconf 91' lang='lat' dir='ltr'>pro</span> <span class='ocrx_word' id='word_1_181' title='bbox 917 3129 1011 3176; x_wconf 77' lang='lat' dir='ltr'>cepres,</span> <span class='ocrx_word' id='word_1_182' title='bbox 1024 3121 1053 3161; x_wconf 88' lang='lat' dir='ltr'>ut</span> <span class='ocrx_word' id='word_1_183' title='bbox 1064 3116 1149 3175; x_wconf 75' lang='lat' dir='ltr'>arripis</span> <span class='ocrx_word' id='word_1_184' title='bbox 1161 3121 1185 3160; x_wconf 86' lang='lat' dir='ltr'>ct</span> <span class='ocrx_word' id='word_1_185' title='bbox 1197 3113 1300 3160; x_wconf 88' lang='lat' dir='ltr'>similia:</span> 
     </span>
     <span class='ocr_line' id='line_1_28' title="bbox 161 3189 1302 3254; baseline -0.004 -12"><span class='ocrx_word' id='word_1_186' title='bbox 161 3195 218 3242; x_wconf 78' lang='lat' dir='ltr'>vide</span> <span class='ocrx_word' id='word_1_187' title='bbox 229 3195 257 3241; x_wconf 80' lang='lat' dir='ltr'>in</span> <span class='ocrx_word' id='word_1_188' title='bbox 271 3194 408 3241; x_wconf 79' lang='lat' dir='ltr'>montibus:</span> <span class='ocrx_word' id='word_1_189' title='bbox 427 3191 543 3254; x_wconf 87' lang='lat' dir='ltr'>idqueex</span> <span class='ocrx_word' id='word_1_190' title='bbox 559 3189 669 3248; x_wconf 83' lang='lat' dir='ltr'>Graecis,</span> <span class='ocrx_word' id='word_1_191' title='bbox 683 3196 712 3237; x_wconf 90' lang='lat' dir='ltr'>ut</span> <span class='ocrx_word' id='word_1_192' title='bbox 752 3192 803 3238; x_wconf 86' lang='lat' dir='ltr'>vid.</span> <span class='ocrx_word' id='word_1_193' title='bbox 817 3192 995 3240; x_wconf 66' lang='lat' dir='ltr'>Burmannus</span> <span class='ocrx_word' id='word_1_194' title='bbox 1013 3191 1123 3240; x_wconf 86' lang='lat' dir='ltr'>Phaedri</span> <span class='ocrx_word' id='word_1_195' title='bbox 1136 3192 1156 3241; x_wconf 90' lang='grc' dir='ltr'>Ι.</span> <span class='ocrx_word' id='word_1_196' title='bbox 1166 3190 1227 3239; x_wconf 80' lang='lat' dir='ltr'>Fab.</span> <span class='ocrx_word' id='word_1_197' title='bbox 1236 3193 1259 3243; x_wconf 94' lang='lat'>7.</span> <span class='ocrx_word' id='word_1_198' title='bbox 1278 3200 1302 3240; x_wconf 88' lang='lat' dir='ltr'>et</span> 
     </span>
     <span class='ocr_line' id='line_1_29' title="bbox 161 3268 1300 3334; baseline -0.002 -15"><span class='ocrx_word' id='word_1_199' title='bbox 161 3272 237 3330; x_wconf 87' lang='lat' dir='ltr'>dicit,</span> <span class='ocrx_word' id='word_1_200' title='bbox 264 3269 356 3320; x_wconf 82' lang='lat' dir='ltr'>Alcaei</span> <span class='ocrx_word' id='word_1_201' title='bbox 380 3270 500 3320; x_wconf 85' lang='lat' dir='ltr'>versibus.</span> <span class='ocrx_word' id='word_1_202' title='bbox 534 3270 624 3318; x_wconf 87' lang='lat' dir='ltr'>Nescio</span> <span class='ocrx_word' id='word_1_203' title='bbox 650 3285 711 3334; x_wconf 89' lang='lat' dir='ltr'>quos</span> <span class='ocrx_word' id='word_1_204' title='bbox 752 3271 783 3317; x_wconf 86' lang='lat' dir='ltr'>ad</span> <span class='ocrx_word' id='word_1_205' title='bbox 801 3271 1037 3329; x_wconf 82' lang='lat' dir='ltr'>Declamationum,</span> <span class='ocrx_word' id='word_1_206' title='bbox 1059 3285 1122 3332; x_wconf 82' lang='lat' dir='ltr'>quoe</span> <span class='ocrx_word' id='word_1_207' title='bbox 1139 3270 1185 3317; x_wconf 88' lang='lat' dir='ltr'>sub</span> <span class='ocrx_word' id='word_1_208' title='bbox 1202 3268 1300 3330; x_wconf 86' lang='lat' dir='ltr'>Quinti-</span> 
     </span>
     <span class='ocr_line' id='line_1_30' title="bbox 161 3348 1302 3406; baseline -0.004 -7"><span class='ocrx_word' id='word_1_209' title='bbox 161 3349 253 3400; x_wconf 83' lang='lat' dir='ltr'>Alcaei</span> <span class='ocrx_word' id='word_1_210' title='bbox 264 3363 350 3398; x_wconf 89' lang='lat' dir='ltr'>versus</span> <span class='ocrx_word' id='word_1_211' title='bbox 362 3349 405 3398; x_wconf 86' lang='lat' dir='ltr'>ille</span> <span class='ocrx_word' id='word_1_212' title='bbox 422 3349 535 3397; x_wconf 84' lang='lat' dir='ltr'>voluerit.</span> <span class='ocrx_word' id='word_1_213' title='bbox 564 3349 709 3398; x_wconf 82' lang='lat' dir='ltr'>Anacreon·</span> <span class='ocrx_word' id='word_1_214' title='bbox 752 3348 813 3396; x_wconf 86' lang='lat' dir='ltr'>liani</span> <span class='ocrx_word' id='word_1_215' title='bbox 839 3349 938 3397; x_wconf 89' lang='lat' dir='ltr'>nomine</span> <span class='ocrx_word' id='word_1_216' title='bbox 965 3348 1092 3406; x_wconf 84' lang='lat' dir='ltr'>feruntur,</span> <span class='ocrx_word' id='word_1_217' title='bbox 1116 3348 1165 3395; x_wconf 90' lang='lat' dir='ltr'>VI.</span> <span class='ocrx_word' id='word_1_218' title='bbox 1191 3349 1228 3398; x_wconf 88' lang='lat'>17.</span> <span class='ocrx_word' id='word_1_219' title='bbox 1258 3349 1302 3395; x_wconf 73' lang='lat' dir='ltr'>Art</span> 
     </span>
     <span class='ocr_line' id='line_1_31' title="bbox 162 3424 1300 3490; baseline -0.001 -16"><span class='ocrx_word' id='word_1_220' title='bbox 162 3429 193 3476; x_wconf 83' lang='lat' dir='ltr'>tis</span> <span class='ocrx_word' id='word_1_221' title='bbox 212 3427 320 3476; x_wconf 84' lang='lat' dir='ltr'>afferunt</span> <span class='ocrx_word' id='word_1_222' title='bbox 336 3429 489 3490; x_wconf 84' lang='lat' dir='ltr'>interpretes.</span> <span class='ocrx_word' id='word_1_223' title='bbox 523 3426 554 3474; x_wconf 89' lang='lat' dir='ltr'>In</span> <span class='ocrx_word' id='word_1_224' title='bbox 572 3428 711 3490; x_wconf 85' lang='lat' dir='ltr'>quihusta·</span> <span class='ocrx_word' id='word_1_225' title='bbox 751 3433 864 3486; x_wconf 69' lang='lat' dir='ltr'>cottum,</span> <span class='ocrx_word' id='word_1_226' title='bbox 881 3433 910 3474; x_wconf 85' lang='lat' dir='ltr'>ut</span> <span class='ocrx_word' id='word_1_227' title='bbox 927 3424 1031 3475; x_wconf 86' lang='lat' dir='ltr'>Ovidius</span> <span class='ocrx_word' id='word_1_228' title='bbox 1042 3425 1116 3474; x_wconf 88' lang='lat' dir='ltr'>XIV.</span> <span class='ocrx_word' id='word_1_229' title='bbox 1135 3426 1300 3488; x_wconf 83' lang='lat' dir='ltr'>Metamorph.</span> 
     </span>
     <span class='ocr_line' id='line_1_32' title="bbox 162 3506 1298 3570; baseline 0 -16"><span class='ocrx_word' id='word_1_230' title='bbox 162 3521 220 3555; x_wconf 86' lang='lat' dir='ltr'>men</span> <span class='ocrx_word' id='word_1_231' title='bbox 237 3507 337 3555; x_wconf 88' lang='lat' dir='ltr'>nullum</span> <span class='ocrx_word' id='word_1_232' title='bbox 358 3515 395 3555; x_wconf 87' lang='lat' dir='ltr'>est</span> <span class='ocrx_word' id='word_1_233' title='bbox 410 3507 456 3554; x_wconf 87' lang='lat' dir='ltr'>tali</span> <span class='ocrx_word' id='word_1_234' title='bbox 469 3506 622 3554; x_wconf 86' lang='lat' dir='ltr'>coniecturae</span> <span class='ocrx_word' id='word_1_235' title='bbox 639 3521 708 3570; x_wconf 84' lang='lat' dir='ltr'>prae·</span> <span class='ocrx_word' id='word_1_236' title='bbox 751 3507 808 3554; x_wconf 77' lang='lat'>214.</span> <span class='ocrx_word' id='word_1_237' title='bbox 820 3521 962 3567; x_wconf 80' lang='lat' dir='ltr'>omnemque</span> <span class='ocrx_word' id='word_1_238' title='bbox 974 3508 1118 3555; x_wconf 65' lang='lat' dir='ltr'>trecentena</span> <span class='ocrx_word' id='word_1_239' title='bbox 1147 3506 1190 3553; x_wconf 81' lang='lat' dir='ltr'>Ad</span> <span class='ocrx_word' id='word_1_240' title='bbox 1205 3509 1298 3569; x_wconf 80' lang='lat' dir='ltr'>strepi-</span> 
     </span>
     <span class='ocr_line' id='line_1_33' title="bbox 161 3584 1300 3647; baseline 0.002 -15"><span class='ocrx_word' id='word_1_241' title='bbox 161 3585 261 3634; x_wconf 88' lang='lat' dir='ltr'>sidium.</span> <span class='ocrx_word' id='word_1_242' title='bbox 752 3591 805 3633; x_wconf 74' lang='lat' dir='ltr'>tune</span> <span class='ocrx_word' id='word_1_243' title='bbox 812 3592 963 3647; x_wconf 80' lang='lat' dir='ltr'>mortemque</span> <span class='ocrx_word' id='word_1_244' title='bbox 972 3587 1069 3633; x_wconf 78' lang='lat' dir='ltr'>tienena.</span> <span class='ocrx_word' id='word_1_245' title='bbox 1075 3584 1300 3634; x_wconf 86' lang='lat' dir='ltr'>Valer.Flacc.III.</span> 
     </span>
     <span class='ocr_line' id='line_1_34' title="bbox 197 3661 1299 3727; baseline 0.001 -16"><span class='ocrx_word' id='word_1_246' title='bbox 197 3666 456 3713; x_wconf 72' lang='lat' dir='ltr'>Aurarnmetsiluae</span> <span class='ocrx_word' id='word_1_247' title='bbox 464 3670 539 3712; x_wconf 81' lang='lat' dir='ltr'>metu.</span> <span class='ocrx_word' id='word_1_248' title='bbox 566 3661 710 3712; x_wconf 67' lang='lat' dir='ltr'>oretanae</span> <span class='ocrx_word' id='word_1_249' title='bbox 751 3665 807 3712; x_wconf 76' lang='lat'>264.</span> <span class='ocrx_word' id='word_1_250' title='bbox 840 3665 892 3714; x_wconf 84' lang='lat' dir='ltr'>Ceu</span> <span class='ocrx_word' id='word_1_251' title='bbox 907 3670 984 3727; x_wconf 83' lang='lat' dir='ltr'>pavet</span> <span class='ocrx_word' id='word_1_252' title='bbox 1001 3666 1035 3712; x_wconf 84' lang='lat' dir='ltr'>ud</span> <span class='ocrx_word' id='word_1_253' title='bbox 1051 3666 1145 3722; x_wconf 63' lang='grc' dir='ltr'>στένει,</span> <span class='ocrx_word' id='word_1_254' title='bbox 1166 3671 1192 3714; x_wconf 85' lang='lat' dir='ltr'>et</span> <span class='ocrx_word' id='word_1_255' title='bbox 1212 3668 1299 3714; x_wconf 81' lang='lat' dir='ltr'>tristia</span> 
     </span>
     <span class='ocr_line' id='line_1_35' title="bbox 160 3742 1299 3807; baseline 0.002 -18"><span class='ocrx_word' id='word_1_256' title='bbox 160 3743 341 3806; x_wconf 74' lang='lat' dir='ltr'>signifieanone</span> <span class='ocrx_word' id='word_1_257' title='bbox 358 3745 497 3807; x_wconf 84' lang='lat' dir='ltr'>explicatur</span> <span class='ocrx_word' id='word_1_258' title='bbox 515 3743 545 3791; x_wconf 79' lang='lat' dir='ltr'>ab</span> <span class='ocrx_word' id='word_1_259' title='bbox 562 3743 633 3792; x_wconf 89' lang='lat' dir='ltr'>Aulo</span> <span class='ocrx_word' id='word_1_260' title='bbox 651 3742 709 3792; x_wconf 87' lang='lat' dir='ltr'>Gel-</span> <span class='ocrx_word' id='word_1_261' title='bbox 753 3746 876 3793; x_wconf 81' lang='lat' dir='ltr'>Pentheos</span> <span class='ocrx_word' id='word_1_262' title='bbox 888 3759 940 3792; x_wconf 82' lang='lat' dir='ltr'>ora.</span> <span class='ocrx_word' id='word_1_263' title='bbox 953 3743 1299 3792; x_wconf 83' lang='lat' dir='ltr'>Vid.Bur1nanu.etRuhnk.</span> 
     </span>
     <span class='ocr_line' id='line_1_36' title="bbox 159 3821 1299 3884; baseline -0.002 -13"><span class='ocrx_word' id='word_1_264' title='bbox 159 3823 196 3871; x_wconf 85' lang='lat' dir='ltr'>lio</span> <span class='ocrx_word' id='word_1_265' title='bbox 214 3822 263 3871; x_wconf 90' lang='lat' dir='ltr'>IX.</span> <span class='ocrx_word' id='word_1_266' title='bbox 283 3822 316 3871; x_wconf 85' lang='lat' dir='ltr'>N.</span> <span class='ocrx_word' id='word_1_267' title='bbox 330 3823 364 3871; x_wconf 88' lang='lat' dir='ltr'>A.</span> <span class='ocrx_word' id='word_1_268' title='bbox 385 3823 421 3870; x_wconf 81' lang='lat'>12.</span> <span class='ocrx_word' id='word_1_269' title='bbox 752 3823 783 3870; x_wconf 82' lang='lat' dir='ltr'>ad</span> <span class='ocrx_word' id='word_1_270' title='bbox 792 3822 904 3872; x_wconf 83' lang='lat' dir='ltr'>Suetonii</span> <span class='ocrx_word' id='word_1_271' title='bbox 921 3821 1021 3871; x_wconf 86' lang='lat' dir='ltr'>Cacsar.</span> <span class='ocrx_word' id='word_1_272' title='bbox 1032 3838 1056 3884; x_wconf 89' lang='lat' dir='ltr'>p.</span> <span class='ocrx_word' id='word_1_273' title='bbox 1064 3824 1103 3870; x_wconf 85' lang='lat'>59.</span> <span class='ocrx_word' id='word_1_274' title='bbox 1115 3829 1140 3870; x_wconf 88' lang='lat' dir='ltr'>et</span> <span class='ocrx_word' id='word_1_275' title='bbox 1154 3823 1208 3869; x_wconf 82' lang='lat'>114.</span> <span class='ocrx_word' id='word_1_276' title='bbox 1226 3822 1299 3871; x_wconf 85' lang='lat' dir='ltr'>Com-</span> 
     </span>
     <span class='ocr_line' id='line_1_37' title="bbox 194 3900 1298 3963; baseline -0.001 -15"><span class='ocrx_word' id='word_1_277' title='bbox 194 3902 265 3949; x_wconf 83' lang='lat' dir='ltr'>Nam</span> <span class='ocrx_word' id='word_1_278' title='bbox 286 3915 330 3950; x_wconf 79' lang='lat' dir='ltr'>sea</span> <span class='ocrx_word' id='word_1_279' title='bbox 346 3903 478 3950; x_wconf 75' lang='lat' dir='ltr'>mobilibus</span> <span class='ocrx_word' id='word_1_280' title='bbox 498 3900 564 3948; x_wconf 74' lang='lat' dir='ltr'>veris</span> <span class='ocrx_word' id='word_1_281' title='bbox 580 3901 710 3949; x_wconf 79' lang='lat' dir='ltr'>inhorruit</span> <span class='ocrx_word' id='word_1_282' title='bbox 751 3908 870 3963; x_wconf 83' lang='lat' dir='ltr'>parentur</span> <span class='ocrx_word' id='word_1_283' title='bbox 887 3914 958 3963; x_wconf 83' lang='lat' dir='ltr'>porro</span> <span class='ocrx_word' id='word_1_284' title='bbox 976 3900 1068 3948; x_wconf 85' lang='lat' dir='ltr'>similia</span> <span class='ocrx_word' id='word_1_285' title='bbox 1079 3901 1135 3947; x_wconf 83' lang='lat' dir='ltr'>loca</span> <span class='ocrx_word' id='word_1_286' title='bbox 1146 3902 1211 3961; x_wconf 85' lang='lat' dir='ltr'>apud</span> <span class='ocrx_word' id='word_1_287' title='bbox 1224 3900 1298 3949; x_wconf 88' lang='lat' dir='ltr'>inter-</span> 
     </span>
     <span class='ocr_line' id='line_1_38' title="bbox 159 3977 1297 4042; baseline -0.002 -14"><span class='ocrx_word' id='word_1_288' title='bbox 159 3979 293 4029; x_wconf 76' lang='lat' dir='ltr'>Adrentus</span> <span class='ocrx_word' id='word_1_289' title='bbox 303 3980 386 4042; x_wconf 76' lang='lat' dir='ltr'>foliis.</span> <span class='ocrx_word' id='word_1_290' title='bbox 420 3979 551 4041; x_wconf 85' lang='lat' dir='ltr'>Ingeniose</span> <span class='ocrx_word' id='word_1_291' title='bbox 567 3980 709 4036; x_wconf 71' lang='lat' dir='ltr'>BentleiuS,</span> <span class='ocrx_word' id='word_1_292' title='bbox 750 3988 838 4042; x_wconf 71' lang='lat' dir='ltr'>preses.</span> <span class='ocrx_word' id='word_1_293' title='bbox 856 3978 975 4041; x_wconf 90' lang='lat' dir='ltr'>Apollon.</span> <span class='ocrx_word' id='word_1_294' title='bbox 994 3979 1107 4026; x_wconf 87' lang='lat' dir='ltr'>Rhodius</span> <span class='ocrx_word' id='word_1_295' title='bbox 1117 3979 1167 4027; x_wconf 92' lang='lat' dir='ltr'>III.</span> <span class='ocrx_word' id='word_1_296' title='bbox 1186 3980 1242 4026; x_wconf 75' lang='lat'>954.</span> <span class='ocrx_word' id='word_1_297' title='bbox 1263 3977 1297 4026; x_wconf 76' lang='lat' dir='ltr'>”H</span> 
     </span>
     <span class='ocr_line' id='line_1_39' title="bbox 158 4057 1298 4122; baseline 0.001 -16"><span class='ocrx_word' id='word_1_298' title='bbox 158 4066 184 4107; x_wconf 86' lang='lat' dir='ltr'>et</span> <span class='ocrx_word' id='word_1_299' title='bbox 202 4059 258 4117; x_wconf 78' lang='lat' dir='ltr'>alii,</span> <span class='ocrx_word' id='word_1_300' title='bbox 275 4059 328 4122; x_wconf 83' lang='lat' dir='ltr'>Ipso</span> <span class='ocrx_word' id='word_1_301' title='bbox 344 4060 479 4116; x_wconf 82' lang='lat' dir='ltr'>nesciente,</span> <span class='ocrx_word' id='word_1_302' title='bbox 495 4059 546 4106; x_wconf 81' lang='lat' dir='ltr'>iam</span> <span class='ocrx_word' id='word_1_303' title='bbox 563 4065 651 4107; x_wconf 81' lang='lat' dir='ltr'>antea:</span> <span class='ocrx_word' id='word_1_304' title='bbox 669 4076 707 4108; x_wconf 84' lang='lat' dir='ltr'>ve·</span> <span class='ocrx_word' id='word_1_305' title='bbox 749 4060 821 4121; x_wconf 64' lang='grc' dir='ltr'><em>θαμὰ</em></span> <span class='ocrx_word' id='word_1_306' title='bbox 838 4057 868 4116; x_wconf 79' lang='grc' dir='ltr'>δὴ</span> <span class='ocrx_word' id='word_1_307' title='bbox 886 4057 999 4117; x_wconf 65' lang='grc' dir='ltr'>στηθέων</span> <span class='ocrx_word' id='word_1_308' title='bbox 1019 4058 1079 4122; x_wconf 82' lang='grc' dir='ltr'><em>ἐάγη</em></span> <span class='ocrx_word' id='word_1_309' title='bbox 1105 4058 1180 4122; x_wconf 79' lang='grc' dir='ltr'><strong>κέαρ,</strong></span> <span class='ocrx_word' id='word_1_310' title='bbox 1202 4057 1298 4107; x_wconf 84' lang='grc' dir='ltr'>ὁππότε</span> 
     </span>
     <span class='ocr_line' id='line_1_40' title="bbox 156 4134 1298 4202; baseline -0.003 -15"><span class='ocrx_word' id='word_1_311' title='bbox 156 4141 214 4202; x_wconf 79' lang='lat' dir='ltr'>pria</span> <span class='ocrx_word' id='word_1_312' title='bbox 231 4139 361 4188; x_wconf 79' lang='lat' dir='ltr'>inhorruit</span> <span class='ocrx_word' id='word_1_313' title='bbox 379 4140 422 4186; x_wconf 78' lang='lat' dir='ltr'>Ad</span> <span class='ocrx_word' id='word_1_314' title='bbox 435 4137 624 4200; x_wconf 80' lang='lat' dir='ltr'>ventumsoliis.</span> <span class='ocrx_word' id='word_1_315' title='bbox 650 4139 709 4200; x_wconf 86' lang='lat' dir='ltr'>Epi·</span> <span class='ocrx_word' id='word_1_316' title='bbox 750 4137 847 4186; x_wconf 81' lang='grc' dir='ltr'>δοῦπον</span> <span class='ocrx_word' id='word_1_317' title='bbox 860 4134 893 4183; x_wconf 73' lang='grc' dir='ltr'><em>Ἠ</em></span> <span class='ocrx_word' id='word_1_318' title='bbox 918 4137 995 4194; x_wconf 76' lang='grc' dir='ltr'>ποδὸς</span> <span class='ocrx_word' id='word_1_319' title='bbox 1015 4137 1031 4195; x_wconf 78' lang='grc' dir='ltr'>ἢ</span> <span class='ocrx_word' id='word_1_320' title='bbox 1052 4136 1153 4202; x_wconf 75' lang='grc' dir='ltr'>ἀνέμοιο</span> <span class='ocrx_word' id='word_1_321' title='bbox 1172 4135 1298 4202; x_wconf 67' lang='grc' dir='ltr'>παραθρέ-</span> 
     </span>
     <span class='ocr_line' id='line_1_41' title="bbox 157 4215 1299 4280; baseline -0.001 -15"><span class='ocrx_word' id='word_1_322' title='bbox 157 4217 235 4275; x_wconf 86' lang='lat' dir='ltr'>stola,</span> <span class='ocrx_word' id='word_1_323' title='bbox 252 4219 278 4265; x_wconf 90' lang='lat' dir='ltr'>in</span> <span class='ocrx_word' id='word_1_324' title='bbox 296 4232 346 4280; x_wconf 82' lang='lat' dir='ltr'>qua</span> <span class='ocrx_word' id='word_1_325' title='bbox 360 4215 488 4265; x_wconf 86' lang='lat' dir='ltr'>Bentleius</span> <span class='ocrx_word' id='word_1_326' title='bbox 505 4215 579 4262; x_wconf 86' lang='lat' dir='ltr'>istam</span> <span class='ocrx_word' id='word_1_327' title='bbox 595 4217 708 4264; x_wconf 83' lang='lat' dir='ltr'>emenda·</span> <span class='ocrx_word' id='word_1_328' title='bbox 750 4219 829 4271; x_wconf 73' lang='grc' dir='ltr'>ξαντα</span> <span class='ocrx_word' id='word_1_329' title='bbox 841 4215 957 4265; x_wconf 64' lang='grc' dir='ltr'>δοάσσαι·</span> <span class='ocrx_word' id='word_1_330' title='bbox 970 4223 993 4264; x_wconf 87' lang='lat' dir='ltr'>et</span> <span class='ocrx_word' id='word_1_331' title='bbox 1002 4216 1096 4265; x_wconf 81' lang='lat' dir='ltr'>Lucan.</span> <span class='ocrx_word' id='word_1_332' title='bbox 1105 4216 1181 4265; x_wconf 88' lang='lat' dir='ltr'>VIII.</span> <span class='ocrx_word' id='word_1_333' title='bbox 1192 4218 1214 4265; x_wconf 83' lang='lat'>5.</span> <span class='ocrx_word' id='word_1_334' title='bbox 1223 4224 1299 4280; x_wconf 80' lang='lat' dir='ltr'>pavet</span> 
     </span>
     <span class='ocr_line' id='line_1_42' title="bbox 157 4295 1298 4360; baseline -0.002 -14"><span class='ocrx_word' id='word_1_335' title='bbox 157 4300 251 4347; x_wconf 87' lang='lat' dir='ltr'>tionem</span> <span class='ocrx_word' id='word_1_336' title='bbox 273 4297 402 4360; x_wconf 84' lang='lat' dir='ltr'>proposuit</span> <span class='ocrx_word' id='word_1_337' title='bbox 423 4295 541 4353; x_wconf 82' lang='lat' dir='ltr'>Graevio,</span> <span class='ocrx_word' id='word_1_338' title='bbox 567 4295 661 4357; x_wconf 85' lang='lat' dir='ltr'>legitur</span> <span class='ocrx_word' id='word_1_339' title='bbox 682 4297 707 4345; x_wconf 88' lang='lat' dir='ltr'>in</span> <span class='ocrx_word' id='word_1_340' title='bbox 750 4296 1298 4359; x_wconf 75' lang='lat' dir='ltr'>illesraporemMotorumoenttsnemornm.</span> 
     </span>
    </p>
   </div>
   <div class='ocr_carea' id='block_1_8' title="bbox 0 0 1462 5220">
    <p class='ocr_par' dir='ltr' id='par_1_13' title="bbox 0 0 1462 5220">
     <span class='ocr_line' id='line_1_43' title="bbox 0 0 1462 5220; baseline 0 2"><span class='ocrx_word' id='word_1_341' title='bbox 0 0 1462 5220; x_wconf 95' lang='lat' dir='ltr'> </span> 
     </span>
    </p>
   </div>
  </div>
 </body>
</html>
