2916 5220
636 301 847 365 lrIBElt.

344 486 432 552 Satis
456 509 617 572 superque
640 510 693 552 me
716 488 904 574 benignitas
936 495 991 553 tus

388 591 533 656 Ditavit:
558 592 647 657 haud
669 614 844 677 paravero,

342 694 436 774 Quod
458 700 532 778 aut,
557 718 673 760 avarus
696 702 735 761 nt
760 695 935 778 Chremes,
962 704 1047 761 terra
1071 718 1237 781 premam,

386 799 575 864 Discinetus
599 806 657 864 aut
679 800 814 885 perdam
838 808 876 866 ut
899 823 1010 886 nepos.

162 969 223 1014 dens
247 967 271 1013 in
300 965 355 1015 MS.
381 965 453 1014 Voss.
485 972 604 1029 tangens,
633 981 708 1029 supra
747 965 820 1014 beata
836 967 876 1015 20.
906 969 1039 1031 Quidquid
1062 970 1164 1024 habebo,
1185 984 1230 1017 nee
1245 984 1296 1018 sor·

162 1047 271 1094 candens
287 1045 405 1108 seriptum
422 1051 466 1092 est.
751 1048 809 1094 dide
825 1049 915 1095 custod
925 1063 978 1106 am,
996 1064 1040 1095 nee
1056 1050 1159 1110 protege
1170 1063 1296 1110 spargam.

196 1124 345 1172 Dareinetus
371 1130 418 1172 aut
441 1125 546 1185 perdam
570 1129 600 1170 ut
624 1139 706 1185 nepos
750 1125 792 1172 Ex
809 1139 859 1186 qua
882 1131 964 1173 autem
991 1125 1101 1183 Fabula,
1130 1126 1240 1174 Terentii
1264 1142 1296 1174 an

162 1202 195 1250 Iu
220 1201 298 1251 MSS.
324 1201 452 1249 nonnullis
477 1208 507 1250 ut
527 1202 607 1258 abest,
631 1202 706 1249 etiam
746 1203 884 1262 Menandri,
902 1204 1022 1252 Horatius
1038 1218 1169 1268 personam
1179 1203 1296 1254 Chreme·

161 1280 271 1330 Dorvill.
279 1280 340 1328 Vid.
349 1280 456 1329 Dorvill.
469 1281 500 1328 ad
509 1280 605 1331 Charit.
614 1296 638 1343 p.
649 1281 706 1332 677.
745 1282 777 1329 tis
794 1282 922 1338 sumserit,
939 1283 1008 1331 dictu
1024 1283 1124 1331 difficile
1141 1290 1185 1331 est.
1211 1283 1296 1346 Respi-

162 1359 197 1406 Et
213 1358 351 1420 elegantius
368 1359 448 1417 abest,
465 1359 561 1407 etiamsi
578 1373 627 1406 uon
638 1374 706 1421 prae·
746 1375 799 1409 aere
816 1375 913 1423 quoque
928 1362 1008 1424 potuit
1025 1361 1182 1409 Thesaurum
1203 1360 1295 1410 Luscii.

161 1437 305 1486 cederetur
325 1439 449 1487 Chremes.
484 1438 525 1486 Ita
545 1438 607 1487 solet
624 1438 707 1486 Hora·
746 1440 777 1488 Iu
795 1454 825 1488 ea
841 1438 930 1488 saltem
947 1446 984 1487 est
1002 1442 1085 1489 Senex
1101 1455 1202 1488 avaras.
1242 1441 1294 1489 Do·

161 1516 218 1564 tius.
237 1517 315 1578 Epod.
325 1515 360 1563 11.
370 1518 392 1564 5.
412 1518 497 1578 Neque
508 1519 636 1565 excitatur
644 1519 706 1566 clas·
746 1525 819 1566 natus
848 1518 879 1565 ad
908 1519 1061 1566 Eunuchum
1091 1519 1200 1568 Terentii
1231 1520 1294 1568 Pro-

160 1596 210 1643 sico
227 1595 298 1643 miles
323 1596 397 1642 traci.
433 1594 527 1644 Similis
553 1602 636 1642 autern
653 1610 706 1644 sen·
746 1597 797 1659 leg.
814 1610 849 1644 vs.
871 1597 1100 1658 integumentum
1122 1597 1221 1646 fabulae
1244 1614 1294 1647 ser·

161 1673 239 1721 tentia
256 1674 316 1721 haec
332 1679 370 1721 est
386 1672 452 1735 apud
470 1673 589 1722 Senecam
606 1674 637 1724 de
646 1675 708 1724 Vita
750 1677 824 1724 verit.

646 1829 806 1850 κ...-

558 1987 804 2052 CARMEN
851 1992 893 2054 H.

340 2123 469 2205 Beatus
494 2139 565 2221 ille,
590 2140 646 2224 qui
669 2142 782 2224 procul
807 2143 967 2227 negotiiS,

384 2243 432 2309 Ut
453 2243 561 2327 prisca
582 2264 663 2327 gens
686 2244 893 2326 mortalium,

338 2347 479 2411 Paterna
501 2368 576 2410 rura
597 2346 701 2412 bobus
727 2353 855 2412 exercet
879 2347 969 2429 suia,

384 2449 517 2514 Solutus
542 2449 633 2514 omni
655 2449 801 2514 foenore:

337 2551 450 2635 Neque
473 2551 635 2616 excitatur
658 2553 794 2617 classico
817 2553 913 2618 miles
938 2553 1040 2633 truci,

383 2654 496 2739 Neque
519 2654 628 2718 horret
651 2655 772 2719 iratum
795 2678 903 2738 mare,

340 2758 525 2843 Forumque
548 2758 634 2822 vitat
657 2765 690 2823 et
713 2761 852 2844 superba
874 2761 997 2825 civium

383 2861 612 2926 Potentiorum
634 2862 761 2927 limina.

312 3008 313 3011 =
338 2965 426 3050 Ergo
450 2971 508 3030 aut
531 2965 645 3029 adulta
667 2965 787 3031 vitium
810 2969 990 3053 propagine

383 3067 480 3133 Altos
504 3068 639 3132 maritat
661 3070 816 3153 populos,

336 3171 406 3235 Aut
429 3171 463 3234 in
487 3170 621 3236 reducta
644 3171 730 3236 valle
753 3172 975 3256 mugientium

381 3275 574 3359 Prospectat
598 3261 741 3340 errantes
765 3297 899 3359 greges,

340 3378 544 3463 Inutilesque
567 3377 650 3443 falce
673 3400 780 3444 ramos
805 3383 1002 3462 amputans,

382 3481 556 3546 Feliciores
581 3481 716 3562 inserit,

330 3667 482 3718 CARMEN
499 3670 535 3717 ΠΙ
747 3639 797 3689 Ubi
826 3638 928 3688 fortasse
962 3639 1135 3702 corrigendum
1163 3643 1295 3704 eademqne

747 3724 897 3779 pareatum,
914 3721 960 3767 hoo
978 3725 1014 3768 est
1028 3724 1147 3780 puternu.

192 3765 308 3848 Beatus
324 3800 376 3847 tlte.
401 3798 533 3847 Nonnulla
549 3798 658 3846 citantur
676 3798 707 3846 ab
781 3800 858 3844 Altus
876 3800 983 3845 proritat
1000 3799 1114 3859 populos.
1150 3795 1212 3844 Post
1228 3797 1295 3844 hunc

156 3876 305 3926 Hildeberto
329 3877 398 3927 Phil.
418 3878 484 3926 Mor.
500 3892 557 3941 pag.
577 3878 638 3936 984,
655 3878 708 3925 sine
747 3890 847 3925 versum
873 3877 953 3939 potius
979 3876 1107 3937 legantur:
1137 3876 1295 3938 Inntttesque

158 3955 287 4006 varietate.
741 3954 814 4016 falce
838 3969 922 4002 rastros
938 3962 1077 4014 arreputans
1100 3954 1234 4001 Feliciores
1258 3956 1295 4002 in-

193 4037 311 4084 Paterna
334 4051 398 4084 rura
427 4037 502 4084 bobas
525 4041 623 4084 excercet
646 4035 706 4082 suis.
746 4034 818 4079 serit.
840 4031 910 4079 Haeo
926 4031 992 4078 enim
1009 4031 1133 4092 pertinent
1149 4030 1180 4077 ad
1191 4032 1294 4079 eandem

158 4112 235 4162 Abbo
250 4114 414 4163 Floriaoensis
431 4112 498 4176 apud
515 4114 613 4162 Maium
629 4114 659 4162 T.
673 4113 707 4162 V.
747 4110 879 4168 actionem;
901 4109 1121 4170 maritat·'rpulos
1136 4109 1239 4168 vitibus,
1257 4126 1295 4158 ra-

157 4208 216 4256 pag.
235 4193 292 4241 336.
309 4197 410 4241 exarat.
444 4192 531 4240 Valer.
549 4192 632 4240 Flaec.
658 4191 707 4240 VI.
747 4203 800 4237 mos
816 4188 965 4251 vitium!
1066 4186 1127 4235 alios
1144 4188 1236 4236 inserit.
1261 4190 1296 4239 ltt

160 4272 217 4321 404.
236 4273 368 4334 eadenque
387 4274 503 4334 parentis
522 4274 597 4319 Rura
615 4272 706 4318 colunt.
748 4269 793 4315 iste
812 4260 895 4375 κγ’
1066 4267 1147 4314 *nitur
1167 4267 1191 4314 in
1210 4268 1295 4316 multis

804 4392 841 4533 l

797 4540 806 4599 .‘
