2916 5220
595 323 621 386 L
638 323 650 384 Ι
666 323 769 386 BER
815 324 877 386 Ill.

255 510 374 574 Dicam
397 512 533 594 inceptae,
558 530 682 591 recens,
707 509 808 574 adbuc

301 612 459 677 Indicium
482 611 630 678 arcolio.
678 613 754 677 Non
777 633 870 676 secus
895 609 930 674 in
954 610 1041 696 iugis

258 714 437 780 Exsomnis
462 719 574 800 stupet
598 715 716 798 Evias,

298 818 447 883 Hebrum
470 817 671 903 prospiciens
695 823 729 882 et
752 817 828 884 nive
851 816 1026 882 candidam

253 921 397 988 Thracen
425 944 463 986 oc
479 922 565 1006 pede
587 920 720 986 barbaro

303 1027 490 1090 Lustratum
511 1025 699 1109 Rhodopen,
722 1034 758 1090 ut
779 1024 856 1089 milri
878 1023 965 1089 detio

161 1153 253 1216 spiritu
269 1152 318 1200 isto
334 1153 446 1211 inflatus,
463 1168 549 1202 versus
560 1168 592 1202 ex
603 1159 712 1216 tempore
753 1153 801 1210 lia,
818 1159 859 1210 nt,
875 1153 920 1215 qni
937 1167 995 1201 mox
1012 1152 1138 1202 cecinerit:
1168 1153 1214 1201 Nil
1237 1167 1301 1200 oror-

160 1232 232 1280 dicit.
276 1231 325 1281 Sed
354 1234 428 1282 deoru
457 1232 576 1282 Caesaris
604 1234 713 1281 inserere
754 1235 805 1280 tale
821 1246 923 1291 conam,
945 1247 970 1281 se
990 1233 1041 1295 ipse
1057 1232 1132 1295 plane
1148 1230 1301 1280 refutaverit.

159 1311 244 1359 stellis
260 1316 285 1359 et
302 1313 404 1360 οονιοίῑὶο
421 1313 504 1369 Iocis,
520 1311 594 1360 fidem
611 1312 713 1360 obsecro
753 1312 788 1360 Et
804 1325 849 1358 cur
864 1312 936 1374 poeta
952 1312 978 1360 in
995 1311 1080 1361 eodem
1097 1318 1149 1359 tam
1165 1310 1234 1358 brevi
1249 1325 1301 1358 car·

160 1395 286 1449 vestram,
308 1389 362 1452 quis
386 1390 422 1438 ita
447 1389 580 1453 loquatur?
613 1391 713 1439 Laudes
753 1390 833 1448 mine,
850 1395 901 1437 tam
918 1388 1004 1452 magni
1020 1389 1177 1452 caeteroquin
1193 1388 1302 1451 spiritus,

160 1469 198 1516 ud
219 1474 291 1517 ostra
313 1471 399 1518 tollere
429 1483 477 1517 usu
507 1469 640 1531 probatum
668 1477 712 1519 est.
754 1468 868 1516 dixisset:
893 1467 990 1517 (lanam
1015 1469 1107 1532 aliquid
1131 1470 1237 1530 iungere,
1262 1470 1303 1517 itt·

160 1546 263 1596 Laudes
283 1549 391 1596 inserere
412 1549 492 1596 astris
509 1554 534 1596 et
551 1550 656 1597 concilio
673 1551 713 1597 Io·
753 1549 850 1596 dictum
867 1562 909 1597 ore
924 1549 988 1606 alio,
1014 1549 1080 1596 nihil
1106 1549 1198 1595 humili
1220 1548 1302 1607 modo,

162 1628 204 1675 via
244 1625 377 1688 significat,
417 1627 546 1682 lauditio,
584 1632 713 1690 tamquam
754 1629 793 1675 nil
807 1642 929 1689 porcum,
946 1629 985 1675 nil
1001 1626 1126 1676 mortale?

162 1704 272 1763 homini,
293 1706 374 1753 locum
395 1706 468 1761 dore,
497 1706 585 1754 laudes
615 1707 711 1755 adsert'·
788 1706 924 1754 Etrtomnia
939 1711 1026 1768 stupet
1045 1706 1134 1754 Euius.
1161 1703 1303 1754 Difficultas

160 1785 220 1832 bere
235 1785 305 1832 coelo.
332 1781 426 1845 Virgil.
445 1782 465 1831 Ι.
484 1781 575 1845 Georg.
593 1784 634 1833 25.
663 1787 712 1832 Tu·
753 1789 791 1832 est
807 1784 833 1832 in
850 1785 957 1847 epitheto
973 1787 1108 1843 extorruit,
1134 1784 1201 1847 quod
1225 1783 1301 1846 signi-

159 1878 210 1924 que
225 1865 386 1925 anteaquam
402 1877 471 1918 moa,
494 1877 557 1924 quoe
573 1865 627 1910 sint
644 1865 712 1912 bobi—
754 1863 812 1911 licat
832 1865 951 1926 mpilom,
975 1878 1040 1926 qnae
1064 1862 1117 1911 sine
1142 1877 1228 1911 somno
1252 1869 1302 1920 est,

160 1947 224 1989 tara
241 1945 355 1990 Deorum
375 1940 502 2000 Concilio,
526 1942 651 1991 incretam
667 1948 712 1995 est.
753 1955 803 1989 non
832 1955 915 1990 somno
940 1947 1102 2003 experrecta,
1133 1948 1162 1989 ut
1187 1941 1303 1990 nonnulli

160 2018 249 2069 Valer.
267 2021 337 2068 Max.
355 2020 377 2067 Ι.
394 2019 418 2066 6.
455 2018 587 2068 Caesarem
607 2020 713 2068 Deorum
754 2020 855 2069 volunt:
880 2020 929 2068 rid.
954 2020 1037 2070 Bentl.
1064 2027 1088 2069 et
1112 2021 1145 2069 N.
1163 2020 1250 2070 Heius.
1271 2020 1303 2068 ad

160 2100 427 2147 conciliaturam-um.
446 2099 544 2147 Auson.
557 2098 642 2148 Canu.
655 2115 711 2163 pag.
754 2100 846 2163 Virgil.
868 2100 917 2149 VI.
935 2101 1001 2149 Aen.
1018 2101 1074 2149 tte.
1092 2101 1250 2149 Palmarium
1266 2106 1303 2149 est

160 2177 219 2228 478.
258 2179 380 2226 Iaainuot
400 2179 476 2236 coelo,
503 2178 602 2240 Diuque
622 2180 713 2228 inserit
754 2179 862 2227 Bentleii
883 2179 989 2227 Edonis.
1024 2177 1094 2239 Quae
1115 2184 1201 2226 eontra
1221 2177 1302 2240 dispu-

160 2257 277 2305 emeritos
301 2258 363 2304 laur.
402 2256 544 2305 Nemesian.
571 2258 661 2320 Eclog.
689 2258 710 2307 1.
754 2264 792 2305 tat
808 2258 947 2305 Burmann.
966 2256 997 2303 ud
1013 2254 1118 2304 Anthol.
1131 2256 1216 2304 Latin.
1229 2257 1301 2305 Tom.

160 2336 203 2384 to.
228 2338 294 2384 coele
319 2338 410 2398 dignm
434 2336 590 2398 Concilioque
619 2336 711 2387 Derim.
754 2335 775 2384 I.
793 2351 849 2398 pag.
871 2335 923 2387 170.
941 2349 1030 2397 parum
1051 2334 1118 2396 apud
1143 2349 1184 2384 me
1209 2334 1301 2384 valent.

161 2415 214 2462 vid.
238 2415 375 2463 Burmann.
401 2415 463 2476 Qui,
489 2430 567 2478 quum
590 2415 621 2462 ad
638 2413 711 2464 Ovid.
753 2413 833 2463 Dicit:
850 2415 1013 2471 “Exsomnis,
1030 2427 1094 2476 quae
1110 2427 1154 2475 per
1165 2418 1244 2461 totam
1255 2427 1299 2460 no-

162 2492 228 2541 XV.
237 2493 406 2542 Metam848.
415 2500 515 2556 putasse
524 2493 683 2552 videatur,h.
694 2493 710 2541 l.
754 2499 819 2542 etem
835 2493 985 2550 luxuriavit,
1003 2498 1135 2555 antequam
1151 2494 1175 2541 in
1187 2506 1301 2541 somnum

161 2585 214 2619 nou
239 2574 312 2621 mens
340 2571 471 2635 Caesares,
493 2572 535 2621 sed
557 2575 669 2621 anienem
686 2572 711 2620 in
754 2572 869 2621 cecidit:”
886 2578 911 2620 et
922 2572 1147 2630 Heinsius,locum
1158 2570 1257 2619 Horatii
1270 2572 1301 2619 ad

162 2656 232 2699 astra
247 2651 345 2709 abiisse,
361 2650 423 2698 haec
439 2650 515 2699 verba
532 2664 580 2698 nou
598 2657 712 2700 accurate
753 2650 891 2712 Virgilium
899 2651 1035 2714 proferens,
1047 2650 1178 2713 vulgatum
1186 2650 1301 2713 probasse

162 2730 335 2778 consideravit.
753 2729 857 2777 videtur.

197 2811 291 2859 Dicam
316 2810 424 2871 lusione,
448 2825 545 2870 receru,
566 2811 648 2859 odiam
665 2811 710 2856 In·
789 2811 905 2858 Thracen
931 2825 961 2859 ac
984 2811 1048 2872 pede
1063 2811 1171 2859 borbore
1192 2812 1300 2858 Lustru-

161 2889 260 2936 diotum
280 2902 322 2936 ore
342 2889 400 2936 alio.
434 2886 500 2949 Quia
520 2885 652 2949 praecessit
672 2889 711 2936 de-
754 2893 807 2936 tom
825 2889 969 2951 Rhodopen.
1003 2889 1072 2937 Haec
1089 2889 1301 2938 siaccuratecon·

161 2979 222 3025 cres,
247 2971 271 3014 et
288 2966 408 3014 adiectiva
429 2965 474 3013 illa
489 2968 598 3027 iusque,
615 2981 711 3022 reeens,
753 2968 856 3026 sileres,
873 2969 967 3017 ridebis
984 2982 1035 3016 esse
1051 2968 1128 3017 uerba
1144 2983 1245 3028 sonora,
1262 2969 1300 3016 ni-

160 3046 300 3102 ἱνιάννὶνννι,
325 3059 376 3094 non
404 3045 498 3093 habent
527 3045 711 3092 substantivum
753 3047 790 3096 hil
807 3048 922 3111 amplius.
956 3049 1003 3096 Est
1019 3049 1085 3098 enirn
1106 3049 1238 3113 Rhodope,
1259 3053 1303 3099 ubi

161 3136 213 3186 quo
237 3123 387 3183 referantur,
414 3123 552 3173 necessario
579 3123 712 3185 repetimus
754 3129 862 3176 homines
879 3130 982 3177 barbari
999 3130 1115 3176 hubitant
1126 3135 1151 3176 et
1161 3135 1300 3177 vorentur.

161 3205 244 3251 decim
277 3204 368 3252 Dicam
388 3204 453 3253 illud
478 3203 587 3266 insigne,
614 3216 711 3262 recens,
753 3206 828 3254 Erias
845 3220 905 3269 ergo
928 3206 1045 3269 prospicit
1069 3213 1190 3264 montem,
1214 3222 1264 3255 non
1286 3224 1302 3256 a

161 3288 189 3331 et
205 3282 237 3330 ab
254 3283 309 3333 aliis
332 3284 452 3332 indictum
479 3283 561 3331 decus.
596 3282 646 3333 Sed
672 3283 712 3330 de·
754 3283 869 3342 Graecis,
895 3285 936 3334 sed
954 3301 970 3332 a
986 3284 1137 3342 Thracibus,
1158 3286 1183 3333 h.
1203 3301 1225 3334 e.
1245 3286 1300 3334 bar·

161 3375 207 3410 cns
232 3362 346 3426 Augusti
370 3364 419 3412 iam
444 3367 498 3411 erat
527 3363 657 3425 antiquum
688 3367 713 3410 et
753 3363 827 3423 baris,
836 3364 982 3412 habitatum.
1000 3364 1055 3413 Alii
1062 3365 1149 3427 pedem
1165 3366 1302 3413 tortorum

161 3442 255 3491 millies
272 3443 437 3493 decantatum.
472 3443 555 3506 Igitur
572 3442 712 3505 intelligen·
753 3443 812 3505 ipsis
820 3442 985 3492 Maenadibus
999 3443 1120 3492 tribuunt.
1145 3443 1187 3491 Ita
1202 3444 1302 3492 Baccha

162 3520 225 3568 dum
259 3523 360 3583 aliquid
396 3537 439 3571 seu
471 3537 578 3571 carmen.
621 3521 712 3570 Dicam
753 3526 876 3585 stuperet,
897 3523 1046 3586 prospiciens
1067 3530 1189 3582 montem,
1211 3524 1302 3586 inquo

162 3600 261 3662 aliquid
289 3600 393 3663 insigne.
426 3601 499 3650 Dura
528 3615 587 3649 sane
619 3599 712 3662 ellipsis
753 3602 867 3651 Bacchae
880 3602 1001 3651 barbarae
1014 3609 1146 3665 vagantur.
1168 3603 1263 3666 Inque
1276 3618 1302 3652 re

161 3683 188 3726 et
204 3692 293 3740 parum
310 3679 410 3728 usitata.
444 3680 532 3742 Neque
548 3695 632 3730 recem
648 3680 712 3729 idem
753 3695 803 3729 non
822 3682 953 3731 honestum
966 3689 1003 3731 est
1017 3683 1142 3745 epitheton
1154 3684 1302 3738 tortorum,

160 3763 202 3807 est
216 3759 283 3820 quod
304 3773 410 3816 nouum,
435 3773 565 3822 nunquam
590 3758 712 3808 auditum.
732 3786 734 3841 Ι
753 3774 833 3823 neque
853 3762 925 3810 video
942 3776 988 3810 our
1005 3762 1106 3811 Baccha
1122 3761 1234 3809 Bacchae
1251 3766 1301 3808 stu-

160 3835 247 3884 Multa
262 3837 330 3885 enim
346 3838 454 3886 recentia
464 3838 576 3885 carmina
586 3837 713 3887 continent
732 3844 734 3891 t
752 3855 838 3902 parem
855 3841 964 3890 iniiceret
979 3840 1019 3889 vel
1036 3846 1145 3902 augeret.
1167 3839 1222 3887 Iam
1234 3838 1301 3887 Rho·

161 3930 201 3964 res
226 3917 300 3966 valde
325 3918 440 3981 antiquas
464 3923 489 3966 et
514 3917 576 3966 bene
592 3918 712 3980 cognitas.
753 3918 817 3981 dope
832 3926 870 3967 est
885 3933 956 3969 mons
973 3919 1115 3967 altissimus.
1141 3919 1208 3979 lopo
1225 3918 1301 3966 mino

160 3995 236 4057 Legit
256 3996 440 4047 Grammaticus
457 3997 557 4046 Horatii
573 3998 610 4047 ΙΙ.
627 3997 712 4048 Carm.
753 4012 805 4047 rem
827 3999 984 4047 altitudinem
1004 3998 1126 4055 indicant,
1143 4011 1219 4060 quam
1235 3998 1301 4059 cogi·

163 4075 202 4122 19.
229 4075 297 4123 Eooi
314 4078 408 4126 recenti
425 4092 494 4126 mma
511 4079 712 4139 trepidotmeta.
753 4077 815 4126 tatio
840 4079 916 4126 totius
940 4076 1049 4134 montis,
1077 4077 1177 4139 proprio
1202 4077 1302 4126 nomine

159 4153 213 4203 Ubi
230 4152 314 4203 Schol.
330 4157 470 4205 “Recenti:
487 4157 624 4205 inaudito.''
654 4158 712 4219 Age
754 4157 881 4219 appellati.
907 4157 984 4205 Recte
1000 4157 1027 4203 iu
1043 4157 1109 4217 iupis
1125 4158 1302 4218 prospicimus,

159 4246 233 4290 vero,
250 4233 300 4280 sint
316 4233 400 4282 omnia
417 4237 515 4298 egregie
531 4235 622 4285 Latine
638 4236 712 4296 diota,
754 4237 850 4285 ominus
866 4249 880 4283 e
897 4234 951 4283 loco
967 4234 1077 4290 editiore,
1094 4233 1207 4282 videmus
1224 4249 1302 4294 mare,

159 4319 219 4361 sunt
235 4319 320 4361 tamen
336 4314 441 4362 orationi
456 4315 563 4378 pedestri
581 4322 632 4364 tam
644 4317 711 4364 simi·
753 4317 846 4366 flumen
862 4322 886 4364 et
903 4315 993 4374 valles,
1015 4315 1097 4362 minus
1115 4322 1179 4364 recte
1196 4315 1221 4363 in
1236 4316 1302 4377 iupis
