2916 5220
613 311 843 376 LIBER.

342 499 462 562 Curam
486 504 677 584 metumque
702 499 850 565 Caesaris
873 521 981 565 rerum
1005 501 1097 567 iuvat

382 601 480 666 Dulei
504 601 612 685 Lyaeo
636 603 769 668 solvere.

157 735 267 790 iniicere,
285 748 347 797 quae
368 732 410 781 vel
431 732 483 793 ipsa
500 736 536 778 est
553 730 666 792 ingrata,
682 737 708 779 et
747 732 850 793 rumpit.
885 731 959 793 Quod
976 734 997 781 si
1010 749 1097 783 verum
1112 736 1144 783 sit
1155 737 1185 785 de
1196 752 1298 794 riarum,

156 813 305 861 suavitatem
321 811 427 860 convivii
437 810 491 858 sola
499 809 647 872 cogitatione
656 824 708 858 eor-
747 809 808 872 quid
825 810 855 858 de
873 826 968 860 nausea
978 813 1092 874 fluente?

656 943 809 968 *OD--

559 1054 809 1119 OARMEN
855 1055 896 1118 X.

345 1190 448 1270 Mala
472 1207 580 1270 soluta
602 1205 696 1270 navis
721 1206 789 1270 exit
812 1206 909 1287 alite,

383 1310 503 1374 Ferens
527 1311 671 1374 olentem
695 1311 880 1375 Maeuium:

340 1413 388 1477 Ut
410 1413 550 1478 horridis
575 1419 750 1500 utrumque
773 1415 919 1480 verberes
944 1415 1048 1494 latus,

382 1517 521 1600 Auster,
545 1524 711 1583 memento
735 1517 909 1583 fluetibus!

341 1620 444 1706 Niger
466 1622 619 1688 rudentes
644 1622 752 1687 Eurus
776 1623 905 1687 inverso
928 1622 1010 1685 mari

384 1723 584 1810 Fractusque
608 1747 713 1790 remos
738 1725 883 1806 differat,

341 1829 497 1915 insurgat
520 1831 658 1917 Aquilo,
684 1838 826 1918 quantus
851 1809 941 1898 altis·
953 1830 1121 1896 montibus

387 1932 526 2018 Frangit
551 1941 726 2001 trementes
751 1935 862 2018 ilices,

344 2039 412 2103 Neo
437 2038 528 2104 sidus
551 2044 623 2104 atra
646 2047 741 2105 nocte
764 2040 907 2105 amieum
932 2046 1103 2125 appareat,

319 2138 321 2143 ’
386 2141 460 2221 Qua
484 2141 589 2207 tristis
615 2142 716 2208 Orion
740 2143 846 2221 eadit3

342 2244 508 2322 Quietiora
532 2268 591 2311 nee
614 2246 738 2312 feratur
761 2269 915 2332 aequore,

385 2347 491 2426 Quam
516 2350 616 2415 Graia
639 2351 801 2416 victorum
824 2371 961 2432 manus,

340 2449 451 2528 Quum
475 2452 586 2517 Pallas
611 2459 685 2518 usto
710 2454 811 2518 vertit
833 2452 916 2517 iram
940 2452 980 2517 ab
1006 2453 1068 2516 ilio

384 2553 424 2616 In
448 2553 585 2639 impiam
608 2556 719 2622 Aiacis
744 2556 865 2621 ratem!

342 2657 372 2722 Ο
395 2665 537 2742 quantus
561 2659 666 2724 instat
689 2659 810 2724 navitis
835 2660 933 2724 sudor
957 2659 1040 2739 tuis,

384 2761 520 2846 Tibique
543 2762 648 2846 pallor
672 2763 780 2828 luteus

342 2863 386 2927 Et
410 2864 468 2928 iila
491 2886 558 2929 non
581 2866 686 2932 virilis
711 2866 845 2931 eiulatio

386 2968 501 3033 Preces
525 2975 558 3034 et
581 2992 732 3035 aversum
755 2971 797 3035 ad
821 2972 950 3052 Iovem,

342 3070 454 3135 Ionius
479 3073 543 3136 udo
568 3095 669 3158 quum
693 3073 879 3157 remugiens
904 3074 995 3138 sinus

389 3173 476 3239 Noto
500 3176 645 3240 carinam
669 3176 809 3260 ruperit!

334 3314 488 3364 CARMEN
505 3315 538 3364 X·
783 3290 823 3336 Et
847 3289 894 3336 itta
915 3304 964 3336 aaa
985 3288 1068 3335 atritis
1091 3288 1201 3334 statutio.
1235 3284 1300 3332 Pru·

750 3369 816 3416 dent.
838 3365 954 3415 Cathem.
973 3366 1006 3415 X.
1028 3366 1084 3413 801.
1114 3367 1135 3413 0
1157 3379 1207 3411 aon
1228 3365 1301 3411 or'rr'le

195 3413 322 3504 Auster,
341 3450 461 3493 metuente
472 3444 604 3504 fluctibus.
622 3443 709 3492 Valer.
750 3449 827 3495 robur
849 3452 874 3494 et
891 3446 975 3493 molles
992 3459 1087 3492 armam.

160 3526 244 3574 Flauo.
262 3524 283 3573 Ι.
310 3525 407 3586 Argon.
425 3523 481 3571 639,
516 3524 597 3570 Illum
611 3524 659 3572 lrao
672 3529 709 3570 at·
783 3527 872 3574 Imaum
894 3527 942 3574 ado
963 3540 1040 3587 qaam
1061 3524 1200 3586 renraqiens
1220 3524 1299 3570 staua.

160 3621 209 3668 que
217 3606 279 3653 illua
288 3619 354 3652 naar
364 3609 481 3665 torquem
489 3605 604 3650 verberat
613 3604 709 3649 Eurus.
749 3603 923 3652 Broukhusius
939 3603 1104 3666 adscripserat
1114 3605 1184 3659 sina,
1200 3602 1249 3649 iam
1269 3600 1301 3647 ab

160 3683 203 3732 Ibi
222 3684 361 3731 Burmann.
380 3689 404 3731 et
421 3681 505 3728 locum
523 3680 623 3728 Horatii
639 3680 709 3736 citat,
751 3682 806 3730 aliis
824 3690 981 3746 occupatum,
998 3689 1023 3730 et
1039 3697 1053 3730 e
1070 3680 1148 3731 MSS.
1165 3679 1300 3742 prolatum.

160 3770 186 3812 et
203 3763 318 3824 corrigit:
338 3766 446 3819 Auster,
464 3766 583 3810 memento
592 3759 710 3821 flatibus.
751 3760 899 3824 Opportuna
920 3769 1004 3810 tamen
1027 3768 1098 3818 suut,
1120 3773 1184 3822 quae
1204 3772 1236 3806 ex
1254 3757 1298 3807 Se-

161 3842 231 3890 Bene
256 3847 340 3889 tamen
361 3841 442 3896 addit,
468 3840 601 3900 vulgatam
623 3835 708 3885 lectio·
750 3856 811 3890 neca
831 3841 945 3888 laudavit
966 3843 992 3888 in
1013 3839 1114 3902 Hippoi.
1138 3838 1209 3886 1012.
1247 3839 1301 3885 Nec

161 3937 219 3970 uem
236 3921 290 3969 iure
308 3919 407 3968 defendi
423 3934 501 3983 posse.
751 3927 804 3968 tum
815 3921 919 3981 furenti
933 3925 1027 3981 pontus
1043 3917 1159 3978 exsarqtt
1174 3917 1233 3963 sinu
1254 3915 1300 3962 Re·

196 4001 306 4061 Froaptt
331 4005 464 4048 trementes
487 4000 561 4047 ilices.
598 3995 648 4046 Vir
669 3998 710 4044 do·
750 4005 843 4061 parante
866 3999 938 4047 Coro.
973 3998 1061 4059 Neque
1081 3992 1210 4042 Bentleius
1236 3993 1300 4040 hanc

162 4085 217 4127 otus
234 4093 292 4126 suae
309 4077 409 4126 editioni
427 4078 601 4139 adsumpserat:
630 4080 710 4124 Plan·
729 4064 731 4072 Α
751 4078 881 4127 lectionem
907 4077 1045 4139 improbat,
1071 4074 1113 4122 sed
1140 4074 1230 4121 Ionias
1255 4085 1300 4134 pro

160 4160 199 4220 pit
217 4163 348 4206 tranantes
365 4157 442 4205 ilices.
752 4157 854 4203 Ionium
876 4155 898 4202 ei
916 4170 965 4203 nou
983 4155 1072 4217 placet.
1106 4149 1222 4213 Vulgata
1239 4158 1300 4213 puto

199 4236 282 4284 Vertit
309 4236 382 4282 irum.
430 4233 486 4282 MS.
516 4233 587 4281 Voss,
615 4235 709 4283 ooertit
752 4233 881 4282 servanda.
918 4233 1012 4294 Negari
1037 4238 1120 4279 tamen
1145 4243 1194 4276 non
1221 4236 1300 4292 potest

163 4317 237 4362 iram.
752 4314 841 4360 Ionius
867 4312 893 4358 iu
920 4327 966 4359 usu
992 4310 1073 4357 fuisse.
1110 4307 1226 4366 Rutgers.
1253 4308 1300 4355 Lu·
