2916 5220
570 319 746 382 aitrau.
791 320 817 381 l.

310 568 311 572 ,
352 508 437 572 Puer·
461 509 534 593 quis
559 530 599 572 ax
622 507 697 573 aula
721 508 849 592 capillis

391 611 446 674 Ad
469 612 623 694 cyathum
648 616 810 675 statuetur
833 611 960 689 unctis,

304 713 429 779 Doctus
455 713 593 798 sagittas
619 714 750 778 tendere
776 714 900 778 Sericas

302 817 391 880 Arcu
414 819 573 901 paterno?
619 816 699 895 Quis
724 823 822 900 neget
845 815 956 880 arduis

348 919 473 983 Pronos
497 919 597 983 relabi
621 941 717 1004 posse
740 918 826 983 rivos

392 1023 581 1105 Montibus,
606 1030 639 1088 et
662 1022 803 1086 Tiberim
827 1023 964 1104 reverti,

303 1123 411 1202 Quum
436 1132 473 1188 tu
497 1131 663 1209 coemptos
687 1125 831 1209 undique
856 1125 982 1189 nobiles

235 1218 277 1287 [δ’
308 1226 422 1292 Libros
447 1228 584 1292 Panaeti
617 1227 816 1292 Socraticam
840 1236 873 1292 ot
897 1230 1030 1292 ‹lorruuu

346 1330 475 1395 Mutare
498 1331 607 1396 loricis
632 1331 751 1412 Iberis,

396 1435 569 1500 Pollicitus
593 1435 745 1518 meliora,
770 1436 901 1501 tendis?

122 1563 158 1611 let
175 1575 282 1623 magnus
299 1560 343 1609 ille
353 1561 488 1625 Deus‚qui
499 1561 672 1624 deiicit,quid·
715 1562 792 1610 XIII.
811 1563 912 1611 Metam.
930 1565 986 1612 954.
1022 1563 1180 1625 Quamquam
1194 1565 1263 1627 origo

123 1641 182 1704 quid
203 1655 266 1688 vane
288 1655 314 1688 se
337 1639 460 1688 extollit.''
495 1640 561 1701 Quid
586 1647 673 1703 postca
714 1640 845 1689 fluminum
862 1642 913 1692 fere
930 1659 962 1691 ex
979 1643 1103 1690 montibus
1120 1644 1264 1699 deducatur,

123 1719 154 1767 de
171 1719 248 1766 classe
265 1718 312 1766 illa
328 1717 441 1780 Philippi
457 1719 492 1767 Π.
510 1719 613 1777 invicta,
630 1719 672 1767 sed
713 1727 749 1777 ut,
766 1736 831 1784 quae
847 1721 878 1768 ad
895 1720 973 1770 fontes
991 1723 1104 1781 redeant,
1114 1723 1199 1770 eadem
1211 1723 1262 1771 red·

123 1813 145 1846 a.
174 1799 243 1847 1588.
266 1797 358 1855 deleta,
379 1797 497 1846 dixisset?
518 1799 549 1847 de
570 1814 619 1861 qua
640 1799 672 1853 ll,
713 1805 771 1846 eant
800 1801 961 1868 adurentes,
983 1801 1064 1864 ipsum
1086 1809 1171 1851 tamen
1198 1817 1263 1850 υιοη-

124 1877 234 1927 Grotius.
260 1877 325 1924 Hist.
352 1876 374 1924 Ι.
400 1891 424 1938 p.
453 1877 506 1925 118.
533 1877 672 1926 “Constans
713 1881 777 1928 tium
795 1894 884 1929 nomeu
901 1882 981 1944 magis
993 1881 1056 1929 illud
1068 1882 1185 1940 ostendit,
1198 1882 1264 1944 quod

123 1955 191 2004 fama
213 1962 262 2013 est,
285 1955 403 2012 honorae,
426 1955 528 2014 fundos,
545 1955 672 2014 tabernas,
714 1957 767 2005 ficri
789 1972 839 2005 non
864 1966 952 2021 potest.
995 1958 1040 2008 sil.
1065 1959 1122 2008 ital.
1148 1959 1181 2006 V.
1206 1960 1263 2007 253.

123 2042 214 2083 cuncta
230 2034 290 2082 belli
306 2034 430 2097 praemia,
446 2033 600 2081 antedivisa.
625 2033 672 2081 La·
716 2037 904 2098 Thrasymeaas
921 2039 949 2084 tu
967 2037 1033 2085 altos
1067 2040 1209 2087 Adacmdet
1231 2039 1264 2086 ei-

124 2113 184 2176 quei
201 2120 278 2170 certe,
296 2120 320 2161 et
336 2113 411 2176 plura
419 2113 485 2162 necis
496 2114 674 2172 instrumenta,
715 2114 766 2160 tius
786 2116 864 2162 colles.
899 2114 1000 2163 Petron.
1027 2116 1079 2163 134.
1114 2117 1154 2162 Et
1175 2130 1265 2164 rursus

124 2197 169 2239 aut
179 2192 315 2251 servitutis,
327 2193 390 2241 Inter
402 2191 480 2254 spolia
491 2192 592 2239 visitata
602 2200 673 2249 sunt,
708 2191 802 2252 fluvios
818 2195 846 2241 ia
857 2208 950 2241 suriano
962 2195 1053 2243 rertt're
1063 2209 1162 2255 ponam.
1189 2194 1264 2243 Clau·

123 2271 234 2333 quaein
254 2272 345 2328 victos,
368 2277 463 2319 utnon
481 2269 554 2318 dubio
571 2276 674 2327 eventu,
714 2269 779 2317 dian.
798 2270 818 2318 I.
841 2272 944 2334 Eutrop.
967 2272 1023 2320 353.
1058 2274 1147 2320 Prona
1171 2277 1265 2332 petunt

123 2352 296 2413 paraverant?
329 2350 420 2398 Florus
437 2350 486 2398 ΙΙΙ,
508 2351 531 2401 7.
567 2351 674 2398 Primus
715 2350 946 2412 retrofluaitfapa.
964 2351 1263 2413 BurmannputatClau-

122 2428 337 2480 incautiusulum
346 2432 454 2480 Marcus
463 2433 604 2487 Antonias,
618 2446 673 2479 oum
714 2426 818 2474 dianam
839 2442 871 2476 ex
892 2428 997 2476 Horatio
1016 2428 1124 2490 petiisse.
1158 2429 1207 2478 Sed
1228 2431 1263 2479 lo·

122 2511 220 2572 tarenti
251 2512 349 2573 quidone
380 2511 501 2558 virtortae
531 2525 573 2572 ape
600 2516 675 2571 atque
714 2519 801 2553 eorum
829 2507 892 2554 ratio
920 2505 1016 2554 diverse
1047 2514 1190 2569 comparata
1220 2517 1263 2557 est.

116 2588 230 2650 fiducia,
263 2591 324 2637 adeo
356 2595 386 2636 ut
411 2590 500 2649 plures
518 2594 620 2637 catenus
648 2590 674 2636 ta
715 2584 773 2632 Rivi
789 2585 935 2634 relabuntur
949 2587 1035 2647 moui,
1054 2586 1263 2648 eelericursu‚ad

123 2669 230 2717 uambae
255 2684 331 2731 quom
351 2683 424 2716 armo
438 2673 579 2728 portarent.
615 2667 673 2715 Vid.
718 2664 808 2712 arduos
825 2671 929 2713 montes.
945 2664 978 2712 In
995 2664 1133 2715 Claudiano
1150 2666 1263 2714 relabun-

123 2744 279 2793 Freinshcm.
716 2750 756 2790 tur
782 2745 813 2791 ad
838 2745 898 2806 iuga
921 2759 1014 2807 protea,
1042 2745 1153 2793 declivia.
1191 2745 1263 2806 Quod

159 2826 256 2873 Doctus
287 2824 396 2886 rupitias
429 2825 530 2872 tendere
566 2824 673 2872 Sericus.
715 2822 768 2870 fieri
779 2837 828 2871 non
840 2829 987 2885 potest,per
998 2824 1101 2872 eandem
1117 2825 1263 2887 imaginem,

124 2905 210 2952 Areas
226 2905 325 2966 proprie
342 2903 458 2952 tenditur.
486 2900 558 2951 Ouid.
577 2903 611 2952 V.
621 2904 674 2952 Me·
715 2901 1111 2964 mutatisepithetis,ostenditur.
1137 2906 1263 2953 Lubimo-

123 2990 184 3030 tam.
206 2984 246 3032 54.
284 2982 363 3030 Indus
384 2982 475 3040 Athis,
500 2985 552 3032 Ille
576 2985 674 3045 pridem
715 2984 769 3026 tum
798 2994 893 3043 quoque
916 2981 1021 3030 celerem
1042 2981 1141 3029 indicat.
1175 2983 1262 3030 Horat.

119 3062 329 3124 tuealoquamvis
341 3063 467 3110 durantia
479 3063 554 3110 muro
585 3064 675 3124 Fipere
715 3057 736 3106 1.
769 3057 853 3108 Carm.
879 3059 915 3108 12.
942 3061 966 3108 9.
992 3062 1095 3123 rapidos
1127 3068 1264 3110 morantem

122 3141 209 3188 docta
226 3145 294 3197 aut,
311 3142 356 3188 aad
372 3141 472 3188 tendere
486 3141 582 3189 docttor
592 3155 674 3189 arcae.
709 3136 848 3198 flurnt'aum
865 3141 961 3201 lapsas.

123 3217 174 3266 Sed
194 3219 302 3280 suffitias
324 3219 435 3276 tendere,
458 3231 531 3264 nemo
552 3216 674 3267 sollicitet.
748 3218 903 3267 Socraticam
915 3224 939 3267 et
950 3221 1058 3266 domam.
1086 3218 1176 3264 Totam
1193 3220 1263 3280 quasi

124 3297 185 3345 Vid.
201 3297 340 3345 Burmann.
354 3297 385 3343 ad
397 3295 527 3346 claudian.
540 3296 588 3345 IV.
600 3297 676 3347 Cous.
715 3310 730 3342 a
748 3295 849 3345 Socrate
860 3298 1052 3359 proseminatam
1064 3296 1192 3345 familiam.
1210 3298 1263 3345 Iro-

121 3376 217 3424 Honor.
235 3377 292 3425 540.
318 3375 442 3424 Potuissot
458 3374 504 3422 illa
520 3375 674 3424 Wernsdorf.
715 3374 776 3423 nice.
798 3376 864 3424 Vide
886 3391 949 3439 quae
970 3375 1060 3425 GraeV.
1086 3376 1117 3422 ad
1138 3375 1263 3425 Ciceronis

123 3469 267 3517 comparare
284 3467 341 3501 eum
357 3453 465 3503 Himerii
482 3451 551 3503 Orat.
569 3455 631 3504 VII.
649 3471 673 3518 p.
715 3451 787 3503 offic.
815 3455 835 3503 I.
865 3457 885 3504 1.
912 3456 982 3504 dixit.
1001 3453 1109 3504 Gronov.
1128 3455 1159 3502 ad
1177 3455 1263 3505 Seuer.

123 3534 179 3581 541.
196 3533 260 3596 βέλη
278 3533 465 3581 κυκλώσασθαι.
715 3531 745 3580 de
768 3533 854 3582 Benef.
880 3534 914 3583 V.
942 3535 980 3582 15.
1005 3548 1050 3595 pro
1074 3537 1146 3583 sectr'a
1167 3536 1262 3597 accipit.

157 3614 250 3662 aeaut
263 3627 335 3674 pesae
351 3614 418 3661 citor
442 3612 582 3661 Montibus.
605 3613 673 3661 Heu·
714 3609 839 3660 Affeotata
858 3613 982 3676 elegantia
1002 3612 1070 3662 Plin.
1091 3613 1140 3662 IX.
1158 3615 1204 3676 Ep.
1222 3615 1262 3664 22.

122 3705 230 3739 manuus
260 3691 287 3739 in
312 3689 452 3740 Miscellan.
478 3689 599 3753 Lipsieua.
625 3693 673 3741 IV.
715 3692 746 3739 st
766 3692 842 3753 eleqoa
862 3694 915 3741 eiua
935 3694 963 3740 in
979 3709 1068 3741 tironus
1083 3696 1212 3752 reinserta,
1230 3696 1262 3743 le-

126 3769 179 3817 138.
205 3771 319 3818 emendat
334 3771 460 3835 fontibus.
500 3771 581 3820 Voces
608 3787 624 3820 a
644 3773 673 3820 li·
693 3802 695 3877 p
712 3784 754 3831 pes
770 3785 831 3832 opus
848 3777 958 3827 terrant,
977 3773 1061 3830 molle,
1077 3774 1263 3828 iucundumaet

122 3847 212 3896 brariis
241 3856 359 3912 perpetuo
388 3848 438 3897 fere
469 3856 579 3899 mutatae
609 3859 674 3900 sunt.
711 3849 789 3909 plane
818 3851 846 3897 t'a
876 3851 1007 3912 Propertii
1035 3853 1104 3899 doato
1131 3852 1261 3910 scriptam.

123 3925 193 3976 Conf.
212 3928 351 3976 Burmann.
371 3928 402 3976 ad
415 3927 496 3978 Gratii
509 3927 605 3992 Cyneg.
617 3932 674 3980 221.
692 3888 695 3985 l
714 3928 848 3977 Passienus
864 3944 952 3992 nempe
964 3929 1070 3977 Paullus
1081 3943 1159 3999 genus
1174 3945 1189 3976 a
1200 3929 1261 3977 Pro-

122 4005 172 4053 Hie
196 4009 321 4056 montibus
341 4007 503 4065 servaverim,
525 4009 599 4056 etiam
620 4024 674 4071 pro·
692 3988 694 4089 l
714 4007 792 4070 pertio
815 4008 926 4056 ducebat.
964 4007 1060 4056 Comm.
1086 4007 1262 4069 iuterpretatur

122 4091 177 4146 pter
201 4087 297 4134 arduis.
335 4086 418 4135 Huius
443 4100 539 4149 quoque
565 4087 674 4136 lectionis
692 4106 694 4157 ᾗ
714 4088 791 4136 libros
808 4089 953 4137 Socraticos.
979 4087 1094 4137 Viditne:
1118 4090 1262 4139 Socratiroe

121 4162 286 4226 patrocinium
295 4164 396 4228 suscipit
404 4165 542 4213 Burmann.
555 4167 586 4213 ad
598 4164 672 4215 Ovid.
713 4172 737 4214 et
755 4169 855 4214 domas?

615 4289 777 4315 *⁴00*-
