2916 5220
557 296 734 360 LIBER
784 299 805 359 l.

290 483 359 549 Nec
382 506 495 550 cursus
515 485 656 571 duplicis
677 510 735 573 per
756 510 845 554 mare
866 488 1015 572 Ulyssei,

250 572 251 575 Ἴ
334 587 401 652 Nec
425 609 556 653 saevam
580 589 712 675 Pelopis
733 590 868 655 domum

293 688 475 774 Conamur‚
498 696 611 757 tenues
629 693 793 783 grandius
810 694 888 758 dum
910 694 1030 778 pudor,

291 792 503 878 imbellisque
526 794 615 878 lyrae
638 795 735 861 Musa
755 802 871 882 potens
891 802 982 862 vetat

291 895 417 961 Laudes
438 897 560 982 egregii
582 897 730 964 Caesaris
756 905 789 964 et
811 904 885 965 tuas

337 998 444 1084 Culpa
463 1000 607 1066 deterere
628 1001 749 1086 ingeni.

293 1101 370 1182 thais
391 1104 529 1168 Martae
547 1107 654 1169 taetro
674 1113 784 1170 tectum
807 1105 1014 1170 adamantino

105 1299 148 1346 ius
169 1301 347 1359 odolescentia,
374 1310 403 1350 ut
425 1302 485 1351 dicit
506 1303 594 1354 Cicero
614 1319 659 1368 pro

106 1377 177 1440 Lege
209 1377 299 1428 Manil.
329 1380 367 1429 10.
400 1383 436 1431 nd
463 1385 594 1432 scientiam
622 1387 660 1433 rei

106 1459 229 1506 traditoris
254 1474 304 1506 non
328 1461 419 1508 olienis
441 1463 595 1524 praeceptis,
616 1465 660 1511 sed

105 1536 161 1584 suis
185 1538 299 1599 imperiis
322 1544 360 1588 est
381 1542 494 1597 medita,
516 1556 531 1588 a
551 1539 659 1590 Censore

106 1615 283 1679 interrogatus,
301 1617 322 1667 εἰ
339 1618 424 1678 πάσας
437 1618 600 1681 ἐστράτευται
612 1621 658 1679 τάς

106 1696 174 1744 κατά
191 1696 272 1760 νόμον
289 1697 435 1760 στρατείας,
456 1697 525 1746 clara
545 1713 604 1748 voce
621 1714 658 1749 re·

105 1773 218 1836 spondit,
241 1775 327 1833 πάσας
344 1775 522 1841 ἐστράτευμαι,
546 1780 587 1826 καὶ
606 1779 657 1827 τά·

107 1870 155 1910 σας
173 1851 217 1901 ὑπ’
234 1853 335 1918 ἐμαυτῷ
351 1854 526 1920 αὐτοκράτορι.
553 1857 593 1904 Ita
605 1873 658 1907 rem

106 1937 194 1978 narrat
220 1930 350 1980 Plutarch.
374 1932 401 1980 in
422 1933 485 1982 Vita
504 1934 545 1983 22.
571 1935 658 1986 Cicero

106 2022 153 2070 pro
174 2009 297 2058 Marcello
317 2024 370 2073 cap.
387 2012 411 2058 4.
445 2013 519 2062 Hoee
535 2015 600 2063 eninr
617 2031 658 2065 res

106 2089 184 2138 unius
193 2090 300 2152 proprio
313 2089 438 2138 Caesaris.
460 2091 588 2154 Caeteros,
597 2095 659 2144 duee

107 2172 132 2214 te
157 2172 256 2229 gestae,
279 2182 383 2229 οιαρααε
405 2170 466 2217 illue
486 2173 593 2232 quidem,
615 2177 659 2222 sed

107 2251 192 2295 turrem
201 2249 281 2295 mutto
289 2252 556 2310 moqnoqaeoomitata.
568 2253 657 2302 Huius

107 2329 194 2372 autem
211 2325 249 2372 rei
266 2329 295 2372 tu
311 2327 377 2374 idem
394 2342 419 2375 es
434 2333 460 2377 et
471 2330 524 2377 dus
535 2336 560 2378 et
571 2346 655 2381 costes.

106 2402 203 2466 Lepide
219 2402 327 2454 Plautus
344 2405 423 2454 Merc.
441 2406 511 2456 v.2.
526 2409 563 2457 12.
590 2412 656 2473 Ερα-

106 2487 158 2530 oret
174 2497 232 2531 sunt
249 2484 311 2531 mitt
328 2486 481 2546 irnperotor,
492 2494 584 2550 sponset
595 2491 657 2538 irriti

106 2563 198 2610 obedio.
246 2559 318 2610 Ovid.
345 2563 380 2612 II.
414 2564 503 2613 Amor.
533 2566 569 2614 12.
613 2567 658 2618 Me

106 2639 169 2688 duee
194 2641 230 2687 od
253 2640 317 2688 hune
342 2642 394 2690 roti
410 2642 504 2703 finem,
522 2659 560 2692 me
578 2647 658 2695 utilite

106 2717 171 2764 veni.
206 2715 294 2767 Horat.
311 2718 333 2766 Ι.
351 2718 435 2769 Carm.
453 2723 476 2770 2.
513 2725 570 2772 Neo
587 2727 657 2774 sinos

110 2793 200 2844 Medos
216 2799 328 2857 equitare
345 2800 455 2859 inultos,
468 2801 503 2849 Te
514 2803 583 2861 duee,
596 2803 656 2851 Coe·

106 2888 161 2921 sur.
189 2874 356 2925 Mamertinus
369 2877 494 2942 Panegyr.
505 2879 656 2929 Maximiani

106 2953 132 3001 8.
167 2955 225 3003 Hoc
247 2959 276 3002 to
292 2957 343 3004 sive
359 2957 484 3016 cognitam
500 2963 601 3006 secutus
618 2973 657 3017 es,

106 3047 152 3081 sen
169 3038 194 3081 te
209 3039 311 3083 auctae
321 3033 419 3096 fecisti.
453 3034 531 3084 Silius
547 3036 581 3084 V.
599 3036 656 3086 384.

107 3111 187 3159 laetos
197 3111 264 3174 seoit
280 3127 306 3161 se
326 3113 432 3162 Consule
438 3113 533 3177 foeces.
556 3116 598 3164 Ex
609 3115 657 3164 hac

107 3189 228 3248 formula,
245 3196 323 3250 recte,
340 3197 413 3252 puto,
430 3192 561 3240 emendavi
582 3193 655 3257 Virg.

107 3266 196 3328 Eclog.
206 3266 255 3316 IV.
271 3268 307 3316 ll.
326 3267 368 3315 ubi
385 3282 453 3316 nuuc
469 3270 574 3334 legitur,
591 3274 657 3335 quod

106 3345 230 3394 Latinum
246 3353 362 3395 nonest:
392 3349 474 3411 Teque
498 3352 559 3399 odeo
583 3354 657 3405 decus

107 3429 153 3476 hoo
169 3428 225 3475 aeui
241 3432 265 3475 te
277 3427 383 3476 Cornute
393 3429 468 3477 inibit
485 3431 575 3479 Pollio.
601 3431 655 3479 Nu-

107 3518 153 3567 per
173 3503 199 3552 iu
222 3504 344 3553 Mnemos.
361 3504 479 3556 Leidensi
501 3507 658 3556 scribendum

107 3581 217 3632 ostendi:
237 3584 327 3644 Tuque
342 3585 402 3632 odeo
419 3585 493 3634 αοοαο
510 3587 554 3634 hoc
571 3587 626 3634 nevi
634 3591 659 3634 te

110 3661 220 3711 Consule
244 3663 319 3710 inibis
345 3664 436 3711 Pollio.
470 3662 567 3711 Ausou.
594 3662 656 3712 Pro-

107 3747 183 3805 trept.
194 3742 248 3790 100.
276 3741 413 3804 speresque
424 3747 492 3801 tuos,
505 3748 529 3791 te
543 3743 658 3801 Cereale,

101 3821 202 3884 fasces.

145 3901 199 3948 Neo
214 3913 305 3948 cursus
321 3899 430 3960 duplicis
440 3913 486 3960 per
497 3915 567 3948 orere
582 3900 658 3961 Ulys-

110 3978 154 4027 sei.
180 3976 236 4026 Hoc
246 3975 560 4036 estcnllidi,utdtn7tdoe.
586 3975 658 4025 Nihil

110 4055 194 4104 adhuc
209 4046 303 4104 melius
316 4055 376 4104 vidi.
409 4056 444 4104 nt
460 4054 495 4103 sic
506 4054 657 4104 intellexisse

110 4133 211 4182 videtur
230 4133 399 4198 Hieronymus
420 4133 469 4182 111.
491 4134 547 4182 adv.
572 4134 656 4183 Rufin.

110 4215 148 4261 In
171 4213 284 4275 Scyllaeo
305 4215 379 4263 litore
392 4215 510 4278 paullum
525 4214 596 4271 steti,
614 4216 656 4262 abi

110 4296 205 4340 veteres
224 4292 303 4342 didici
316 4293 436 4356 sabulos,
453 4297 479 4340 et
493 4293 656 4354 praecipitem

703 1307 807 1367 pellacis
832 1307 934 1368 Ulyssrs
954 1321 1063 1355 cursum.
1100 1307 1157 1355 Nou
1182 1309 1249 1370 quod

704 1398 805 1431 cursum
822 1383 886 1431 idem
904 1397 932 1431 eo
948 1383 1002 1432 loco
1018 1384 1154 1447 significat,
1175 1394 1250 1449 atque

703 1461 769 1523 apud
785 1461 920 1510 Horatium
937 1478 1039 1521 corsus,
1057 1465 1099 1512 sed
1111 1463 1165 1527 ipsa
1175 1479 1247 1513 voca·

703 1539 763 1588 bula
788 1555 878 1589 corsus
904 1542 1005 1602 {llyssis
1021 1541 1176 1605 Hieronymo
1193 1559 1248 1592 ear·

702 1633 746 1667 ros
762 1620 872 1682 daptin's
895 1621 920 1668 U
921 1622 996 1681 tyssei
1013 1620 1038 1667 in
1051 1621 1194 1669 memoriam
1208 1636 1248 1669 vo·

702 1697 800 1745 cabant.
834 1697 932 1745 Auctor
945 1698 1031 1761 Ilpigr.
1044 1699 1149 1747 Anthol.
1161 1701 1248 1749 Burm.

702 1775 733 1822 Τ.
747 1775 782 1824 ΙΙ.
794 1792 818 1838 p.
832 1776 889 1825 548.
913 1777 1012 1825 Nobilis
1023 1778 1080 1826 ltine
1089 1784 1155 1826 neoto
1163 1794 1250 1841 oentpe

702 1855 793 1916 incipit
811 1856 878 1903 Ilios
894 1857 949 1903 iro:
977 1856 1067 1904 Altero
1088 1860 1195 1906 τηαίετία
1212 1864 1250 1907 est

701 1947 774 1981 error
784 1933 905 1996 fallentis
927 1936 1019 1983 Ulixei.

738 2013 803 2070 Quis
830 2012 941 2062 Mortem
966 2015 1053 2062 tunice
1078 2019 1171 2062 tectum
1188 2016 1247 2062 odri-

702 2091 824 2138 moatino.
872 2091 916 2139 Ad
948 2091 1015 2140 hunc
1044 2106 1144 2141 versum
1170 2108 1249 2156 usque

701 2168 824 2217 sententia
840 2169 957 2218 carminis
973 2169 1040 2219 facili
1059 2170 1144 2219 ordine
1164 2185 1248 2233 proce·

701 2246 745 2294 dit.
779 2247 892 2296 “Varius
905 2254 950 2296 tua
963 2248 1028 2296 facta
1037 2255 1121 2305 canet,
1130 2262 1144 2296 ο
1153 2248 1246 2310 Agrip·

701 2340 740 2387 pa.
774 2325 840 2374 Nam
860 2325 956 2374 Varius
983 2333 1021 2374 est
1048 2328 1121 2388 po'eta
1140 2327 1249 2375 Homero

701 2402 796 2451 similis.
831 2405 887 2466 Ego
914 2403 964 2452 tale
995 2411 1171 2465 argumentum
1200 2419 1249 2453 non

701 2482 825 2539 tractabo,
847 2496 926 2543 neque
948 2481 1052 2530 Iliadem
1070 2488 1094 2531 et
1111 2481 1249 2545 Odysscam

701 2566 757 2623 post
767 2560 907 2610 Homerum
919 2559 1037 2619 scribere,
1046 2568 1090 2609 aut
1097 2562 1248 2611 cothurnum

701 2645 757 2699 post
782 2639 902 2702 Tragicos
929 2639 1036 2688 Graecos
1056 2639 1160 2689 induere
1185 2641 1249 2691 velle

702 2716 810 2766 videbor.
834 2718 901 2766 Nam
912 2733 981 2767 meae
996 2732 1036 2767 me
1051 2719 1179 2768 tenuitatis
1192 2735 1248 2769 con-

702 2795 805 2844 scientia
829 2803 898 2845 vetat
924 2803 978 2846 tuas
1003 2797 1089 2846 laudes
1114 2804 1139 2846 et
1163 2799 1249 2849 laudes

702 2872 815 2923 Caesaris
832 2873 935 2938 indiguo
950 2875 1059 2925 carmine
1069 2880 1249 2941 corrumpere.”

702 2951 830 3015 Cognosce
851 2953 910 3017 quid
932 2968 999 3001 nunc
1023 2962 1147 3018 sequatur.
1186 2957 1249 3018 Quis

702 3031 776 3093 digne
793 3032 919 3094 scripserit
937 3033 1058 3090 Martem,
1075 3033 1213 3082 Meriouem
1225 3043 1249 3083 et

702 3109 861 3170 Diomedem,
893 3125 955 3174 quos
984 3111 1082 3174 scripsit
1110 3113 1249 3162 Homerus?

703 3187 764 3248 Quis
781 3189 891 3238 Homero
908 3205 953 3251 par
969 3203 1021 3238 esse
1037 3195 1134 3252 posset?
1160 3191 1249 3241 Nemo.

703 3265 785 3328 Igitur
801 3281 846 3314 nec
862 3266 956 3315 Varius
977 3273 1075 3314 tantum
1097 3267 1144 3315 sibi
1161 3276 1248 3319 sumet.

703 3344 737 3392 Et
753 3344 874 3393 Horatius
891 3359 948 3393 eum
965 3360 1042 3407 supra
1058 3345 1193 3407 appellavit
1204 3349 1249 3395 oli·

703 3428 753 3472 tem
770 3424 891 3472 serotinis
909 3421 1029 3471 Maeonii.
1064 3422 1092 3472 si
1109 3423 1250 3488 quisquam,

703 3501 744 3550 hie
760 3500 835 3563 digne
844 3506 941 3563 poterat
952 3501 1057 3550 scribere
1070 3503 1186 3563 Martem,
1197 3505 1249 3553 Me-

705 3580 800 3629 rionem
814 3586 839 3627 et
848 3579 969 3642 Tydiden.
981 3580 1050 3629 Illud
1063 3581 1137 3632 etiam
1149 3582 1249 3633 mirum.

705 3659 789 3722 Supra
797 3658 936 3707 nominavit
944 3659 1250 3724 priucipespersouesllia-

704 3739 742 3786 dis
759 3745 783 3787 et
804 3736 942 3800 Odysseae,
963 3744 987 3787 et
1003 3740 1166 3802 praecipuum
1189 3741 1249 3789 Tra-

705 3818 849 3880 goediarum
866 3824 1055 3878 argumentum,
1071 3833 1104 3865 ex
1120 3819 1192 3866 domo
1204 3817 1250 3866 Pe·

704 3897 767 3960 lopis
787 3897 814 3944 iu
840 3896 945 3946 Graecia
969 3897 1084 3958 petitum,
1112 3901 1137 3943 et
1160 3893 1251 3943 fatetur

705 3981 756 4024 tam
773 3990 876 4037 gravem
893 3975 1021 4021 materiem
1032 3987 1076 4020 suo
1087 3973 1187 4035 ingenio
1198 3988 1252 4023 esse

706 4055 830 4102 maiorem.
869 4052 943 4100 Nunc
963 4051 1037 4113 plane
1058 4049 1122 4098 idem
1143 4051 1252 4113 repetiit,

705 4139 730 4182 et
750 4132 827 4180 tribus
848 4129 982 4192 exemplis
1003 4143 1034 4178 ex
1055 4128 1135 4178 iliade
1154 4136 1252 4178 tautum

706 4210 837 4266 desumtis,
853 4207 1016 4257 confirmavit.

742 4291 806 4348 Quis
833 4287 944 4338 Mortem
970 4289 1057 4338 tunica
1082 4294 1175 4338 tectum
1192 4291 1253 4337 αεὶα-
