2916 5220
578 283 898 347 (taittttxt'it

348 473 469 537 Laurea
492 473 664 536 donandus
688 473 890 558 Apollinari,

346 576 410 641 Seu
434 598 491 660 per
513 576 651 640 audaces
676 598 760 640 nova
783 576 1010 660 dithyrambos

342 679 449 743 Verba
472 678 617 744 devolvit
642 679 851 764 numerisque
874 679 978 744 fertur

434 782 522 866 lege
545 780 682 863 solutis,

345 887 408 950 Scu
433 885 519 950 Deos
544 907 676 970 regesve
699 886 805 967 canit,
832 887 975 950 Deorum

345 990 563 1075 Sanguinem,
591 1012 648 1074 per
671 1010 751 1074 quos
775 989 920 1055 cecidere
943 990 1031 1055 iusta

344 1094 448 1157 Morte
473 1093 646 1171 Centauri,
671 1093 790 1158 cecidit
815 1094 1005 1159 tremendae

432 1197 583 1260 Flamma
607 1196 814 1263 Chimaerae:

343 1302 435 1382 Sive,
461 1322 542 1385 quos
566 1300 646 1365 Elea
670 1301 805 1365 domum
829 1301 956 1366 reducit

341 1405 457 1468 Palma
480 1404 651 1486 coelestes,
676 1404 865 1489 pugilemve
888 1426 1050 1490 equumve

341 1508 431 1573 Dicit
455 1515 488 1574 et
511 1515 641 1573 centum
667 1508 793 1593 potiore
817 1509 925 1594 signis

431 1613 566 1677 Munere
589 1612 710 1694 donat,

342 1717 460 1782 Flebili
484 1739 623 1802 sponsae
646 1717 839 1782 iuvenemve
861 1724 994 1803 raptum

343 1821 454 1885 Plorat
477 1829 510 1885 et
534 1821 618 1885 vires
643 1821 856 1906 animumque
883 1842 1056 1905 moresque

341 1923 465 1987 tureos
490 1924 600 1988 educit
624 1924 659 1987 in
682 1930 771 1988 astra
793 1925 953 2009 nigroque

430 2028 561 2093 Invidet
585 2027 677 2094 Orco

339 2132 447 2196 Multa
470 2131 645 2196 Dircaeum
668 2131 756 2195 levat
779 2152 858 2195 aura
881 2153 1039 2213 cycnum,

338 2234 473 2315 Tendit,
497 2234 645 2316 Antoni,
670 2233 797 2318 quoties
821 2233 856 2297 in
880 2233 965 2297 altos

336 2337 483 2402 Nimium
506 2343 645 2401 tractus:
670 2358 746 2421 ego,
771 2336 842 2421 apis
867 2335 1013 2400 Matinae

426 2441 516 2505 More
539 2441 720 2525 modoque,

190 2639 282 2685 Plorat
300 2644 324 2684 ct
345 2640 411 2685 cirea
427 2638 587 2699 nutritumque
615 2650 704 2685 morea·
746 2649 781 2682 vs.
799 2635 839 2682 23.
859 2636 1015 2683 Pindaricae
1023 2635 1121 2697 fidicen
1143 2642 1173 2684 tu
1190 2653 1300 2700 quoque,

156 2732 209 2776 que.
245 2716 330 2764 Mores
348 2716 373 2762 in
391 2717 480 2763 iuvene
501 2729 604 2777 sponsae
621 2721 704 2776 erepto
747 2713 827 2775 Rufe,
847 2716 925 2776 tyrae.
943 2713 1029 2762 Heins.
1047 2715 1078 2761 ad
1095 2729 1132 2762 vs.
1141 2715 1183 2763 30.
1199 2717 1299 2764 ooniicit

157 2795 270 2851 laudare,
299 2795 363 2856 sapit
396 2801 502 2842 aetatem
532 2794 703 2851 recentiorem,
723 2804 726 2889 Ι
745 2791 842 2840 Rufum
865 2791 947 2842 Ovidii
966 2799 991 2840 ct
1012 2792 1220 2842 Commentatoris
1245 2811 1299 2844 esse

156 2887 231 2935 equam
254 2872 365 2920 Pindari.
399 2871 490 2920 Melius
512 2873 547 2919 rei
567 2872 704 2935 propositae
723 2898 725 2915 =
746 2871 851 2921 eosdem.
865 2873 1006 2934 Appuleius
1015 2874 1040 2920 in
1047 2870 1235 2936 Orthographia
1243 2891 1267 2938 p.
1274 2878 1297 2925 4.

156 2953 281 3000 convenit:
301 2953 369 3000 vires
385 2955 544 3013 anianumque
554 2965 703 3013 amoresque.
748 2951 880 2999 Cornelius
900 2951 990 3014 Rufus
1014 2953 1041 2998 ia
1063 2953 1151 3012 lyricis
1173 2954 1212 2999 ita
1237 2958 1296 3000 aab·

156 3033 187 3080 In
200 3032 297 3080 coelum
306 3032 474 3080 tollitiuvenia
487 3031 569 3089 robur,
582 3030 704 3078 fortitudi-
744 3033 877 3079 scribit...
900 3031 972 3078 Idem
993 3029 1081 3091 Rufus
1101 3032 1128 3077 in
1150 3033 1298 3082 Pindarico

156 3126 225 3168 nem,
236 3119 261 3160 et
270 3112 350 3159 multa
358 3111 437 3159 sancti
445 3110 536 3173 fidique
545 3111 635 3158 amoris
644 3125 704 3173 erga
745 3111 921 3158 aemulatione.
931 3142 938 3155 ·
949 3145 955 3157 .
970 3110 1052 3158 Locus
1060 3109 1190 3172 Appuleii‚
1200 3125 1215 3157 a
1225 3111 1299 3159 Maio

156 3205 271 3253 sponsam
284 3192 438 3240 documenta.
454 3190 593 3239 Arnorcade
601 3190 703 3239 honesto
745 3203 777 3236 ex
803 3187 969 3250 palimpsestis
992 3187 1086 3246 editus,
1111 3196 1246 3251 corruptus
1272 3204 1298 3239 et

156 3276 180 3318 et
198 3272 336 3321 vehementi
363 3286 458 3327 amore,
484 3269 618 3317 illustravit
639 3271 703 3318 Bur·
745 3282 848 3316 mancus
865 3276 913 3325 cst,
930 3277 955 3317 et
971 3266 1087 3317 Osannus
1098 3268 1188 3316 merito
1204 3269 1234 3318 de
1252 3284 1296 3318 no·

155 3350 577 3413 mannusedVirgil.V.Aen.334.
592 3350 702 3398 Martial.
744 3347 811 3394 mine
833 3347 943 3397 cornelii
964 3346 1067 3394 dubitat.
1108 3347 1224 3396 Fortasse
1251 3362 1297 3410 pro

156 3428 190 3477 X.
207 3431 247 3479 35.
267 3430 318 3478 Sed
325 3434 407 3477 costos
416 3431 484 3476 docet
493 3432 517 3476 et
527 3430 582 3489 pios
598 3445 702 3478 catores.
747 3425 879 3476 Cornelias
902 3426 1059 3474 scribendum
1088 3433 1126 3474 est
1156 3429 1295 3475 Antonias.

190 3509 295 3564 Tendit,
314 3509 416 3554 Antoni.
441 3505 566 3555 Discimus
577 3522 608 3555 ex
627 3508 702 3557 Scho·
744 3505 810 3552 Nam
827 3520 860 3552 ex
877 3506 992 3564 Horatio,
1010 3504 1082 3552 sicuti
1099 3503 1199 3551 volebat
1210 3503 1295 3554 Osan-

155 3586 234 3634 liastis
260 3585 327 3634 huno
349 3585 488 3633 Antonium
510 3587 633 3649 scripsisse
649 3601 701 3635 ear·
743 3597 798 3642 nus,
815 3583 1296 3646 nonconficipotest‚triumvirifflium

155 3679 212 3713 men
229 3664 355 3713 heroicum
372 3664 402 3712 de
412 3664 545 3723 Diomede,
561 3665 631 3713 libris
642 3666 701 3713 duo·
743 3664 866 3712 nominari
892 3666 991 3712 Iul-iam
1019 3666 1158 3711 Antoniam
1182 3663 1295 3726 Rufina.

155 3743 243 3803 decim,
251 3750 275 3792 et
286 3743 409 3791 nonnulla
419 3744 479 3801 alia,
489 3745 600 3794 oratione
611 3745 700 3802 soluta,
743 3743 798 3790 Hoc
819 3749 927 3801 constat,
944 3743 1019 3791 fuisse
1039 3741 1144 3791 Horatio
1161 3743 1295 3804 aequalem

153 3829 178 3871 et
194 3823 301 3872 voluisse
318 3824 437 3872 aemulari
454 3824 600 3872 Pindarum.
634 3824 700 3873 Puto
742 3821 892 3870 Antonium.
916 3821 959 3869 Ad
976 3837 1034 3870 eum
1051 3821 1149 3884 scripsit
1169 3821 1295 3870 Horatius

153 3901 227 3951 fuisse
246 3903 372 3952 diversum
389 3919 404 3950 a
426 3903 491 3952 Iulio
512 3904 635 3962 Antonio,
657 3905 700 3953 tri·
742 3914 842 3948 carmen
858 3901 889 3949 de
905 3901 1014 3964 periculo
1024 3900 1165 3949 aemulandi
1177 3900 1294 3951 Pindari.

153 3983 244 4030 umviri
260 3983 311 4031 filio
336 3990 361 4031 et
386 3983 538 4046 appellatum
560 3987 700 4034 Antoniam
742 3979 847 4030 Ovidius
868 3988 939 4028 vocat
961 3979 1055 4030 Rufum
1076 3980 1200 4028 fidicinem
1219 3980 1294 4042 lyrae

155 4061 269 4123 Rufum,
290 4063 320 4110 de
345 4077 394 4126 quo
418 4062 557 4113 Comment.
584 4066 615 4112 ad
640 4067 698 4114 Art.
741 4059 896 4110 Pindaricae.
941 4061 1068 4109 Antonius
1100 4059 1181 4109 Rufus
1217 4061 1294 4123 po'eta

154 4138 223 4188 Potit.
242 4155 277 4188 vs.
289 4141 345 4190 288,
358 4157 415 4204 pag.
427 4143 490 4191 632:
515 4147 699 4193 Praetextatus
740 4146 951 4202 praetextatamm
968 4146 1120 4188 memoratur
1133 4138 1291 4188 scemmen-

153 4224 178 4265 et
198 4220 308 4281 Topatns
323 4222 481 4284 scripserunt
498 4224 577 4271 Etim
594 4225 699 4286 Lamia,
741 4223 826 4267 tatore.
844 4219 987 4281 Nanigitnr
997 4217 1200 4266 averoabhorret
1212 4221 1291 4265 Anto·

153 4298 280 4346 Antonias
297 4298 394 4360 Rufus.
416 4297 488 4348 Ovid.
507 4300 554 4349 IV,
573 4302 646 4352 Pom,
661 4306 697 4355 16¹
740 4298 810 4345 avitam
827 4297 925 4345 Horatii
939 4298 1014 4346 fuisse
1029 4297 1290 4360 Antoniamltqsnm.
