2916 5220
597 327 772 392 LIBER
818 331 881 393 Ill.

401 503 584 586 Descende,
610 505 750 570 Corvino
773 506 922 589 iubente,

446 607 597 672 Promere
621 607 827 693 languidiora
850 610 935 674 vina.

355 708 430 772 Non
454 708 527 792 ille,
552 732 750 795 quamquam
775 710 949 778 Socraticis
973 712 1083 777 madet

355 811 583 894 sermonibus,
608 817 640 877 te
663 813 811 898 negliget
833 814 1000 879 horridus:

398 914 557 980 Narratur
580 921 613 981 et
635 917 735 1001 prisci
761 917 895 983 Catonis

393 1070 397 1077 .
443 1018 545 1103 Saepe
568 1041 657 1084 mero
680 1019 819 1085 caluisse
843 1020 956 1085 virtus.

353 1121 401 1185 Tu
423 1120 496 1186 lene
520 1128 720 1187 tormentum
744 1123 876 1209 ingenio
900 1123 1055 1189 admoves

355 1224 551 1312 Plerumque
574 1226 672 1292 duro:
698 1232 735 1292 tu
759 1227 959 1314 sapientium

398 1328 500 1394 Ouras
524 1334 734 1395 et'arcanum
758 1331 866 1396 iocoso

441 1432 627 1499 Consilium
649 1433 769 1519 retegis
794 1434 916 1518 Lyaeo:

351 1535 399 1599 Tu
423 1557 515 1621 spem
536 1535 664 1602 reducis
687 1535 853 1601 mentibus
879 1535 986 1601 anxiis

348 1638 525 1725 Viresque,
550 1645 583 1705 et
606 1639 700 1705 addis
724 1661 846 1704 cornua
868 1638 1019 1725 pauperi,

395 1744 476 1808 Post
500 1749 533 1808 te
556 1765 660 1829 neque
683 1743 784 1808 iratos
808 1742 964 1808 trementi

436 1850 565 1933 Regum
589 1847 697 1933 apices
722 1869 827 1933 neque
844 1846 999 1912 militum
1022 1868 1121 1911 arma.

354 1956 397 2018 'l'e
419 1951 514 2017 Liber
544 1962 588 2034 et,
612 1955 642 2016 ον’
666 1951 749 2016 lactc
772 1951 896 2033 oderit,
929 1951 1033 2016 Venus

347 2059 520 2142 tSeyuesque
542 2056 656 2121 undum
678 2055 796 2121 soluere
824 2055 957 2122 (dentice

165 2191 319 2240 Massicum.
353 2189 491 2238 Burmann.
505 2186 714 2237 advalenFlac·
757 2187 897 2240 Alexandr.
916 2192 964 2241 VI.
982 2193 1022 2242 22.
1040 2208 1096 2243 cum
1112 2202 1215 2258 pectora
1228 2202 1307 2249 neulto

163 2282 226 2316 cum
238 2267 289 2316 111.
300 2267 357 2315 642.
374 2266 493 2329 explicat:
513 2265 652 2316 Massicum
663 2282 714 2316 cer·
756 2269 890 2319 Incaluere
906 2287 979 2320 mero.

163 2351 198 2404 te,
215 2348 272 2395 licet
276 2346 349 2409 sorte
359 2361 409 2394 νον
419 2347 510 2408 optimi
520 2347 623 2407 ceum.
644 2349 716 2404 Nam
791 2348 831 2394 Tu
857 2351 910 2398 leue
933 2354 1085 2400 tormentum
1105 2353 1202 2415 inuenio
1223 2356 1305 2404 αάνιο-

162 2430 189 2472 et
211 2426 310 2474 dimac
330 2431 405 2474 munt
425 2427 534 2474 eiuedm
556 2432 656 2475 tructus
675 2429 711 2476 ui·
754 2439 803 2472 cea.
837 2424 985 2476 Waddelius
1011 2429 1120 2478 coniicit:
1149 2432 1189 2478 Tu
1214 2433 1305 2482 leniter·

162 2518 253 2552 reorum
269 2506 377 2553 νοοοὶαα.
406 2504 478 2565 Quod
495 2518 544 2552 non
561 2511 622 2567 puto
639 2505 713 2553 alicui
755 2509 859 2552 urentem
880 2507 978 2568 tnqeuio
994 2509 1114 2558 admoves.
1148 2510 1233 2558 Lectio
1250 2511 1304 2560 rul-

161 2594 216 2629 esse
240 2582 399 2644 placiturum.
438 2584 495 2646 Ego
520 2583 588 2631 hunc
611 2598 712 2632 versum
754 2587 813 2642 gata
834 2588 871 2630 est
891 2583 967 2647 longe
995 2585 1133 2648 elegantior
1159 2596 1183 2637 et
1201 2588 1303 2639 Graeca.

151 2673 213 2731 'non
235 2660 355 2724 intelligo.
390 2661 456 2723 Quid
477 2662 601 2725 suspicer,
623 2662 710 2711 dicam.
754 2659 829 2709 Plato
853 2662 874 2710 Ι.
900 2664 962 2726 Leg.
988 2680 1046 2728 pag.
1072 2667 1112 2717 37.
1154 2668 1256 2717 Τούτων
1283 2668 1304 2718 d'

163 2739 261 2789 Scribo:
284 2742 435 2806 Quocunque
452 2745 542 2791 lectum
558 2744 656 2791 nouriue
669 2745 712 2791 Li·
753 2741 841 2800 εὐτελῆ
868 2759 896 2790 re
920 2744 962 2790 καὶ
988 2742 1165 2808 ἀσινεστέραν,
1201 2751 1304 2811 πρῶτον

160 2820 248 2868 berum
269 2823 367 2870 Servus.
401 2820 424 2871 0
445 2827 520 2878 testa,
541 2835 604 2884 qnae
624 2821 711 2869 vinnm
752 2820 799 2881 μὲν
821 2821 886 2884 πρὸς
909 2822 938 2870 τὸ
963 2821 1107 2885 λαμβάνειν
1129 2828 1232 2889 πεῖραν,
1250 2827 1304 2876 εἶτα

160 2899 284 2956 contines,
301 2913 413 2958 mecum,
430 2899 710 2957 consubstantians·
753 2895 788 2953 εἰς
805 2898 833 2945 τὸ
850 2899 969 2963 μελετᾶν,
979 2900 1049 2959 πλὴν
1066 2898 1157 2961 τῆς’ἐν
1175 2903 1236 2967 οἴνῳ
1248 2904 1301 2966 βα·

160 2984 217 3024 tum
247 2978 355 3040 adeoque
375 2979 516 3042 antiquum,
541 2978 662 3026 descende
686 2984 710 3025 et
753 2975 833 3025 σάνον
850 2980 893 3027 καὶ
910 2976 1024 3039 παιδιᾶς,
1034 2978 1093 3027 τίνα
1105 2980 1196 3045 ἔχομεν
1206 2981 1303 3042 ἡδονὴν

160 3057 226 3104 illud
251 3072 341 3120 prome,
375 3058 448 3120 Quod
473 3073 564 3108 nomen
590 3059 621 3106 sit
645 3059 709 3115 vini,
751 3052 831 3103 εἰπεῖν
847 3056 968 3122 ἔμμετρον
984 3058 1099 3121 μᾶλλον,
1123 3059 1156 3107 ἂν
1172 3061 1213 3108 καί
1231 3060 1301 3110 ὀπω-

160 3136 307 3196 Massicnm,
320 3136 472 3195 Caecubum,
485 3138 709 3199 Falernumigno-
751 3135 840 3182 στιοῦν
860 3134 914 3200 μετ’
931 3136 1067 3197 εὐλαβείας
1088 3137 1204 3201 γίγνηται
1210 3157 1220 3198 ,·
1239 3141 1303 3189 Alia

159 3227 189 3261 ro
218 3221 243 3264 et
262 3230 330 3264 nune
351 3232 401 3265 non
422 3230 490 3264 curo.
523 3216 623 3264 Bonum
648 3214 708 3275 erit,
751 3211 845 3259 ratione
873 3212 964 3262 Alexis
994 3213 1060 3275 apud
1089 3214 1249 3264 Athenaeum
1278 3219 1301 3267 Ι.

159 3293 207 3342 hoc
224 3295 280 3344 scio.
309 3296 344 3344 Et
353 3297 484 3359 antiquum
494 3301 537 3342 est.
564 3294 709 3357 Antiquom
749 3305 806 3353 pag.
827 3292 880 3340 116.
915 3293 990 3348 Οἶνος
1011 3293 1148 3356 Κορίνθιος
1173 3293 1301 3354 βασανισ-

159 3372 217 3420 vult
233 3373 364 3423 Corvinus.
391 3376 599 3437 Ltberprociuo.
620 3373 708 3421 Horat.
749 3369 797 3432 μός
814 3370 873 3419 ἐστι.
903 3369 1022 3417 Horatius
1034 3372 1093 3420 Art.
1105 3371 1176 3422 Po'et.
1189 3375 1245 3423 434.
1257 3375 1301 3422 ubi

159 3450 209 3499 IV.
234 3451 319 3502 Carm.
343 3455 379 3502 12.
414 3455 453 3500 Et
471 3467 586 3514 pressura
606 3451 709 3500 Calibus
750 3462 821 3510 reges
838 3449 965 3496 dicuntur:
992 3455 1107 3512 torquere
1126 3467 1204 3509 mero,
1229 3469 1300 3516 quem

159 3532 385 3581 dacereLiberum,
403 3532 453 3581 ΙΙΙ,
469 3533 505 3580 16,
524 3534 708 3594 Laestrypom'a
747 3531 903 3590 perspexisse
924 3530 1040 3577 laborent
1066 3531 1109 3577 Aa
1130 3533 1165 3580 att
1185 3535 1300 3582 antiatis

159 3609 280 3659 Bacchus
296 3614 324 3660 iu
341 3614 462 3674 anaphora
474 3613 623 3673 Lcrmuesce't
636 3613 706 3659 ναἹιὶ.
749 3608 845 3669 dianus.
880 3606 912 3654 In
932 3605 989 3657 MS.
1012 3622 1064 3656 uno
1079 3609 1149 3657 Leid.
1168 3626 1298 3661 anemonen.

194 3689 274 3750 Saepe
289 3706 355 3739 utero
372 3692 477 3739 coluisse
493 3691 584 3738 uirtus.
609 3688 707 3737 Marius
748 3685 823 3734 Unde
848 3692 943 3746 ortum,
968 3688 1034 3750 quod
1055 3688 1081 3736 in
1107 3688 1163 3738 aliis
1184 3697 1298 3753 apparet,

158 3765 255 3815 Victor,
265 3782 321 3830 pag,
333 3769 406 3817 2606,
422 3770 565 3827 emulum,
577 3768 642 3830 quod
653 3767 707 3818 iure
749 3780 852 3814 arreouee.
874 3765 1016 3828 Vulgatam
1024 3765 1155 3815 lectionem
1164 3769 1298 3831 explicarit

156 3845 286 3894 Bentleius
303 3846 375 3895 alteri
390 3846 505 3910 praefert.
522 3846 606 3894 Habet
617 3861 706 3896 sonum
748 3843 908 3894 Burmannus
920 3844 951 3891 ad
960 3844 1078 3906 Quinctil.
1087 3845 1297 3898 Declam.VII.7.

157 3925 306 3986 graviorem.
331 3927 485 3975 Etadhanc
495 3925 626 3974 lectionem
637 3927 706 3988 quasi
784 3925 819 3971 Te
836 3924 913 3971 Liber
937 3928 976 3984 et,
997 3926 1021 3971 ai
1042 3926 1108 3972 laeta
1126 3926 1223 3986 oderit,
1254 3928 1298 3974 Ve-

156 4011 245 4066 sponte
261 4004 372 4054 ferimur.
400 4005 456 4054 Hoc
473 4005 559 4053 accidit
570 4004 646 4053 Petro
658 4004 705 4054 Ca·
748 4016 802 4049 aue.
837 4003 956 4050 Bacchae
982 4006 1006 4048 te
1027 4004 1162 4064 producet,
1183 4003 1207 4050 h.
1225 4018 1246 4052 e.
1263 4006 1298 4052 vi·

156 4083 264 4132 stellano
279 4085 306 4132 in
323 4085 395 4135 Ludo
413 4099 458 4133 sen
474 4084 597 4134 convivio
615 4084 703 4133 Satur·
747 4097 807 4129 uum
831 4081 951 4143 producet
980 4081 1080 4139 eduum,
1109 4081 1196 4129 vinum
1225 4081 1298 4132 faciet

156 4162 221 4211 nali:
247 4164 287 4211 Et
303 4165 370 4226 quod
378 4163 524 4226 fluentum,
544 4165 653 4220 obsecro,
670 4166 705 4221 ai,
747 4165 776 4206 ut
796 4158 884 4206 vinum
903 4173 954 4206 110ss
971 4157 1040 4207 desit.
1079 4161 1161 4208 Venus
1175 4163 1298 4222 producet

155 4243 192 4289 ad
201 4243 341 4303 ecemplum
349 4245 431 4306 prisci
445 4243 561 4301 Catonia,
578 4245 704 4291 interdum
747 4241 907 4301 amphoram,
924 4238 970 4286 hoc
985 4238 1036 4285 iam
1049 4238 1178 4288 intellectu
1198 4240 1298 4293 difficile

157 4334 225 4368 mero
235 4320 412 4370 uirtmeorum
423 4323 574 4371 incalescat?
591 4319 704 4370 Gualter.
746 4324 771 4366 et
787 4317 948 4381 significaret:
965 4319 1052 4366 “Dum
1069 4333 1189 4378 amamus,
1200 4334 1251 4369 non
1262 4321 1297 4370 bi-
