2916 5220
646 311 988 376 (attentorum

653 546 898 614 CARMllN
945 545 983 608 V.

428 710 532 789 Divis
558 731 627 787 orte
650 721 768 801 bonis,
793 720 918 804 optime
941 717 1101 783 Romulae

436 826 554 892 Custos
578 825 709 911 gentiS,
734 823 810 888 abes
834 823 900 887 iam
924 821 1066 885 nimium
1089 819 1164 883 diu:

431 932 600 996 Moturum
623 929 767 994 reditum
790 927 958 1013 pollicitus
983 926 1121 990 Petrum

518 1035 639 1099 Sancto
662 1032 819 1114 coneili0,
844 1030 922 1096 redi.

426 1138 547 1203 Lucem
571 1137 668 1202 redde
692 1141 787 1216 tuae,
813 1135 880 1198 dux
902 1133 1003 1216 bone,
1028 1130 1169 1218 patriae:

427 1243 536 1306 Instar
560 1241 644 1306 veris
668 1240 757 1304 euim
780 1238 892 1303 vultus
917 1238 974 1302 ubi
998 1242 1074 1302 tuus

425 1344 564 1409 Affulsit
586 1344 725 1429 populo,
749 1341 873 1427 gratior
897 1340 925 1405 it
948 1340 1017 1405 dies

516 1447 561 1511 Et
585 1447 669 1511 soles
694 1445 812 1510 melius
837 1444 954 1509 nitent.

415 1653 568 1703 CARMEN
585 1653 618 1701 V.

280 1747 373 1830 Dicis
390 1788 443 1830 orte
460 1785 538 1832 bonta
572 1782 630 1831 MS.
648 1783 728 1829 Dius.
750 1780 796 1831 Or-

245 1867 286 1908 tus
304 1868 358 1908 erat
375 1862 520 1924 Augustus,
542 1863 605 1909 divis
623 1862 705 1918 bonis,
722 1876 797 1923 quern

244 1938 304 1994 Dei,
326 1939 446 1988 Romanis
469 1941 553 1998 amici,
580 1941 650 1988 nasci
677 1940 795 1999 fecerant,

244 2017 284 2063 eui
302 2018 412 2068 nascenti
430 2026 454 2066 et
472 2019 559 2067 deinde
576 2018 696 2066 faverant.
716 2018 793 2067 Scho-

244 2094 346 2154 hastae,
368 2104 397 2144 ut
414 2097 561 2145 recentiores
579 2098 735 2161 interpretes,
753 2112 795 2145 ac·

244 2173 338 2236 cipiunt
367 2182 394 2222 ut
416 2175 598 2238 Virgilianum:
623 2177 675 2225 na
696 2178 794 2239 penite.-

244 2259 269 2301 et
293 2253 440 2316 intelligunt
465 2255 586 2317 originem
612 2256 691 2317 gentis
713 2255 795 2303 Iuliae

243 2346 275 2378 ex
292 2332 397 2381 Venere.
421 2332 488 2380 Turn
507 2348 564 2382 vero
581 2335 705 2396 epitheton
725 2336 794 2383 bonis

243 2410 317 2472 plane
334 2411 441 2459 otiosum
452 2418 496 2460 est.
509 2412 660 2460 Laudabant
670 2413 793 2474 aliquem,

243 2490 286 2551 qui
318 2490 426 2539 habebat
452 2492 549 2554 generis
577 2498 689 2539 auctores
714 2493 792 2549 Deos,

244 2582 292 2615 nou
320 2571 393 2618 bones
419 2573 492 2619 Deos.
535 2571 591 2618 Hoc
615 2571 681 2619 enirn
706 2578 793 2632 sponte

243 2655 352 2710 apparet.
370 2649 427 2697 Nisi
446 2649 504 2697 boni
515 2656 607 2706 essent,
618 2650 726 2697 dicerent
737 2665 792 2713 gra-

243 2725 374 2773 vissimum
386 2727 538 2775 convicium:
555 2729 622 2790 quod
638 2727 679 2776 rel
696 2743 728 2776 ex
745 2728 792 2775 for·

243 2802 334 2860 mulis,
359 2807 401 2852 dis
422 2812 499 2853 natas
523 2806 678 2867 infelicibus,
703 2807 792 2866 iratas,

242 2880 400 2943 intelligitur.

278 2958 415 3007 Moturum
448 2963 559 3010 reditum
580 2964 708 3024 pollicitus
739 2965 792 3012 Pa·

242 3043 319 3086 trem.
346 3038 441 3098 Sonus,
458 3047 487 3087 ut
503 3040 616 3102 equidem
633 3041 725 3099 iudico,
743 3057 792 3089 non

242 3117 337 3166 suavis:
361 3121 413 3166 tum
439 3120 545 3166 nimiam
572 3126 702 3168 ereaturam
727 3124 792 3169 retti-

837 1628 880 1671 eta
890 1624 985 1671 dabant
997 1623 1107 1671 reditus:
1120 1628 1206 1670 tamen
1216 1628 1256 1671 eat
1266 1625 1392 1672 deterrita

837 1716 974 1763 uunquam.
992 1701 1043 1750 Ubi
1055 1699 1145 1751 inMS.
1163 1702 1286 1750 reditum.
1304 1702 1391 1751 Valer.

837 1779 919 1828 Flacc.
943 1779 1007 1828 VII.
1023 1780 1064 1828 89.
1091 1782 1162 1837 Non,
1185 1783 1233 1837 ait,
1260 1783 1307 1829 hoa
1326 1783 1391 1830 redi·

838 1864 892 1916 tua,
920 1876 969 1908 aaa
993 1862 1070 1916 bunc,
1088 1861 1185 1917 Aeeta,
1202 1861 1299 1909 dedisti
1317 1861 1391 1922 Spem

838 1939 947 2001 Minyis.
982 1937 1115 1988 Caeterum
1135 1937 1260 1985 Horatius
1278 1939 1330 1986 vim
1347 1953 1389 2000 po-

837 2019 886 2065 suit
903 2017 929 2064 in
947 2020 1076 2079 pollicitus
1093 2018 1217 2077 reditum,
1239 2019 1310 2074 redi,
1332 2016 1389 2064 alio·

837 2097 896 2160 quin
917 2097 1054 2158 scripsisset
1076 2094 1139 2143 verit.
1172 2094 1205 2142 Iu
1231 2097 1290 2142 ueni
1311 2097 1390 2144 maius

837 2182 873 2224 est
891 2175 1053 2233 desiderium,
1067 2175 1173 2236 optantis
1184 2173 1305 2223 reditum.
1322 2176 1389 2224 Nota

835 2261 894 2302 sunt
911 2254 951 2303 vel
969 2254 1112 2304 Christiana
1128 2254 1187 2310 ista,
1205 2253 1284 2317 ἔρχου
1299 2253 1388 2318 Κύριε,

835 2340 859 2380 et
882 2333 909 2380 in
934 2333 1050 2396 Hymnoz
1082 2335 1144 2381 Veni
1173 2335 1319 2396 redempter
1334 2349 1389 2396 pen-

835 2414 913 2459 titana!

868 2493 960 2539 Larem
980 2492 1056 2539 redde
1073 2496 1143 2549 tuae,
1169 2492 1224 2539 dac
1245 2493 1320 2549 bone,
1339 2505 1387 2552 pa-

835 2571 907 2617 triae.
925 2569 1092 2617 Venustatem
1105 2554 1220 2631 imaginis
1232 2570 1325 2616 merito
1336 2568 1389 2617 lau·

834 2648 901 2695 davit
912 2648 1083 2696 Blaekwallus
1093 2649 1123 2695 de
1137 2647 1300 2696 Praestantia
1310 2649 1389 2697 Auet.

834 2726 936 2776 Classie.
957 2743 1014 2791 pag.
1040 2729 1092 2776 109.
1128 2725 1213 2788 Magis
1239 2727 1318 2774 etiam
1342 2728 1389 2776 illa

833 2807 945 2855 enitescit
968 2822 1013 2869 per
1038 2805 1249 2868 comparationem
1271 2805 1387 2854 aliorum.

833 2885 961 2949 Meleager
977 2886 1004 2934 in
1016 2885 1182 2947 Antbologia:
1196 2882 1248 2932 Ἠν
1265 2903 1310 2948 μοι
1326 2904 1387 2935 συν·

833 2966 904 3027 νεφὲς
913 2966 981 3029 ὄμμα
991 2964 1077 3028 βάλῃς
1090 2981 1165 3025 ποτε,
1182 2966 1257 3026 χεῖμα
1272 2961 1386 3028 δέδορκα.

829 3041 880 3091 Ἠν
903 3041 922 3092 δ’
948 3042 1039 3107 ἱλαρὸν
1064 3041 1179 3106 βλέψης,
1208 3039 1255 3100 ἡδὺ
1281 3040 1388 3101 τέθηλεν

833 3120 886 3186 ἔαρ.
922 3121 1000 3170 Rutil.
1018 3123 1039 3171 Ι.
1057 3122 1144 3170 Itiner.
1161 3123 1218 3171 200.
1249 3122 1316 3171 Illic
1330 3138 1390 3183 per·

243 3203 311 3259 tarn,
333 3198 407 3261 idque
433 3199 459 3246 in
483 3199 591 3247 carmine
608 3205 660 3246 tam
677 3199 791 3262 perfecto.
830 3202 903 3260 perui
921 3203 993 3259 soles,
1011 3207 1086 3263 utque
1102 3202 1276 3262 tpaeet'detur‚
1302 3203 1388 3261 Quam

241 3277 294 3328 Cur
316 3279 388 3340 po'eta
412 3293 461 3326 non
483 3278 581 3342 scripsit
598 3285 711 3327 araturos
727 3282 792 3328 redt-

242 3361 298 3407 tas?
315 3366 344 3406 ut
356 3358 436 3420 Hpod.
447 3358 522 3407 XVI.
531 3359 572 3407 35.
600 3360 673 3408 Haec
689 3365 714 3407 et
730 3375 793 3421 quae

240 3443 362 3499 poterunt
393 3439 490 3486 reditus
520 3439 664 3487 tiberiadem
700 3440 791 3487 dulces.

242 3515 338 3562 Versus
355 3520 431 3562 staret
447 3530 504 3562 eum
523 3516 658 3579 singulari:
676 3533 739 3579 qaue
754 3534 791 3565 re-

241 3596 324 3642 ditum
355 3600 477 3656 poterunt
510 3597 654 3644 abscindere
685 3599 789 3645 dulcem.

241 3674 343 3735 Quanto
360 3675 471 3730 mollior,
488 3682 517 3722 ut
533 3689 605 3738 saepe
628 3691 726 3739 queque
742 3676 790 3724 for·

240 3754 295 3810 tior,
309 3755 341 3801 sit
352 3754 457 3817 pluralis
469 3768 541 3802 nemo
549 3770 598 3802 non
608 3755 689 3802 sentit.
707 3755 791 3817 Virgi-

240 3831 310 3887 lium,
319 3831 791 3890 Ovidium,aliossensissevidemus.1ta

240 3918 265 3958 et
274 3920 359 3960 auctor
377 3913 480 3976 Elegiae
490 3913 520 3960 ad
529 3913 628 3961 Liviam
644 3913 697 3960 126.
717 3914 790 3962 Hoee

238 3996 299 4037 artat
321 3993 348 4039 ia
371 3995 470 4040 reditas
493 3995 557 4040 dona
576 3994 695 4054 paranda
713 3991 789 4039 tues?

240 4067 303 4128 Quis
334 4085 445 4133 unquam
473 4078 582 4120 mutaret
607 4085 680 4118 curn:
715 4071 789 4119 Haec

239 4155 300 4197 sunt
317 4152 345 4198 in
361 4153 471 4200 reditum
488 4154 553 4200 dona
567 4152 687 4212 peranda
703 4151 789 4198 tauta?

832 3280 879 3326 sibi
905 3281 988 3327 Roma
1013 3279 1098 3341 feeit,
1125 3280 1217 3340 purior
1245 3292 1299 3327 esse
1327 3281 1386 3328 dies.

835 3357 884 3405 Ubi
893 3357 1011 3406 Heinsius
1024 3373 1099 3406 suum
1107 3360 1152 3406 isse
1164 3357 1189 3405 h.
1203 3358 1221 3406 l.
1235 3358 1386 3408 confirmare

832 3439 958 3498 potuisset.
984 3439 1106 3486 Prudent.
1122 3437 1156 3486 V.
1169 3436 1285 3486 (lathem.
1300 3440 1322 3486 l.
1340 3442 1385 3488 ln-

832 3523 919 3565 veutor
936 3520 1024 3575 rutili,
1041 3520 1094 3565 duta
1106 3520 1175 3576 bone,
1193 3519 1301 3566 lunatum
1333 3519 1386 3577 Qui

832 3599 908 3644 eertta
925 3599 1021 3644 uicibus
1038 3601 1150 3656 tempora
1167 3596 1273 3651 decidis,
1298 3595 1385 3647 Marso

831 3678 881 3725 sole
902 3679 976 3726 cbaos
999 3676 1097 3736 inyrait
1114 3675 1256 3732 borridum,
1289 3676 1385 3725 Lucem

831 3757 906 3804 redde
923 3757 986 3811 tate,
1001 3754 1113 3812 curtare,
1123 3753 1253 3815 fidelibus.
1270 3753 1382 3804 Mamer·

831 3834 875 3882 tin.
893 3833 919 3881 in
932 3832 1047 3883 Genetbl.
1059 3832 1164 3881 Maxim.
1176 3845 1228 3894 cap.
1249 3831 1287 3880 10.
1307 3835 1384 3882 Nunc

831 3919 929 3972 autem,
941 3918 971 3960 ut
979 3913 1093 3973 priorum
1103 3928 1134 3960 ea
1145 3911 1256 3973 utrisque
1275 3913 1383 3974 Alpium

830 3995 896 4055 iupis
922 3997 1033 4040 vestrum
1061 3992 1160 4038 Numen
1185 3990 1299 4051 eJJ'ulee't,
1329 3997 1383 4040 tota

831 4072 916 4119 Italia
932 4072 1025 4119 clarior
1042 4073 1087 4118 lux
1098 4069 1203 4131 diffusa.
1224 4069 1381 4127 Notandum,

830 4150 855 4196 in
872 4149 959 4198 multis
976 4149 1053 4200 MSS.
1070 4148 1168 4197 Horatii
1185 4149 1259 4197 etiam
1277 4149 1330 4213 legi
1346 4151 1381 4214 es-

240 4225 365 4276 Dicuntur
389 4229 423 4277 ibi
444 4231 541 4278 reditus
566 4229 644 4277 Drusi
670 4229 788 4285 Neronis,
824 4229 914 4290 fulsit.
957 4229 1029 4290 Quod
1055 4230 1076 4277 si
1105 4229 1138 4276 sit
1165 4230 1252 4293 poetae
1276 4244 1380 4288 manus,

240 4309 268 4349 ut
285 4305 325 4352 hic
343 4308 463 4369 Augusti.
482 4307 575 4355 Tibull.
594 4308 649 4355 1.3.
662 4309 698 4356 13.
719 4309 786 4356 Cun-

82 4638 326 4896 Λ

831 4307 957 4370 iungenda
968 4308 1059 4367 forent,
1071 4310 1168 4371 pretim
1182 4310 1235 4358 dies
1246 4310 1268 4356 it
1277 4313 1380 4372 popule.
