2916 5220
501 326 677 388 LIBER
723 325 778 388 IV.

260 513 309 578 Ut
331 522 436 577 mater
459 512 627 594 iuvenem,
652 534 749 597 quem
774 512 880 576 Notus
905 512 1017 578 invido

259 617 359 681 Flatu
384 615 554 701 Carpathii
583 621 673 681 trans
696 615 797 680 maris
822 638 962 701 aequora

260 720 479 785 Cunctantem
504 720 611 805 spatio
634 719 767 804 longius
792 741 901 783 annuo

348 823 447 888 Dulei
470 824 609 888 distinet
632 846 651 887 a
675 823 789 905 domo,

259 926 355 991 Votis
380 927 611 1011 ominibusque
635 932 668 991 et
690 926 839 1010 precibus
863 929 974 1008 voeat,

259 1030 366 1095 Curvo
390 1053 449 1095 neo
473 1030 592 1095 faeiem
614 1030 710 1094 litore
734 1031 901 1094 demovet:

259 1131 313 1197 Sic
338 1132 507 1197 desideriis
532 1132 598 1196 iota
622 1131 776 1197 fidelibus

349 1234 485 1313 Quaerit
504 1234 613 1319 patria
638 1234 818 1299 Caesarem.

258 1338 361 1402 Tutus
385 1338 443 1402 bos
468 1337 591 1402 etenim
614 1359 690 1401 rura
712 1337 938 1421 perambulat,

256 1441 371 1505 Nutrit
393 1463 468 1506 rura
492 1441 588 1506 Ceres
618 1440 769 1525 almaque
794 1441 978 1525 Faustitas,

46 1646 48 1651 ¹
110 1633 203 1680 lacida
217 1631 297 1693 flata.
339 1632 395 1680 Hoo
420 1631 525 1690 rectius,
551 1647 627 1695 quam

77 1713 158 1759 udde.
184 1710 280 1758 Auson.
298 1709 334 1758 11.
352 1711 431 1772 Epist.
450 1713 473 1759 5.
495 1713 629 1773 moestique

75 1791 191 1852 parentis
223 1790 318 1837 Oscula
339 1796 364 1837 et
385 1793 516 1852 arripiemus
537 1793 627 1839 ducre-

76 1875 151 1917 vcrat
168 1871 270 1918 invidus
287 1871 376 1918 11111111.
411 1871 473 1918 Alia
488 1871 544 1918 vide
561 1872 628 1933 apud

78 1948 231 1996 Bentleium.

112 2027 282 2076 Cunctantem
305 2031 390 2090 spatio
415 2031 511 2091 loupias
535 2045 626 2078 annito.

78 2105 251 2155 cunctationis
268 2123 320 2155 11111
328 2122 415 2155 caussa
423 2115 459 2157 est
470 2108 568 2155 invidus
577 2108 627 2156 No·

77 2190 127 2232 tus.
153 2185 248 2233 Mirum
266 2192 363 2243 autem,
381 2187 401 2233 si
411 2187 493 2234 Notus
509 2187 627 2234 continuo

76 2269 158 2311 totum
181 2279 275 2312 annum
300 2271 325 2313 et
345 2264 440 2312 diutius
457 2264 534 2312 flaret.
568 2264 627 2312 Iun-

77 2347 143 2402 gunt
167 2342 312 2405 interpretes
344 2346 503 2392 cunctantem
532 2345 628 2406 loapids

76 2436 162 2470 annuo
178 2424 262 2484 spatio
283 2428 307 2469 et
327 2429 456 2484 exponunt
477 2424 535 2469 dam
557 2424 628 2470 altra

77 2517 175 2550 canam
192 2502 283 2564 adsuit.
311 2501 361 2550 Sed
378 2504 460 2550 abesse
476 2508 501 2549 et
512 2504 629 2550 cunctari

77 2580 187 2628 multum
210 2579 331 2629 differunt.
366 2581 447 2630 Abest
472 2580 560 2643 aliquis
583 2596 626 2628 111-

77 2675 155 2718 num,
175 2660 248 2719 duos,
271 2667 333 2719 tres,
354 2667 379 2709 et
400 2667 485 2708 tamen
501 2675 628 2709 1101111111-

77 2745 179 2798 statar,
201 2739 222 2786 si
245 2740 364 2802 promisso
391 2745 502 2802 tempore
527 2740 628 2787 domum

78 2817 149 2866 redit.
186 2817 339 2876 Cunctatar,
362 2819 406 2881 qui
432 2819 501 2866 ultra
526 2819 628 2881 promis-

78 2911 136 2944 sum
152 2903 261 2960 tempus,
288 2897 328 2944 vel
350 2898 450 2956 horam,
472 2898 547 2946 abest.
582 2898 628 2946 Le·

78 2976 190 3038 gendum
213 2981 282 3038 puto:
312 2977 492 3036 Cunctantem,
517 2979 629 3039 spatium

79 3044 176 3117 loupiac
194 3070 291 3114 annae,
310 3057 391 3104 Dalci
402 3058 508 3104 distinet
524 3072 540 3104 a
551 3058 628 3105 111110.

78 3133 234 3181 Promiserat
254 3132 319 3180 filins
342 3149 368 3182 se
389 3135 527 3182 rediturum
544 3135 570 3181 in
587 3152 629 3198 111-

81 3214 153 3260 triam
170 3221 238 3262 certo
254 3215 361 3277 quodam
378 3221 403 3262 et
419 3216 552 3263 constituto
569 3222 629 3263 tem·

79 3304 145 3352 pore.
180 3292 292 3356 Tempus
313 3293 389 3342 venit.
414 3293 464 3341 Ille
489 3308 539 3341 non
556 3295 629 3342 redit.

79 3371 135 3420 Iam
165 3378 304 3421 cunctatur.
346 3373 406 3420 Dies
434 3372 528 3435 aliquot
558 3381 630 3431 sunt,

79 3452 170 3499 mensis
181 3458 226 3499 est.
251 3452 307 3501 Hoc
323 3452 431 3513 spatium
443 3454 516 3501 matri
528 3453 630 3516 longius

79 3537 116 3578 est
132 3545 216 3578 annuo
233 3531 318 3593 spatio.
344 3531 476 3579 Terentius
493 3530 629 3581 Heautont.

78 3609 117 3658 II.
140 3610 165 3658 2.
192 3613 260 3658 Duae
277 3611 431 3668 moliantur,
455 3613 514 3658 riam
533 3627 629 3660 cerrum-

79 3693 124 3736 tar
141 3703 224 3737 canas
240 3695 285 3738 est.
302 3688 395 3751 virgil.
408 3689 470 3738 VII.
489 3691 576 3753 Eolog.
589 3692 629 3739 43.

80 3768 111 3816 Si
128 3769 198 3815 111111-
212 3782 261 3816 nea
282 3771 342 3817 haec
363 3771 409 3815 tria
433 3774 484 3817 tote
505 3771 558 3816 iiim
580 3771 630 3817 loa-

77 3849 132 3909 1101
149 3861 223 3895 anno.
257 3844 329 3895 Ovid.
344 3846 450 3896 XVIII.
468 3847 571 3895 Heroid.
588 3848 629 3895 25.

81 3928 198 3988 Septim
210 3941 259 3974 rios
273 3928 366 3989 opiter,
379 3927 492 3988 apetiam
504 3928 566 3974 1111111
580 3930 630 3974 ioa-

77 4006 135 4067 piae
151 4021 224 4054 anno.
241 4006 340 4054 Auson.
353 4006 389 4054 II.
408 4004 487 4067 Epist.
507 4006 544 4053 ll.
565 4007 630 4063 Quis

71 4086 133 4146 suit
150 4085 194 4132 ille
210 4084 287 4132 dits?
305 4100 354 4133 11011
376 4099 459 4132 annas
476 4086 570 4146 loupiac
587 4086 631 4132 tite

77 4168 128 4221 est,
157 4165 247 4210 :litteo
264 4179 336 4226 quem
361 4164 428 4211 docti
449 4164 547 4224 coileqit
568 4178 631 4210 cara

78 4243 112 4290 Μ
112 4243 200 4291 etone.
221 4241 340 4290 Horatius
352 4242 416 4290 dixit
429 4243 525 4303 tespites
536 4256 630 4298 uanae,

78 4328 107 4369 ut
125 4319 196 4369 aiibi:
232 4322 286 4370 Nec
312 4324 416 4371 caltara
435 4322 519 4383 placet
537 4322 632 4383 1011ρὶ01

668 1631 762 1680 annai.
788 1634 875 1695 Ipsum
886 1633 1035 1682 adiectivum
1047 1633 1133 1682 eodem
1144 1647 1216 1681 sensu

668 1713 748 1775 posuit
774 1711 879 1762 Ovidius
899 1713 947 1762 XI.
969 1713 1136 1762 Heroid.-29.
1166 1714 1218 1761 Nec

667 1793 747 1839 corani
757 1792 864 1854 faciles,
880 1798 905 1840 et
917 1807 967 1840 aaa
980 1797 1036 1840 erat
1045 1806 1130 1840 annau
1139 1792 1217 1840 nebia.

704 1873 825 1920 Distinet.
844 1871 935 1918 Melius
953 1884 1029 1933 quarn
1040 1871 1141 1918 detinet.
1159 1869 1218 1917 Non

669 1950 728 2012 quia
743 1951 822 2013 magis
839 1950 963 2013 pottioum
980 1955 1028 2008 est,
1054 1954 1083 1996 ut
1100 1947 1219 1997 nonnulli

669 2034 782 2085 censent,
804 2028 846 2076 sed
868 2029 928 2090 quia
949 2042 1001 2076 rem
1025 2029 1165 2076 accuratius
1181 2029 1218 2076 in·

669 2107 741 2155 dicat.
764 2106 833 2155 Plin.
852 2107 947 2169 Paneg.
965 2107 1054 2157 XXV.
1075 2109 1127 2157 Hic
1144 2109 1218 2164 araci,

669 2188 713 2234 ille
714 2187 868 2248 staminibus
876 2188 1054 2236 distinebatur.
1060 2186 1119 2235 vict.
1132 2187 1218 2235 Heius.

670 2265 701 2312 ad
719 2264 791 2314 Ovid.
808 2265 880 2313 Rem.
897 2265 986 2314 Amor.
1005 2266 1060 2314 486.
1086 2266 1219 2314 011111111-

670 2343 720 2391 tius
738 2344 769 2391 ad
787 2343 867 2391 Taciti
884 2344 932 2392 XI.
951 2345 1046 2393 Annel.
1067 2346 1104 2393 12.

704 2423 789 2472 Carvo
813 2437 858 2472 aec
876 2422 974 2486 faeiem
1004 2425 1077 2472 litere
1101 2427 1217 2473 demovet.

669 2502 801 2565 Cogitabat
826 2503 893 2550 hune
926 2503 1011 2551 10111111
1049 2504 1218 2567 Hieronymus

669 2583 748 2645 Epist.
758 2583 780 2631 Ι.
798 2583 829 2630 ad
851 2582 984 2630 Rufinum:
1008 2583 1066 2630 Noa
1086 2585 1124 2631 sic
1144 2598 1220 2632 careo

670 2664 783 2711 assidens
816 2663 898 2725 litori,
928 2664 1008 2710 aazia
1025 2661 1113 2725 fitium
1138 2669 1219 2712 muter

669 2746 807 2803 exspectat.

703 2820 1126 2883 111111111110111111111111111.
1136 2821 1217 2871 Hace.

669 2897 746 2946 VIII.
772 2900 813 2947 35.
848 2901 908 2947 Icta
939 2898 1129 2962 timere'praoi.
1158 2900 1217 2949 Vid.

669 2977 808 3027 Burmann.
835 2985 858 3025 et
880 2976 1040 3042 Oudendorp.
1063 2979 1094 3027 ad
1116 2979 1218 3029 Sueton.

670 3056 760 3105 Claud.
779 3057 818 3105 33.
845 3057 892 3105 Est
914 3064 998 3104 tamen
1015 3058 1040 3104 in
1057 3060 1110 3106 icta
1126 3058 1219 3120 signifi-

670 3136 734 3183 catio
751 3136 825 3183 nimis
842 3135 918 3182 subiti
935 3143 959 3183 et
976 3135 1165 3184 vehementioris
1182 3136 1218 3183 af·

670 3215 764 3271 fectus,
782 3228 857 3277 quam
873 3227 918 3276 pro
935 3214 1078 3270 desideriis,
1094 3214 1172 3275 iisque
1182 3215 1219 3276 fi·

671 3297 778 3352 delibus,
790 3293 817 3340 in
828 3291 920 3355 quibus
929 3292 1039 3338 tabitam
1055 3291 1099 3339 vix
1116 3293 1220 3353 cogitari

670 3377 762 3434 potest,
788 3372 846 3433 quia
871 3375 931 3417 sunt
955 3369 1074 3416 continua
1098 3376 1123 3418 et
1144 3371 1219 3419 lente.

671 3451 701 3498 In
731 3449 809 3499 MSS.
841 3449 989 3513 quibusdam
1018 3448 1113 3512 legitur
1137 3452 1219 3511 iusta,

672 3535 749 3578 tacta.
779 3529 895 3578 Fortasse
920 3529 1040 3577 Horatius
1063 3529 1161 3592 scripsit
1181 3532 1220 3579 dc·

670 3611 772 3657 sideriis
788 3610 857 3659 victa
869 3609 999 3671 fidelitas.
1025 3608 1076 3656 Illa
1096 3612 1164 3658 aicta
1185 3616 1222 3659 est

671 3694 696 3735 et
712 3687 810 3749 quaerit
827 3687 972 3744 Caesarem,
984 3686 1102 3750 quianon
1115 3688 1221 3750 amplius

671 3766 735 3814 forre
755 3771 836 3829 potest
858 3766 985 3814 desideria.
1013 3769 1102 3815 Vietss
1118 3772 1143 3814 et
1158 3769 1222 3815 ictas

672 3860 744 3907 saepe
769 3852 828 3892 sunt
853 3845 961 3893 confusa
996 3844 1056 3893 Vid.
1081 3844 1221 3893 Burmann.

672 3924 779 3973 Anthol.
806 3924 835 3972 T.
854 3923 889 3971 II.
907 3939 964 3986 pag.
985 3923 1149 3973 annidies
1182 3932 1219 3972 ta-

671 4019 748 4052 seem.

708 4085 791 4131 Totas
808 4085 849 4130 bos
866 4083 957 4130 etenim
973 4096 1037 4128 rara
1052 4083 1222 4143 pcransbalet.

673 4163 725 4210 Pro
745 4178 809 4210 rura
830 4161 931 4209 maliem
953 4174 1010 4208 cum
1031 4161 1114 4209 Fabro
1133 4168 1221 4224 prata.

674 4240 808 4290 Caeterum
825 4239 954 4303 praeclara
970 4245 1006 4288 est
1023 4246 1076 4288 tota
1087 4240 1148 4289 haee
1159 4241 1221 4288 ima-

675 4335 705 4382 go
723 4320 846 4368 felicitatis
863 4320 1001 4376 Romanae,
1019 4319 1083 4369 duee
1096 4323 1223 4383 Augusto,

1051 4486 1171 4778 s

1136 4752 1380 4908 A
