2916 5220
590 310 766 374 LIBER
811 311 874 373 lll.

274 512 277 517 ’
346 497 413 560 Sea’
427 501 524 571 ¹iussa
547 518 652 562 aarum
675 519 737 561 non
760 502 827 562 sine
850 502 972 563 conscio

343 599 454 685 Snrqit
476 603 609 682 marita,
633 622 688 664 seu
711 610 799 666 noent
820 605 955 682 institor,

388 703 452 766 Seu
474 706 565 767 nanis
592 703 764 788 Hispanae
787 707 945 789 mapister,

427 805 627 870 'Dedecornm
642 810 804 890 pretiosus
827 816 887 872 emt
924 856 931 870 .

332 910 416 974 Non
439 909 491 973 his
515 909 668 974 iuventus
692 914 764 974 orta
784 910 974 994 parentibus

342 1012 463 1077 Infecit
485 1034 605 1098 aequor
628 1012 788 1097 sanguine
811 1012 955 1094 Punico,

385 1115 612 1201 Pyrrhumque
635 1120 669 1180 et
691 1115 861 1200 ingentem
884 1115 1002 1180 cecidit

430 1217 632 1282 Antiochum
662 1217 950 1303 Hannibalemque
974 1218 1100 1283 dirumz

341 1322 406 1386 Sed
429 1320 625 1385 rusticorum
647 1320 794 1394 mascula
817 1320 964 1385 militum

342 1423 473 1506 Proles,
496 1423 634 1489 Sabellis
659 1424 755 1488 docta
776 1423 943 1509 ligonibus

382 1526 520 1590 Versare
542 1524 672 1610 glebae,
697 1530 730 1590 et
753 1547 881 1590 severae

429 1628 545 1693 Matris
569 1629 611 1693 ad
634 1627 807 1692 arbitrium
829 1629 948 1695 recisos

341 1733 474 1795 Portare
497 1730 620 1813 fustes,
646 1730 695 1795 sol
718 1732 776 1795 ubi
798 1732 963 1797 montium

341 1834 485 1898 Mutaret
507 1835 639 1899 umbras
663 1838 696 1898 et
719 1833 798 1919 iuga
820 1834 964 1900 demeret

386 1936 497 2002 Bobus
520 1936 688 2021 fatigatis,
712 1936 855 2002 amicum

427 2039 568 2124 Tempus
591 2061 692 2124 agens
716 2041 856 2106 abeunte
880 2063 983 2107 curru.

160 2184 335 2236 Tertullianus
355 2182 385 2230 de
401 2180 538 2231 Gnostieis:
564 2180 706 2230 Conventus
741 2182 884 2246 festinatas
906 2185 997 2232 Lirim
1020 2185 1125 2246 nuptias
1147 2187 1245 2242 abiecit,
1270 2191 1296 2232 et

159 2281 177 2314 a
196 2263 325 2313 Gnosticir
339 2261 584 2326 frequentabantur,
604 2261 632 2307 in
649 2262 705 2323 qui·
741 2262 868 2324 feminam
889 2264 1044 2312 cumularem
1068 2278 1081 2310 e
1107 2264 1219 2312 triclinio
1244 2265 1295 2311 riri

159 2347 215 2403 bru,
224 2342 361 2390 luminibus
367 2355 414 2402 per
422 2353 495 2388 canes
504 2339 706 2402 exstinetiapro·
748 2355 832 2390 eoram
848 2343 876 2389 r'n
892 2342 1034 2390 cubiculum
1044 2342 1187 2398 adductam,
1204 2355 1295 2389 rursus

159 2424 252 2471 niueae
277 2422 344 2468 inter
364 2433 389 2467 ee
410 2418 524 2466 libidinis
544 2418 631 2478 aratia
648 2419 706 2466 mis-
747 2418 931 2468 inconvictum
946 2419 1093 2467 rudentibus
1109 2421 1239 2477 auriculis,
1256 2421 1294 2467 tn·

158 2504 288 2552 cedantur.
306 2498 381 2548 Adde
394 2498 485 2546 Minut.
497 2495 606 2544 Felicem
618 2495 705 2546 Octav.
748 2498 864 2546 cannam
884 2498 975 2560 capillo
995 2499 1133 2546 reductam.
1159 2497 1294 2556 Iuvenalis,

158 2598 184 2645 p.
202 2581 243 2629 89.
277 2578 404 2628 Lucienus
428 2577 454 2624 in
472 2575 604 2639 Symposio
621 2577 651 2625 T.
669 2577 705 2624 11.
748 2590 901 2640 quamquam
917 2577 943 2624 in
962 2575 1057 2635 Satira,
1072 2576 1136 2625 illud
1153 2576 1184 2625 de
1195 2578 1293 2626 conscio

158 2676 184 2723 p.
201 2660 259 2707 654„
285 2656 357 2713 τέλος
370 2655 395 2704 δὲ
409 2653 422 2702 ὁ
434 2652 585 2718 Ἀλκιδάμας
600 2653 705 2720 ἀνατρέ·
748 2655 837 2704 marito
853 2656 928 2718 longe
944 2655 1070 2704 honestius
1086 2655 1208 2718 expressit
1218 2655 1238 2703 Ι.
1252 2657 1292 2704 55.

158 2737 212 2803 φας
229 2737 258 2786 τὸ
275 2735 391 2798 λυχνίον,
408 2732 498 2790 σκότος
514 2732 579 2798 μέγα
595 2733 705 2794 ἐποίησε.
748 2733 791 2781 ubi
805 2734 850 2783 ille
866 2735 954 2783 dicitur
963 2737 1049 2784 dantur
1056 2741 1169 2798 spectare
1180 2737 1294 2794 lacunar,

160 2816 247 2864 πολλὰ
265 2814 307 2862 καὶ
324 2811 393 2862 δεινὰ
414 2811 532 2876 ἐπράχθη
550 2812 577 2861 ἐν
594 2815 630 2876 τῷ
647 2812 705 2861 aed·
750 2813 848 2862 Doctae
864 2819 890 2862 et
907 2815 941 2863 aa
950 2814 1052 2863 calicem
1064 2814 1181 2876 madanti
1191 2819 1295 2863 stertere

159 2911 205 2956 τῳ.
239 2895 280 2940 καὶ
298 2892 351 2941 ἐπεὶ
368 2894 456 2956 παρῆν
473 2909 511 2947 τις
527 2889 627 2953 λύχνον
644 2893 706 2940 ποτὲ
747 2905 817 2939 nasa.

159 2971 287 3034 κομίζων,
316 2969 461 3033 κατελήφθη
482 2967 633 3033 Ἀλκιδάμας
658 2969 715 3029 νὴνΙ
781 2971 938 3020 Dedecarum
953 2972 1080 3033 premas
1095 2976 1181 3020 emtor.
1195 2971 1294 3020 Auctor

159 3048 298 3114 αὐλητρίδα
315 3049 481 3112 ἀπογυμνῶν.
748 3047 868 3110 cogitasse
884 3049 964 3112 potuit
974 3054 1061 3097 notum
1072 3048 1137 3096 illud
1147 3049 1293 3098 Demosthe·

194 3130 254 3176 Noa
270 3126 631 3188 aineeonseinsuraitmartto.
649 3125 704 3174 Ad·
748 3125 798 3174 nis:
824 3129 892 3175 tanti
915 3142 964 3175 nan
989 3142 1042 3176 emo
1062 3129 1195 3188 poenitere.
1222 3128 1291 3176 Ben-

159 3207 264 3256 modum
284 3211 413 3268 corruptus
438 3205 479 3252 hic
503 3217 588 3252 versus
613 3202 707 3266 legitur
748 3204 822 3254 tleius
839 3207 870 3253 ad
886 3205 1015 3254 HoratiiI.
1033 3204 1116 3254 Oarm.
1134 3207 1174 3257 37.
1192 3209 1291 3255 dedeco-

159 3287 228 3349 apud
250 3285 333 3336 Schol.
351 3283 478 3333 Iuvenalis
496 3283 545 3332 VI.
565 3283 620 3331 140.
642 3284 704 3331 “Lt·
748 3298 806 3332 rum
829 3285 1006 3345 interpretatur
1029 3285 1162 3332 mulierum
1182 3286 1291 3346 irrepudi-

160 3368 245 3414 dertas
261 3364 355 3421 mariti,
371 3369 401 3411 ut
422 3368 537 3425 peccante
554 3376 633 3410 uxore
649 3375 706 3409 mn·
748 3377 844 3412 earum.

158 3450 244 3492 tentus
261 3444 292 3492 sit
309 3449 397 3501 tacere,
414 3446 515 3505 propter
532 3439 669 3498 avaritiam,
678 3447 707 3487 ut
781 3442 898 3490 Amicum
914 3441 1021 3501 Tempus
1033 3455 1107 3502 aqens
1120 3443 1225 3491 adeunte
1237 3458 1293 3492 eur·

159 3522 293 3572 Horatius:
310 3524 350 3571 Et
365 3537 414 3570 non
430 3535 564 3569 sensurum
580 3520 631 3567 seta
647 3534 704 3567 sur·
747 3534 787 3566 ru.
813 3517 858 3568 Sol
874 3532 925 3565 non
941 3527 1007 3567 recte
1022 3518 1112 3567 dicitur
1123 3521 1292 3582 vespertinum

159 3607 205 3666 ant
221 3601 353 3650 mantua'·
370 3599 429 3648 Non
445 3597 562 3647 credibile
578 3605 616 3645 est
632 3599 657 3646 in
668 3599 706 3647 his
748 3603 844 3661 tempus
856 3614 939 3662 anne,
951 3599 1084 3655 adducere,
1095 3602 1291 3651 curruabeunte.

160 3679 314 3732 scholiastae
330 3678 412 3727 verbis
429 3677 505 3725 aliam
522 3677 652 3726 lectionem
669 3677 705 3725 la·
747 3676 814 3725 Nam
831 3691 907 3725 curru
923 3677 1029 3726 abeunte
1050 3677 1112 3725 nihil
1129 3681 1291 3738 adducimus,

159 3765 222 3816 tere,
237 3773 313 3822 quam
324 3756 461 3819 vulgatam.
478 3755 706 3805 Haecautemfieri
747 3756 790 3804 sed
807 3755 900 3820 aliquid
917 3758 1070 3805 adducimus.
1104 3758 1185 3819 Anere
1200 3758 1293 3819 signid-

158 3853 209 3886 nan
225 3839 279 3886 stne
296 3837 391 3886 cameto
409 3835 514 3894 marito,
531 3848 569 3882 res
586 3834 640 3896 ipsa
656 3834 705 3882 cla·
748 3849 804 3884 care
820 3840 900 3898 potest
916 3836 1039 3884 adducere
1056 3840 1080 3882 et
1091 3836 1218 3884 abducere.
1237 3836 1290 3884 An-

159 3922 227 3976 mat,
253 3929 332 3979 quum
357 3913 447 3962 mulier
475 3928 559 3962 eoram
591 3913 706 3963 iubeatur
748 3916 848 3971 durae,
867 3918 896 3959 ut
912 3912 1007 3962 Graece
1033 3911 1113 3976 ἄγειν,
1131 3927 1154 3959 r.
1170 3927 1192 3960 c.
1215 3914 1292 3978 οὐρα-

159 3995 228 4044 abire
245 4009 259 4042 e
276 3991 397 4041 convivia
437 3990 570 4040 Caeterum
586 3991 705 4041 Horatius
747 3993 793 4049 νὸς
811 3991 865 4054 ἄγει
884 3994 984 4054 μῆνας,
1009 3992 1118 4050 lumina,
1145 4006 1209 4051 qnae
1228 3993 1292 4040 coela

159 4076 221 4124 haec
241 4073 346 4123 seribere
366 4086 417 4120 non
433 4086 509 4119 ausus
531 4069 623 4120 finisset.
651 4072 704 4120 Pu·
748 4071 841 4120 dantis
856 4084 952 4118 annum
969 4069 1034 4131 apud
1050 4067 1196 4130 Virgilium.
1218 4067 1291 4118 Ovid.

159 4161 236 4204 tasset
252 4153 318 4201 enim
335 4151 469 4214 Augustus
486 4164 512 4199 se
528 4150 607 4213 tangi,
620 4151 660 4198 cui
668 4152 705 4200 M.
748 4147 798 4196 111.
809 4147 877 4196 Fast.
887 4148 948 4195 403:
961 4147 1053 4194 coniux
1061 4145 1204 4194 'ilthoni—
1222 4149 1292 4196 Tem·

159 4233 288 4286 Antonius
299 4247 352 4282 rem
362 4231 516 4280 simillimam
527 4230 622 4279 obiecit.
645 4230 706 4280 Sue·
745 4229 890 4289 paraturis
907 4228 967 4289 anit.
995 4224 1044 4274 Sed
1061 4240 1132 4293 apere
1149 4239 1207 4273 cum
1223 4227 1293 4276 abire

159 4322 210 4364 ton.
233 4313 343 4376 August.
360 4311 400 4359 69.
423 4308 463 4360 Μ.
484 4310 612 4358 Antonias
629 4324 706 4372 super
747 4306 858 4354 iunctum
880 4304 1143 4368 significatabdurere.
1168 4297 1293 4368 Exempla
