2916 5220
625 299 940 365 CARMINUM

391 486 439 550 At
461 486 581 571 vulgus
605 485 745 550 infidum
769 491 802 551 et
824 485 979 551 meretrix
1001 488 1088 549 retro

392 588 527 653 Perinra
549 587 653 671 cedit,
678 587 859 672 diffugiunt
881 588 971 653 cadis

438 690 522 756 Cum
546 691 634 756 faece
658 689 789 756 siccatis
812 690 926 773 amici,

482 794 579 859 Fame
602 794 718 878 iugum
742 793 864 878 pariter
886 794 1000 859 dolosi.

394 897 508 964 Servos
531 898 657 963 iturum
682 897 854 962 Caesarem
878 898 913 962 in
937 897 1073 963 ultimos

392 998 488 1066 Orbis
514 1000 707 1083 Britannos,
732 1006 766 1066 et
788 1001 944 1087 iuvenum
966 1021 1078 1066 recens

213 1127 269 1174 nita
289 1127 388 1175 domm
406 1128 584 1190 praeamara
605 1132 656 1176 toto
674 1127 761 1174 Intra·
802 1128 902 1178 Punico
920 1129 1037 1190 Lucubre
1052 1128 1264 1189 mutauittopurn
1288 1126 1352 1175 Tra-

212 1205 250 1253 uit
272 1206 388 1253 Fortuna
407 1206 496 1268 prada.
535 1203 606 1255 coni.
631 1204 762 1255 Plutarch.
802 1205 867 1256 iacta
882 1205 959 1255 verbs
974 1206 1110 1264 neminem,
1132 1205 1206 1253 moris
1223 1204 1313 1267 poitici
1329 1213 1354 1252 et

211 1283 242 1331 de
257 1283 361 1332 Fortun.
383 1283 498 1332 Romana
519 1283 580 1347 Cap.
602 1286 626 1334 4.
643 1284 762 1333 Bottbius
802 1285 933 1336 Horatiani
950 1299 1072 1348 gnarum,
1092 1283 1223 1333 offendent,
1258 1283 1352 1333 Utrum

211 1360 312 1412 Oonsol.
329 1362 365 1411 II.
386 1365 407 1412 1.
444 1362 514 1412 Caro
531 1365 579 1413 tut
595 1369 634 1413 aet
646 1366 763 1412 Fortuna
803 1370 886 1413 autem
911 1365 995 1414 uelata
1017 1378 1103 1425 panno
1128 1363 1177 1412 huc
1202 1361 1353 1411 translatum

210 1455 331 1505 praesent
351 1456 396 1490 neo
420 1443 539 1490 manauit
556 1442 616 1504 fida
641 1447 680 1498 et,
705 1456 762 1492 oum
802 1444 835 1491 sit
853 1458 885 1492 ex
902 1444 922 1491 I.
940 1443 1020 1505 Epist.
1040 1443 1077 1494 17.
1095 1442 1191 1505 duplici
1207 1457 1295 1504 panno
1305 1458 1353 1504 pa·

212 1522 362 1579 curasan,
372 1522 488 1570 allatura
498 1537 638 1571 moerorem.
656 1521 686 1570 L.
697 1521 762 1570 Doe-
803 1523 895 1571 tientiu
919 1524 987 1570 uelat
1003 1547 1035 1556 —-
1047 1535 1207 1583 purpureum
1231 1535 1281 1570 non
1308 1536 1351 1569 eu-

212 1597 322 1648 derlinus
338 1599 518 1658 coniecturam,
535 1599 614 1648 nescit
623 1599 707 1658 cuius,
719 1615 764 1651 naa
802 1603 926 1662 spectabit
942 1602 1075 1658 amatum,
1092 1613 1125 1648 an
1140 1598 1193 1647 alia
1207 1598 1240 1647 sit
1250 1612 1353 1662 corrup

212 1679 325 1728 comitem
360 1680 480 1742 atnepos,
512 1684 605 1728 tuetur.
649 1678 763 1741 Denique
803 1680 867 1729 telae
882 1695 983 1737 caussa,
998 1680 1054 1743 quis
1077 1679 1155 1727 dicat?
1189 1677 1257 1726 Hinc
1276 1676 1353 1727 Pont.

212 1755 276 1805 illud
294 1757 319 1806 h.
336 1757 354 1806 l.
371 1758 522 1815 notandum,
532 1758 685 1816 Fortunam,
698 1772 763 1819 quae
803 1757 920 1806 Paullin:
940 1758 1039 1808 Coi'unt
1054 1760 1082 1807 in
1095 1773 1173 1807 unum
1182 1771 1317 1819 purpurae
1329 1764 1355 1807 et

213 1835 280 1897 apud
309 1835 369 1884 alios
395 1838 507 1896 uultum,
525 1837 641 1899 frontem
665 1842 761 1896 mutat,
799 1839 883 1896 panni
898 1852 1009 1901 precem:
1032 1836 1058 1884 id
1075 1841 1124 1885 est:
1141 1835 1251 1898 insignes
1271 1841 1297 1884 et
1312 1836 1352 1883 in·

212 1920 311 1963 mutare
326 1920 423 1964 reatem.
458 1916 553 1973 Erunt,
573 1922 648 1979 puto,
669 1915 763 1964 similia
802 1914 862 1962 fimi.
897 1918 1005 1966 Nireum
1027 1915 1141 1964 Pietatis
1166 1914 1288 1963 amictum
1310 1913 1353 1961 ha·

212 1993 335 2056 exempla
369 1994 425 2056 Ego
449 2000 548 2042 tautum
572 1995 648 2043 incidi
668 1994 694 2043 in
714 1996 762 2044 hoc
802 1993 844 2042 bet
861 1993 981 2044 Prudent.
998 2000 1086 2042 contm
1101 1992 1197 2056 Symm.
1214 1992 1235 2040 I.
1253 1993 1311 2044 547.

213 2072 343 2121 Ammiani
355 2072 499 2121 Marcellini
508 2073 598 2123 XXX.
608 2089 632 2136 p.
643 2074 699 2122 too.
714 2090 762 2137 per
836 2074 915 2122 Ferre
931 2075 1019 2136 iupum
1041 2074 1142 2135 pariter
1167 2072 1252 2121 dolosi.
1285 2071 1354 2121 Dolo

212 2154 320 2215 quietern
336 2152 437 2200 cadebat
454 2154 580 2216 coniuqem
590 2169 662 2202 mum
676 2156 761 2203 obten-
803 2151 870 2199 malo
886 2165 912 2200 se
928 2151 990 2214 iugo
1000 2149 1163 2208 subtrahunt,
1179 2154 1204 2198 at
1214 2163 1286 2198 suam
1296 2165 1354 2213 par·

213 2237 262 2280 tem
277 2233 359 2280 redere
374 2233 456 2293 patna
471 2233 760 2297 oapiuuamietuequu-
802 2237 853 2280 tam
879 2232 973 2289 oneris,
998 2231 1115 2280 adversae
1140 2229 1264 2287 fortunae,
1289 2229 1353 2280 farra

212 2312 446 2373 taciturnitatem,
467 2328 543 2375 quam
563 2314 696 2362 aestimari
715 2315 760 2362 da·
802 2317 924 2360 recusant.
949 2310 1073 2360 Heuman.
1091 2308 1199 2358 Miscell.
1216 2308 1284 2371 Lips.
1302 2308 1352 2357 lv.

212 2393 289 2439 batur
305 2393 447 2440 Fortunam
464 2393 518 2440 eiua
534 2406 596 2449 erae,
618 2407 674 2441 cum
698 2397 763 2441 tetro
806 2390 858 2438 142.
877 2389 939 2452 legit
958 2391 1050 2453 perosi.
1084 2387 1145 2438 Siue
1165 2401 1261 2436 caussa.
1295 2390 1351 2437 Pa·

212 2471 301 2520 babitu
329 2472 382 2519 iam
407 2472 582 2520 diatessarum.
621 2471 762 2520 Meinekius
802 2469 868 2516 riter
884 2475 967 2517 autem
985 2468 1062 2527 dixit,
1077 2467 1235 2530 quiaiupum
1245 2474 1352 2528 pareat.

212 2548 326 2612 desperat
354 2550 384 2598 da
413 2549 534 2613 probabili
561 2550 762 2612 interpretatione
803 2544 916 2609 Propert.
933 2545 984 2595 III.
1001 2547 1046 2595 23:
1072 2547 1113 2593 Tu
1133 2547 1192 2594 bene
1207 2546 1353 2594 eonuemeru

212 2627 271 2686 loci,
287 2628 313 2676 in
330 2643 391 2692 quo,
412 2634 509 2692 praeter
529 2634 638 2687 caetera,
655 2643 704 2677 non
721 2629 760 2677 in·
801 2639 852 2673 non
867 2626 932 2673 ania
947 2627 986 2674 ire
1002 2626 1095 2687 iopam.
1129 2623 1276 2672 Theocritus
1288 2623 1351 2672 XII.

212 2707 316 2769 telligit,
342 2708 403 2770 quid
426 2707 472 2755 sibi
493 2707 553 2756 velit
571 2721 686 2768 pannus:
707 2706 762 2754 falli
805 2705 841 2752 15.
876 2702 1014 2762 Ἀλλὴλους
1036 2700 1194 2766 δ’ἐφίλησαν
1210 2700 1257 2765 ἴσῳ
1275 2702 1351 2766 ζυγῷ.

212 2785 293 2845 euim,
309 2785 352 2848 qui
369 2785 394 2832 id
410 2786 441 2834 de
451 2784 640 2848 qualibetveste
654 2784 761 2848 intelligi
804 2782 866 2832 Stat.
888 2782 938 2830 111.
961 2780 1024 2831 silv.
1042 2782 1065 2829 5.
1085 2781 1139 2829 159.
1158 2785 1187 2828 tn
1202 2796 1254 2843 par
1270 2795 1352 2831 uetue-

211 2877 281 2924 posse
292 2864 443 2912 existimant.
466 2862 565 2911 Varum
575 2867 619 2910 est.
636 2863 671 2910 Et
681 2876 761 2921 nemo,
803 2867 845 2911 tna
874 2864 985 2910 Homero
1023 2863 1101 2909 Ferre
1127 2862 1221 2922 iopam.
1263 2860 1351 2910 Valcr.

212 2947 336 3003 quantum
353 2941 415 3000 scio,
436 2940 618 2989 animadvertit.
653 2944 763 2991 Parmae
802 2940 872 2989 Max.
890 2941 926 2990 11.
947 2941 968 2990 l.
1005 2940 1174 2998 Quotidianae
1191 2954 1221 2988 no
1236 2941 1352 2990 domesti-

212 3032 261 3066 non
278 3026 426 3083 usurpatur,
451 3019 499 3068 nisi
523 3019 554 3068 de
578 3021 638 3068 trito
658 3027 702 3068 aut
717 3021 762 3070 rili
802 3037 846 3070 aaa
861 3023 932 3084 potis
949 3025 1046 3078 custos,
1066 3021 1095 3068 in
1113 3019 1175 3082 pari
1196 3021 1253 3082 inoo
1269 3021 1352 3070 chari-

212 3099 317 3160 vestitu‚
337 3098 378 3146 cui
400 3098 441 3148 vel
462 3098 514 3161 ipse
534 3098 602 3147 color
623 3101 696 3149 aibas
712 3114 761 3148 non
804 3101 875 3149 tatia.

212 3177 334 3226 convenit.
367 3175 459 3226 Facilis
481 3183 544 3226 esset
565 3178 704 3226 emendatio
728 3180 764 3227 Te
837 3179 925 3228 Sauos
940 3180 1039 3227 iturum
1058 3177 1192 3228 Gaesarem
1208 3179 1235 3226 in
1250 3179 1353 3226 uitiosos

213 3259 276 3319 spa
296 3264 321 3306 et
342 3259 397 3306 albo
418 3273 483 3306 cana
500 3259 576 3307 Fides
592 3259 652 3307 colit
672 3260 763 3307 Velata
806 3258 882 3307 Orbis
907 3259 1057 3307 Britannos.
1094 3257 1224 3306 Bentleius
1250 3259 1353 3305 ultimos

212 3338 316 3385 omniu.
344 3336 393 3386 Sed
410 3338 564 3385 cunaFidee
581 3336 762 3400 velaliudepi·
806 3338 858 3385 Oro
878 3338 1026 3386 Britannos.
1048 3335 1116 3387 Gur?
1140 3335 1206 3397 Quia
1220 3338 1287 3386 uota
1301 3336 1351 3386 ela·

212 3414 299 3464 theton
318 3413 417 3462 sufficit.
451 3414 543 3463 Melius
564 3422 601 3463 est
623 3416 654 3462 ad
671 3415 761 3463 Fortu·
803 3417 902 3477 gentius
923 3416 1059 3475 omittitur,
1084 3414 1143 3479 quia
1167 3420 1234 3463 recta
1258 3415 1352 3464 dixeris

212 3506 271 3541 uam
292 3493 394 3553 referre,
416 3508 480 3556 quae
496 3507 557 3541 mox
577 3494 662 3542 domos
678 3500 762 3556 poten-
803 3493 1354 3552 Britannoanltinaiortiaminimeultimoa,

212 3578 249 3620 tes
269 3579 336 3622 reate
355 3579 457 3622 mutata
478 3572 577 3635 linquit.
611 3571 677 3621 Cum
703 3587 762 3635 ergo
803 3573 863 3636 quia
883 3571 987 3634 denique
1008 3571 1093 3633 poetae
1117 3571 1275 3620 Britanniam
1302 3586 1352 3620 non

212 3651 299 3700 domos
316 3651 437 3707 intrabat,
453 3651 529 3699 aliam
541 3656 636 3699 vestem
648 3649 761 3699 habebat.
803 3656 855 3698 tam
872 3651 990 3699 ultimam
1006 3652 1084 3710 orbis,
1101 3665 1177 3714 quam
1187 3650 1261 3713 plana
1273 3652 1353 3699 olium

211 3731 267 3779 Hoc
288 3729 368 3795 potius
389 3728 523 3779 memorari
543 3730 660 3788 debebat,
685 3745 761 3793 quam
802 3732 883 3778 orbem
900 3729 1026 3792 appellare
1042 3730 1130 3779 solent.
1156 3729 1293 3793 Propterea
1310 3729 1352 3777 alii

211 3812 287 3858 uestis
307 3809 384 3858 Fidei.
422 3810 559 3870 Legamus:
593 3809 628 3857 Te
650 3809 713 3870 Sper
737 3814 762 3858 et
802 3821 900 3871 quoque
916 3809 1081 3858 emendarunt
1102 3809 1189 3857 ultimi
1211 3810 1289 3865 orbis,
1310 3808 1354 3855 alii

192 3891 268 3938 >alto
284 3905 350 3939 cunc
367 3889 511 3938 Fideamld
525 3890 641 3937 Vetatam
654 3888 760 3937 amatu:
802 3889 871 3935 notia
882 3889 1032 3937 Britannos.
1058 3885 1151 3936 Omnes
1162 3885 1264 3934 frustra.
1290 3886 1352 3935 Poa-

211 3971 255 4018 aed
276 3971 390 4018 comitem
412 3970 518 4030 abnapat
534 3981 569 4030 sq.
603 3966 687 4016 Vestis
706 3982 760 4015 mu·
803 3963 942 4014 tacvocant
951 3966 1109 4015 Britanniam
1121 3967 1250 4022 nltimam,
1266 3966 1353 4029 quodsi

212 4053 275 4106 tata,
304 4049 430 4105 Romana,
457 4046 493 4096 rai
523 4047 645 4096 secundae
669 4053 695 4095 ot
719 4047 760 4095 ad·
802 4046 916 4109 supplere
932 4045 1007 4104 velis,
1024 4044 1353 4108 quidaliudaddes,quam

212 4140 296 4175 versae
320 4128 399 4176 ricem
424 4126 527 4186 indicat,
554 4133 581 4175 ut
606 4127 631 4174 in
661 4140 761 4175 reorum
802 4124 917 4173 ultimam
934 4128 1013 4183 orbis,
1030 4124 1301 4173 ultimamterrorurn?
1317 4124 1353 4174 Ut

212 4211 281 4254 veste
298 4205 434 4261 sordidata,
458 4205 524 4254 bello
548 4211 573 4255 at
597 4219 669 4268 paca,
695 4205 761 4253 unde
802 4203 895 4254 Seneca
912 4204 979 4253 Med.
997 4205 1054 4255 379.
1089 4205 1142 4251 Neo
1163 4203 1198 4250 sit
1220 4203 1297 4251 terris
1315 4205 1352 4250 ui·

212 4284 291 4355 βροά.
324 4285 405 4332 Terra.
434 4286 547 4346 martana
575 4286 657 4334 victua
685 4285 761 4334 narro
803 4285 867 4332 tineo
887 4284 974 4331 Thule.
1002 4281 1122 4345 Calpurn.
1140 4279 1227 4343 Eclog.
1245 4280 1294 4330 IV.
1312 4281 1351 4329 39.
