2916 5220
546 291 719 354 LIBER
765 292 810 354 ll.

285 479 395 544 Denso
418 484 593 564 paventem
617 477 754 542 sustulit
776 483 865 541 aere:

328 582 370 647 Te
393 604 504 646 rursus
530 581 563 644 in
587 580 712 646 bellum
735 581 903 646 resorbens

372 685 471 750 Unda
493 684 586 749 fretis
611 683 690 748 tulit
713 683 882 748 aestuosis.

283 788 371 873 Ergo
395 787 576 872 obligatam
599 786 697 851 redde
721 786 791 850 Iovi
815 786 951 870 dapem,

284 891 462 975 Longaque
485 889 610 954 fessum
633 888 755 953 militia
778 889 865 953 latus

328 993 462 1078 Depone
487 992 547 1057 sub
571 991 666 1056 lauru
688 1013 778 1073 mea,
803 1013 862 1056 nec

373 1097 473 1160 Parce
496 1094 586 1160 cadis
612 1094 673 1159 tibi
697 1094 880 1159 destinatis.

282 1199 452 1264 Oblivioso
475 1198 561 1263 levia
584 1197 727 1262 Massico

282 1303 413 1369 Oiboria
436 1304 548 1389 exple:
573 1303 675 1367 funde
699 1302 872 1388 capacibus

329 1407 509 1492 Unguenta
531 1407 571 1471 de
594 1405 736 1471 conchis.
785 1405 865 1485 Quis
889 1405 953 1469 udo

371 1510 591 1594 Deproperare
613 1509 688 1594 apio
711 1529 845 1573 coronas

282 1613 422 1678 Ouratve
446 1614 576 1697 myrto?
624 1611 728 1690 Quem
743 1608 864 1676 'Venus
888 1611 1046 1676 arbitrurn

282 1715 378 1781 Dicet
400 1714 557 1780 bibendi?
602 1715 677 1779 Non
701 1736 761 1799 ego
785 1713 897 1780 sanius

327 1819 514 1884 Bacchabor
538 1817 677 1882 Edonis:
701 1823 830 1901 recepto

369 1923 474 1988 Dulce
497 1922 581 1986 mihi
604 1921 709 1986 furere
733 1926 784 1986 est
807 1921 921 1986 amico,

99 2075 182 2124 Acro:
200 2076 304 2137 “Turpe
319 2076 408 2130 salum,
425 2080 470 2122 aut
484 2080 650 2131 cruentatum,

99 2159 144 2200 aut
156 2167 207 2215 quo
219 2152 324 2216 turpiter
335 2153 452 2215 prostrati
464 2153 650 2214 precarentur.''

134 2234 220 2279 Dauo
234 2237 366 2294 pacattcm
382 2234 489 2279 autulii
505 2233 571 2280 a'e're.
593 2230 649 2279 Liv.

99 2310 149 2358 IV.
167 2310 208 2358 28.
228 2311 285 2357 ·Au
297 2311 384 2357 Deum
400 2311 507 2372 aliquem
521 2315 649 2372 protecta-

98 2403 158 2436 rum
174 2402 228 2449 voa,
244 2393 430 2450 rapturumque
446 2389 503 2436 binc
517 2390 633 2449 putatia?

138 2469 216 2515 Uada
233 2466 317 2530 fretis
338 2468 402 2514 tulit
423 2468 554 2515 aestuosis.
588 2467 648 2514 Iun-

99 2553 165 2610 gunt
182 2547 340 2610 interpretes:
356 2547 445 2594 “unda
455 2546 582 2594 resorbens
594 2561 649 2592 rur-

99 2642 141 2674 sus
163 2633 188 2674 te
208 2625 267 2673 tulit
287 2625 354 2674 fretis
376 2625 402 2672 in
424 2624 542 2673 bellum.”
576 2622 648 2683 Quod

100 2707 193 2753 durum
210 2705 403 2753 Mitscherlichio
420 2704 529 2760 videtur,
543 2702 586 2764 qui
598 2717 647 2750 ma·

99 2785 180 2832 lebat:
197 2783 304 2841 “Unda,
319 2783 388 2831 fretis
397 2782 527 2838 aestuosis,
537 2788 560 2828 te
572 2796 648 2829 resor-

99 2861 161 2910 bens
182 2876 267 2909 rursus
293 2863 319 2909 in
336 2861 430 2909 bellum
448 2859 528 2908 tulit.''
562 2861 649 2923 Atque

100 2940 147 2987 hoc
164 2939 243 2989 altero
262 2940 352 2988 melius
373 2946 416 2988 est.
400 2939 548 2987 tTamen
568 2940 648 2987 Hora-

99 3017 163 3064 tium
180 3017 274 3065 dedisse
290 3018 407 3065 arbitror:
435 3019 511 3065 Uada
520 3017 590 3080 freti
607 3024 647 3066 tu·

98 3098 131 3143 tit
148 3099 264 3144 aestuosi.
299 3095 428 3146 Sententia
448 3097 540 3144 Latina
561 3097 646 3144 admo·

101 3175 163 3222 dum
181 3181 206 3224 et
222 3176 335 3224 rotunda.
369 3175 444 3224 Unda
464 3174 521 3222 freti
543 3176 649 3223 aestuosi

98 3261 136 3301 est
152 3254 204 3317 ipse
224 3261 312 3303 uatus.
347 3254 383 3303 Ut
404 3252 491 3302 Cicero
512 3253 586 3301 Brut.
607 3254 647 3301 81.

99 3335 181 3383 Hunc
198 3335 327 3382 absorduit
343 3338 429 3381 aestus
444 3334 545 3393 plautae.
580 3333 649 3382 Haec

97 3416 169 3461 auda
193 3419 218 3461 tc
239 3427 326 3460 rursus
346 3412 373 3459 in
400 3411 494 3460 bellurn
522 3411 650 3459 resorbens

98 3492 167 3539 tulit.
203 3492 290 3547 Tulit,
314 3504 361 3553 pro
382 3492 500 3549 abstulit,
522 3490 649 3554 proprium

97 3572 129 3620 de
158 3571 238 3620 undis.
280 3570 335 3619 Liv.
365 3570 413 3618 IV.
444 3571 483 3617 33.
527 3570 598 3618 Altos
622 3572 649 3618 tu

96 3668 191 3714 aquam
202 3653 337 3713 compulsos
347 3651 457 3712 qurpttes
462 3649 565 3712 ferunt.
576 3648 649 3698 Ovid.

98 3731 135 3779 11.
152 3729 213 3778 Am.
228 3731 266 3778 16.
299 3732 380 3778 Verba
393 3730 538 3791 puellarum
556 3730 650 3786 Irrita,

97 3823 147 3870 qao
163 3808 244 3856 caum
261 3813 310 3866 ert,
326 3812 417 3856 ventac
434 3812 458 3854 et
471 3808 539 3854 undu
545 3807 647 3868 feratu.

97 3888 159 3936 Vid.
177 3885 264 3935 Heius.
282 3887 314 3934 ul
330 3885 422 3948 Virgil.
442 3884 492 3933 III.
511 3886 576 3933 Aen.
592 3886 649 3936 268.

100 3969 219 4015 Ferimur
235 3966 412 4027 spumantibus
431 3966 512 4012 andis.
539 3965 650 4028 Auferre

97 4045 123 4091 in
148 4043 235 4092 cadem
261 4056 298 4099 re,
324 4048 420 4104 praeter
446 4041 518 4098 alios,
544 4041 650 4091 breviter

44 4157 52 4166 .
98 4123 170 4171 illust
160 4129 227 4170 traut
244 4121 378 4170 Ruhnken.
397 4122 428 4168 ad
446 4122 574 4183 Tertpen

96 4209 123 4250 et
134 4202 272 4251 Burmann
285 4201 316 4248 ad
326 4200 456 4263 Calpurnii
469 4202 556 4264 Eclop.
566 4203 599 4251 V.
610 4203 648 4251 48.

133 4283 210 4331 Dicet
227 4281 331 4330 atterat.
367 4282 452 4336 Dicit,
475 4282 553 4341 magis
577 4295 649 4344 appo-

691 2074 767 2122 situm
784 2081 848 2121 esset
864 2073 896 2121 ad
912 2073 948 2122 rei
965 2075 1099 2136 praesentis
1111 2075 1238 2123 laetitiam.

692 2153 733 2201 Ita
748 2154 851 2201 coniecit
871 2153 1018 2211 Withofius‚
1045 2159 1070 2202 et
1094 2153 1189 2216 legitur
1214 2154 1239 2200 in

693 2230 812 2280 Seruiana
824 2237 933 2280 annotat.
946 2232 977 2279 ad
989 2231 1079 2292 Virgil.
1089 2231 1138 2279 III.
1148 2231 1239 2294 Georg.

696 2310 748 2357 125.
782 2310 909 2366 “Dicera
935 2322 980 2370 pro
1002 2311 1166 2372 desiprrauere.
1200 2311 1240 2360 Ci-

691 2401 747 2435 cero
763 2388 794 2435 de
815 2387 953 2450 republica:
981 2389 1024 2436 Sic
1044 2390 1074 2436 de
1095 2395 1241 2437 accusatae

690 2468 741 2527 lepe
761 2467 852 2528 quinta
877 2467 960 2514 dicta:
984 2465 1010 2512 id
1030 2471 1079 2523 est,
1101 2468 1239 2528 dampnata.

690 2544 724 2591 Et
745 2544 865 2593 Horatius
887 2544 923 2591 II.
949 2541 1005 2592 Ode
1026 2544 1049 2594 7.
1087 2544 1166 2601 Quem
1193 2547 1238 2594 Ve-

690 2639 738 2671 nus
762 2626 889 2672 arbitrum
925 2624 999 2671 Dicit
1016 2624 1126 2680 atterat,
1143 2637 1189 2685 pro
1202 2626 1240 2673 de·

689 2703 798 2765 siquat.'’
842 2703 942 2752 Servius
967 2716 999 2750 ex
1024 2701 1186 2764 Philargyrio
1207 2702 1242 2751 ita

690 2782 852 2844 corrigendus
869 2790 916 2831 est:
938 2784 968 2830 de
982 2783 1112 2842 rmrcbtica
1128 2783 1177 2830 stc:
1195 2781 1239 2830 Di-

690 2866 784 2909 ctatore
801 2862 830 2909 L.
849 2861 967 2922 Quinctio
984 2861 1061 2920 dicto,
1082 2861 1110 2908 id
1131 2867 1180 2916 cat,
1201 2861 1241 2909 de-

690 2940 796 3003 signato.
809 2941 868 2988 Vid.
875 2939 959 2989 Maius
968 2940 999 2988 ad
1010 2940 1082 2988 ILde
1090 2939 1240 3002 Republ37.

723 3021 782 3067 Nou
798 3035 841 3081 epa
856 3021 944 3067 saritur
971 3020 1120 3067 Bacchatur
1137 3020 1240 3067 Edaur'r.

690 3098 772 3146 Edoni
796 3104 856 3145 sunt
881 3098 998 3146 Thraces.
1036 3097 1086 3146 Sed
1111 3097 1191 3145 furere
1216 3098 1242 3144 in

690 3177 801 3225 convivio
822 3183 850 3224 ut
872 3176 994 3232 Thraces,
1011 3176 1115 3224 Horatio
1132 3177 1157 3223 in
1174 3190 1241 3223 men-

690 3266 740 3306 tem
758 3259 841 3306 venire
858 3271 907 3305 nou
925 3262 1030 3318 poterat.
1064 3256 1122 3318 Ipse
1143 3255 1202 3302 dicit
1219 3256 1240 3304 Ι.

690 3336 776 3385 Carm.
796 3336 836 3387 27.
872 3337 952 3383 Natta
978 3337 1006 3382 la
1031 3350 1103 3382 usura
1129 3335 1242 3382 laetitiae

688 3418 788 3478 scppbir
805 3418 927 3477 Pupuare
946 3416 1075 3463 Thracum
1091 3420 1135 3462 ert.
1169 3413 1238 3474 Eut.

690 3493 774 3543 Carra.
794 3495 831 3542 18.
858 3495 991 3542 Bacchum
1009 3492 1131 3541 struantur
1142 3498 1239 3554 propte·

690 3587 733 3621 rea
749 3590 798 3623 aaa
819 3575 894 3621 levem
916 3571 1058 3634 appellavit.
1092 3570 1142 3630 Qui
1165 3571 1242 3633 igitur

691 3652 819 3714 profitetur
842 3666 867 3699 se
887 3651 913 3698 in
933 3650 1047 3699 convivio
1064 3649 1241 3697 bacchaturum

691 3737 719 3778 ut
735 3731 848 3788 Edonos,
865 3730 886 3778 is
903 3730 1033 3793 profitetur
1050 3745 1076 3778 se
1087 3744 1144 3777 cum
1156 3730 1241 3776 amicis

691 3811 716 3857 in
741 3810 852 3857 convivio
878 3824 930 3857 esse
952 3814 1129 3870 pugnaturum.
1164 3807 1239 3858 Corn-

691 3895 766 3936 mcut.
785 3888 862 3950 Cruq.
885 3895 910 3935 et
929 3888 1012 3935 Acro:
1039 3888 1150 3942 Euoras,
1172 3889 1240 3935 Bac-

691 3969 744 4015 ctu's
763 3968 893 4015 Tcacibas.
920 3964 1110 4024 Intelliguut
1085 3963 1162 4010 icitur
1174 3964 1238 4011 Bac-

690 4045 760 4105 chas
784 4044 894 4092 feminas.
928 4043 1015 4104 Atque
1037 4056 1066 4089 ea
1088 4043 1240 4103 comparatio

644 4123 730 4170 .hio
747 4130 783 4171 est
774 4121 937 4179 thenestior,
958 4127 982 4168 et
1005 4121 1070 4182 apud
1088 4121 1172 4182 po'ctas
1189 4128 1240 4170 tam

669 4202 818 4303 frequens
837 4208 865 4250 ut
880 4202 928 4250 lere
943 4202 968 4248 iu
980 4199 1135 4262 proverbium
1147 4200 1239 4251 abierit

669 4252 722 4329 ιΙη
740 4282 796 4331 MS
815 4281 886 4330 Voss¹
907 4280 1025 4328 Edarriir:
1038 4279 1116 4327 sedin
1129 4280 1240 4339 margine
