2916 5220
556 301 730 364 LIBER
776 304 801 363 l.

288 485 412 550 Defluit
433 485 520 550 saxis
543 486 687 570 agitatus
713 477 844 569 humor',

273 575 476 654 ¹Concidunt
499 589 606 671 venti,
629 589 828 673 fugiuntque
848 591 967 670 nubes,

287 691 331 754 Et
348 690 480 774 minax,
503 713 567 775 qua
587 691 634 756 sic
661 691 808 773 voluere,
832 700 932 776 ponto

375 793 473 859 Unda
493 794 662 858 recumbit.

285 897 451 962 Romulum
468 907 545 981 posi
567 897 622 961 llos
639 901 753 981 prius,
778 921 821 963 ou
842 903 975 984 quietum

138 1049 242 1110 Defluit
259 1049 328 1096 arixis
345 1049 458 1110 epitatus
471 1050 566 1096 laueraor.
592 1046 656 1096 Stat.
704 1047 796 1098 Sellius
814 1049 839 1096 in
866 1047 970 1098 Observ.
999 1064 1051 1110 cap.
1080 1050 1116 1096 14.
1152 1048 1190 1097 Di
1215 1052 1251 1100 sic

102 1128 153 1176 IX.
188 1126 267 1176 Theb.
291 1128 348 1176 525.
382 1128 423 1174 Ab
446 1127 545 1189 irqfestc's
561 1128 658 1176 descen·
701 1130 800 1177 voluere
825 1130 1013 1190 intorpretatur,
1040 1129 1107 1177 Deos
1136 1129 1251 1184 marinos,

101 1209 170 1256 dunt
187 1223 296 1269 aequora
312 1207 388 1254 auxia.
702 1208 742 1257 vel
759 1210 841 1271 potius
858 1208 938 1256 solum
955 1209 1108 1272 Neptunum.

139 1288 201 1344 Qua
217 1288 370 1335 aieoolucre.
397 1283 494 1346 Optimi
505 1290 530 1331 et
543 1283 656 1346 plerique
735 1289 871 1337 Romulum
891 1295 948 1350 post
970 1291 1013 1337 boa
1032 1291 1107 1350 prius
1126 1305 1161 1336 oa
1181 1291 1248 1351 quie-

102 1362 185 1412 Codd.
202 1366 263 1426 quio
284 1365 327 1412 sic.
361 1362 451 1424 Regin.
478 1378 493 1409 a
518 1376 595 1409 manu
622 1377 657 1410 se·
702 1371 756 1414 tum
775 1369 889 1430 Pompili
913 1383 1024 1430 requam.
1061 1366 1181 1425 Caussas,
1206 1381 1251 1415 cur

102 1443 188 1490 cunda
213 1459 277 1506 quae
300 1445 343 1491 cic.
377 1441 433 1489 Alii
457 1443 523 1504 quod
546 1443 594 1502 sic,
620 1443 658 1490 dio·
700 1458 785 1492 omnes
803 1445 848 1493 hos
865 1460 951 1493 versus
963 1446 1086 1503 eiecerim,
1104 1447 1191 1495 deinde
1202 1449 1250 1495 sin·

101 1525 152 1584 sic,
173 1525 211 1572 alc
227 1525 278 1580 dit,
295 1523 361 1584 quod
373 1521 479 1570 Bentlei.
492 1520 597 1583 recepit,
611 1536 656 1583 pu·
701 1521 805 1584 galatim
829 1538 960 1586 exponam.
1002 1525 1125 1574 Universe
1152 1532 1250 1574 tantum

103 1607 162 1648 tans
179 1607 262 1650 tamen
273 1601 314 1649 hic
325 1601 399 1648 uleus
411 1599 511 1662 aliquod
522 1600 606 1648 latere.
625 1600 656 1647 ln
700 1601 747 1648 hcc
764 1601 851 1650 dicam.
881 1601 908 1651 Si
929 1603 995 1665 quod
1016 1617 1126 1667 unquam
1146 1605 1250 1654 Horatio

104 1679 212 1729 lectione
225 1679 330 1728 Bentlei.
343 1687 382 1728 est
394 1679 488 1741 aliquid
497 1679 581 1726 minus
591 1694 655 1727 com·
699 1679 787 1742 obtigit
809 1688 1000 1742 argumentum,
1022 1682 1047 1730 in
1065 1697 1114 1745 quo
1131 1690 1249 1741 tentaret,

103 1760 216 1808 modum.
245 1760 286 1808 Sic
306 1760 343 1807 Di
360 1761 457 1808 voluere
473 1765 527 1805 tum
540 1758 655 1815 dicimus,
700 1759 758 1820 quid
779 1759 872 1822 ingenii
893 1761 957 1809 vires
978 1768 1091 1823 possent,
1115 1771 1168 1811 erat
1190 1780 1250 1814 sanc

103 1853 185 1901 quum
207 1837 301 1900 aliquid
323 1837 446 1885 miramur
474 1837 512 1885 vel
536 1838 656 1897 dolemus,
700 1845 875 1900 argumentum
885 1841 914 1888 de
923 1841 1101 1890 excellentibus
1109 1843 1176 1899 viris,
1187 1859 1249 1905 quos

103 1919 172 1982 quod
189 1934 266 1982 quara
289 1917 342 1966 fieri
367 1917 490 1976 debuerit,
513 1932 561 1965 non
582 1918 657 1979 plane
700 1931 745 1964 sua
755 1918 837 1980 patria
847 1919 958 1981 protulit.
980 1921 1049 1968 Nihil
1063 1935 1174 1983 unquam
1186 1921 1249 1970 bono

104 1999 285 2059 intelligimus,
307 1998 349 2046 sed
366 1998 482 2046 mortales
500 1996 526 2043 in
546 1997 656 2046 Deorum
700 1997 785 2058 pobtae
807 1997 895 2046 laetius
917 1999 1015 2057 accidit,
1037 2015 1117 2063 neque
1138 2001 1248 2057 uberius,

105 2076 236 2124 voluntate
248 2074 432 2139 acquiescimus.
458 2074 531 2123 Talia
542 2081 602 2122 sunt
613 2090 656 2123 ex·
700 2077 875 2140 cuiuscumque
892 2079 1009 2135 nationis,
1030 2080 1072 2142 qui
1090 2081 1186 2141 magnis
1204 2097 1246 2143 pa-

104 2156 190 2219 empla
206 2155 348 2204 aBentleio
364 2153 472 2202 laudata.
506 2154 581 2202 Talia
597 2162 657 2202 sunt
701 2156 809 2203 rentibus
827 2156 928 2218 gloriari
945 2160 1076 2219 potuerint.
1108 2159 1174 2219 Quid
1190 2163 1246 2222 pob-

104 2237 166 2284 haec
184 2236 259 2286 Statii
276 2235 323 2283 IV.
342 2235 420 2283 Theb.
438 2235 494 2285 780.
528 2236 572 2283 Sic
586 2237 655 2282 Par·
700 2239 740 2281 tae
766 2235 901 2282 Neerlandi
930 2250 1041 2285 sannone
1066 2238 1200 2286 vernaculo
1225 2246 1249 2285 ct

105 2330 151 2364 coe
165 2317 271 2364 colum.
288 2314 336 2362 VI.
358 2314 416 2364 376.
451 2315 495 2362 Sic
518 2315 587 2361 Iouis
611 2316 656 2362 im·
700 2314 790 2362 Latino
815 2313 928 2371 fecerint,
954 2320 1057 2364 constat.
1098 2317 1163 2372 Neo,
1190 2318 1248 2379 quid

101 2395 178 2455 peria
194 2399 219 2442 et
235 2395 323 2456 nipme
345 2395 443 2440 coluere
462 2407 564 2440 sorores.
599 2392 657 2440 Vir·
700 2393 819 2452 Romani,
831 2394 901 2441 latet.
918 2393 1164 2456 ItaqueVirgil.VI.
1182 2397 1248 2444 Aen.

103 2471 150 2534 gil.
175 2472 198 2521 1.
224 2471 290 2520 Aen.
315 2471 372 2519 302.
397 2476 542 2533 ponuntque
556 2470 656 2532 ferocia
701 2488 716 2518 a
732 2487 767 2518 vs.
786 2472 835 2522 778
852 2473 883 2518 ad
900 2472 956 2519 960.
976 2480 1001 2520 et
1017 2474 1041 2520 in
1060 2473 1186 2536 Georgicis
1204 2476 1248 2523 bas

106 2554 190 2601 Poeni
225 2553 323 2612 Cordo,
344 2553 440 2600 volente
464 2553 525 2599 Deo.
559 2551 656 2600 Auson.
700 2557 782 2613 partes
808 2551 919 2599 divinum
948 2552 972 2599 in
1001 2552 1102 2599 modum
1130 2552 1248 2615 implevit.

103 2633 131 2678 in
148 2630 278 2693 Epigram.
313 2633 366 2690 Et,
391 2646 447 2679 cum
466 2630 532 2692 forto
558 2632 657 2689 volunt,
701 2629 833 2679 Praeclare
857 2644 954 2692 quoque
979 2637 1004 2679 et
1025 2647 1102 2693 supra
1122 2632 1248 2680 saeculum

103 2713 165 2759 bina
181 2726 276 2759 veneno
292 2713 390 2758 iuvant.
424 2709 513 2757 Horat.
531 2709 552 2756 Ι.
571 2708 655 2759 Carm.
700 2724 772 2756 suum
790 2708 944 2758 Claudianus
964 2710 995 2759 de
1015 2711 1056 2759 IV
1074 2711 1176 2760 Consul.
1194 2711 1246 2759 Ho-

103 2792 144 2838 33.
180 2792 225 2838 Sic
249 2791 331 2838 uicum
361 2790 459 2837 Veneri.
493 2788 595 2850 Itaque,
621 2803 655 2836 se·
700 2789 762 2836 narii
788 2805 802 2836 a
827 2804 863 2836 vs.
887 2787 943 2836 400.
965 2787 996 2834 ad
1015 2789 1071 2836 419.
1097 2796 1163 2836 retro
1180 2803 1206 2836 se
1222 2789 1247 2836 in

104 2871 219 2919 cundum
242 2869 384 2918 Bentleium
400 2868 520 2916 Horatius
537 2867 655 2917 dixisset:
699 2866 825 2915 historiam
843 2868 982 2916 Romanam
999 2866 1111 2915 contulit.
1132 2866 1164 2914 In
1178 2874 1246 2915 utro-

107 2948 195 3000 Simul
217 2955 291 3012 atque
308 2946 382 2996 stella
399 2947 531 2997 Castorum
549 2946 655 3005 reiulsit,
699 2961 746 3008 que
760 2948 845 3008 polita,
862 2947 969 3010 Virgilio
980 2946 1120 3009 praecipue,
1133 2947 1248 2994 maiestas

105 3035 240 3091 tempestas
258 3027 330 3077 cedit.
355 3027 452 3075 Mirum
469 3026 578 3088 quidem.
606 3026 654 3075 Sed
699 3031 723 3073 et
739 3031 841 3073 ornatus
858 3039 915 3072 cum
932 3026 957 3073 in
974 3026 1047 3073 rebus
1064 3027 1154 3073 tamin
1166 3026 1247 3074 verbis
1338 3071 1341 3076 ⁴

103 3109 140 3156 sic
164 3107 202 3155 Di
223 3106 337 3164 voluere,
359 3105 402 3168 qui
419 3104 478 3152 huie
496 3105 582 3153 stellae
599 3112 655 3152 tan·
698 3105 822 3161 cernitur,
838 3104 920 3153 elucet
935 3103 1059 3164 elegantia
1076 3111 1101 3151 et
1117 3106 1247 3167 perspicui-

104 3193 157 3233 tam
183 3185 234 3232 vim
259 3185 397 3233 tribuerint.
431 3184 511 3233 Maior
536 3191 574 3233 est
599 3184 655 3232 laus
699 3190 743 3230 tas.
770 3182 802 3230 In
819 3182 962 3231 Horatianis
979 3183 1061 3230 omnia
1075 3190 1169 3230 contra.
1192 3182 1247 3230 Imo

105 3264 254 3322 Castorum,
272 3264 294 3311 si
311 3263 396 3312 eadem
412 3270 520 3326 potestas
536 3263 595 3326 ipsis
613 3263 654 3310 tri-
698 3261 759 3309 nihil
784 3261 890 3308 Horatio
918 3262 1042 3322 dignum,
1070 3261 1116 3307 nisi
1144 3260 1247 3308 fortasse

103 3345 211 3401 buatur,
228 3357 278 3390 nan
295 3343 380 3390 addito
397 3349 510 3400 auctore,
532 3343 597 3391 unde
615 3356 653 3389 ac·
699 3338 805 3387 Paullus
821 3341 922 3388 aniame
932 3340 1171 3401 nroqnoeprodiqus.
1197 3339 1246 3387 Nc-

103 3423 224 3485 eeperint.
256 3423 340 3484 Quare
357 3422 490 3483 legendum
507 3420 655 3484 putariquu
698 3434 747 3482 que
772 3418 817 3466 hoc
841 3417 902 3466 milri
924 3419 958 3466 sic
980 3415 1114 3464 affirmanti
1138 3417 1246 3479 aliquem

103 3504 143 3550 alc
158 3505 270 3560 voluere,
293 3509 438 3563 ecorrupto
455 3500 480 3548 in
498 3500 576 3550 Cadd.
595 3501 654 3563 quio
698 3499 797 3547 credere
812 3497 893 3545 velim.
911 3497 968 3560 Ipse
984 3497 1054 3557 legat
1071 3495 1246 3556 Claudianum,

104 3588 129 3629 et
146 3596 218 3643 quoe.
250 3580 321 3629 Idem
338 3579 440 3628 coniecit
457 3579 654 3641 Oudendorpius.
699 3584 752 3624 tum
779 3575 934 3639 Virgilium,
967 3575 1072 3638 denique
1104 3575 1245 3624 Horatium.

104 3659 264 3721 Ubicumque
281 3665 413 3721 tempestas
430 3657 508 3716 furat,
526 3673 576 3720 qua
593 3656 654 3706 Cas·
700 3654 808 3712 Sentiet,
825 3656 898 3719 idque
915 3655 1003 3703 melius
1020 3670 1095 3717 quam
1112 3656 1192 3704 verbis
1206 3657 1246 3704 de·

104 3744 170 3787 tores
191 3737 227 3786 sic
249 3738 347 3796 volunt,
368 3737 475 3785 sedatur.
509 3738 544 3786 Et
569 3737 654 3785 adver-
699 3736 789 3785 clarari
805 3737 893 3798 possit,
910 3734 992 3782 locum
1010 3735 1070 3782 adeo
1083 3735 1201 3782 eximium
1215 3750 1246 3782 ex

104 3817 175 3865 bium
200 3816 249 3865 loci
269 3815 344 3865 simul
362 3821 459 3879 tempus
475 3814 654 3877 complectitur.
699 3814 813 3863 Romana
842 3814 942 3862 historia
967 3820 1017 3860 tam
1043 3813 1198 3875 negligenter
1222 3819 1247 3859 et

105 3895 180 3946 Ovid.
198 3895 247 3945 XI.
264 3896 368 3944 Metam.
385 3895 442 3943 432.
459 3895 489 3942 de
499 3894 592 3954 Aeolo,
613 3895 655 3957 qui
698 3892 779 3942 ieiune
796 3894 826 3941 ab
842 3892 947 3941 Horatio
960 3891 1060 3939 tractari
1071 3905 1120 3938 non
1132 3892 1245 3953 potuisse.

108 3977 213 4024 Carecre
230 3975 316 4038 sortes
343 3975 473 4023 (batineut
493 3978 592 4034 ventos,
617 3979 654 4033 et,
698 3973 751 4021 Nec
768 3987 827 4020 sane
842 3970 959 4018 orationis
976 3984 1074 4027 cursus,
1097 3969 1118 4015 si
1134 3974 1247 4016 accurate

104 4071 162 4104 curn
179 4056 254 4113 velit,
270 4069 380 4115 aequora
392 4055 484 4114 placet.
509 4049 576 4100 ‘Pria
588 4055 652 4114 apud
698 4051 848 4113 perpendas,
864 4056 901 4098 est
917 4049 995 4097 facilis
1010 4054 1053 4096 aut
1063 4046 1193 4102 iucundus,
1204 4048 1246 4094 sed

105 4134 205 4182 Hesiod.
231 4134 359 4195 Theogon.
380 4133 437 4180 253.
477 4130 653 4194 Cymodocell
698 4143 742 4192 per
758 4128 866 4176 salebras
883 4134 907 4175 et
923 4128 1011 4190 longas
1024 4126 1141 4185 ambages
1153 4131 1245 4186 protra·

105 4210 192 4277 κύματ’
218 4212 246 4260 ἐν
271 4209 386 4277 ἠεροειδέϊ
408 4210 495 4273 πόντῳ
512 4210 611 4267 Πνοιάς
628 4228 654 4260 τε
698 4206 884 4265 ctus,taedium
896 4207 967 4269 parit.
985 4206 1068 4267 Quam
1079 4204 1165 4252 nititur
1176 4207 1248 4267 puta

105 4289 205 4346 labium
222 4289 324 4356 ἀνέμων
335 4289 403 4338 ‘Pria
416 4288 528 4353 πρηΰνει.
559 4290 652 4338 Theod.
699 4295 723 4336 et
739 4302 838 4336 sursum
855 4288 969 4334 deorsum
988 4288 1081 4348 agitur,
1099 4291 1127 4332 ut
1144 4285 1174 4331 ad
1192 4285 1246 4332 Au·
