2916 5220
550 332 723 395 LIBER
772 333 795 393 l.

428 557 675 623 CARMEN
721 555 918 621 XXXVIII.

282 716 438 795 Persicos
463 726 534 810 odi,
558 749 656 812 puer,
681 732 875 812 apparatae,

284 830 471 918 Displicent
494 852 596 895 nexae
618 829 749 916 philyra
772 850 907 894 coronae
914 856 922 904 ;

283 937 381 1002 Mitte
405 934 540 1017 sectari,
565 956 639 1000 rosa
662 956 726 1019 quo
749 933 895 998 locorunr

373 1040 451 1106 Sera
473 1044 626 1104 moretur.

285 1141 436 1228 Simplici
459 1146 566 1226 myrto
589 1140 673 1205 nihil
696 1140 855 1206 allabores

283 1245 424 1312 Sedulus
448 1266 539 1310 curo:
565 1266 670 1329 neque
694 1249 726 1309 te
749 1243 939 1309 ministrum

283 1349 427 1414 Dedecet
449 1352 597 1431 myrtus,
621 1368 728 1432 neque
750 1368 803 1410 mc
827 1346 888 1410 sub
911 1353 982 1411 arta

371 1450 449 1516 Vite
472 1450 648 1514 bibentem.

210 1669 363 1720 CARpfflN
382 1668 542 1718 XXXVIH.
692 1654 735 1689 aaa
756 1654 885 1703 quaerere,
907 1655 971 1703 quae
990 1655 1040 1688 noo
1064 1640 1116 1687 cisi
1138 1644 1242 1701 peracto

692 1734 749 1768 vere
764 1721 842 1768 solem
858 1719 976 1767 inveniri.
1003 1719 1076 1778 Sera,
1093 1717 1172 1765 tarda.
1192 1717 1241 1767 Ut:

137 1764 264 1851 Carmen
280 1800 421 1863 argumenti
438 1804 490 1846 tam
506 1797 581 1855 levis,
599 1803 651 1846 tan-
693 1800 823 1848 Aestatem
838 1798 994 1860 increpitam
1010 1811 1100 1846 ceram,
1133 1796 1242 1856 Versus,

102 1885 144 1928 tae
157 1878 292 1937 brevitatis,
303 1885 431 1941 praetcrea
447 1875 566 1939 scriptum
577 1890 653 1939 puero
693 1891 768 1938 quem
789 1877 886 1935 laudat,
909 1882 947 1924 est
963 1875 1068 1938 Virgilii
1085 1875 1132 1924 1v.
1150 1875 1241 1938 Georg.

101 1958 226 2014 ministro,
239 1956 369 2006 Voltarius
381 1970 479 2019 quoque
488 1955 653 2019 reprehendit.
696 1954 750 2004 134.
783 1957 892 2004 Primus
911 1971 968 2004 cere
988 1970 1071 2004 rosam
1098 1961 1173 2017 atque
1197 1970 1241 2003 oo·

101 2038 162 2086 Non
183 2037 243 2085 satis
266 2035 366 2099 quidem
389 2035 478 2084 Latine
499 2033 603 2092 sciebat,
624 2041 653 2081 ut
693 2038 792 2084 etumno
808 2049 912 2096 carpere
926 2050 1001 2097 ponis
1014 2061 1046 2070 -
1061 2037 1191 2083 Aestatem
1206 2036 1242 2083 irr-

101 2117 133 2164 de
150 2115 302 2178 praestantia
318 2121 431 2163 veterum
447 2114 576 2176 poetarum
590 2127 651 2162 sern-
693 2114 821 2176 crepitans
831 2128 913 2162 aeram
922 2115 1096 2176 Zephyrosque
1109 2120 1242 2163 irrorantes.

100 2209 147 2258 per
169 2200 194 2243 et
212 2194 303 2257 ubique
319 2207 377 2242 vore
394 2192 503 2240 iudicare
519 2199 611 2256 posset,
628 2200 653 2242 et
693 2191 781 2242 Cicero
796 2193 830 2243 V.
848 2194 874 2242 in
890 2193 965 2243 Verr.
994 2193 1030 2242 10.
1067 2191 1132 2241 Cam
1157 2199 1243 2242 autem

100 2273 158 2336 qnia
182 2276 277 2336 potest?
298 2271 366 2319 haud
387 2285 444 2319 raro
464 2276 548 2320 tamon
568 2278 593 2320 et
609 2272 652 2322 ille
692 2287 735 2320 ver
751 2287 803 2321 esse
823 2277 950 2334 coeperat,
975 2273 1046 2320 cuius
1069 2273 1174 2321 initium
1197 2275 1244 2323 ute

100 2358 127 2399 et
143 2350 237 2399 similes
253 2351 275 2399 ei
290 2351 393 2409 Franci,
410 2365 460 2413 qna
479 2356 538 2399 sunt
559 2351 652 2413 ingenii
692 2367 742 2400 oon
758 2367 775 2400 a
792 2352 912 2411 Favonio,
929 2366 1006 2413 neque
1022 2353 1054 2399 ab
1070 2352 1155 2413 aliquo
1171 2358 1242 2401 astro

100 2429 241 2492 elegantia,
266 2429 359 2492 aliquid
384 2429 505 2486 sentiunt,
523 2429 591 2493 quod
612 2429 652 2478 vel
692 2431 809 2486 notabat,
827 2430 871 2478 aad
885 2443 942 2477 cum
958 2443 1041 2478 rosam
1057 2431 1168 2490 videat,
1183 2435 1244 2479 tunc

100 2509 279 2558 eruditissimos
295 2508 408 2557 homines
427 2507 499 2570 fugit.
534 2507 562 2557 Si
578 2508 650 2556 soire·
692 2508 802 2570 incipere
817 2523 860 2556 ocr
871 2509 1056 2556 arbitrabatur.
1085 2507 1174 2556 Luxus
1185 2510 1243 2571 poni

101 2602 171 2645 mus,
188 2587 290 2651 quando
315 2593 340 2635 et
364 2600 441 2650 quare
457 2584 578 2633 Horatius
600 2586 651 2632 sin·
693 2587 756 2635 solet
772 2587 799 2634 in
815 2585 896 2650 prima
906 2587 1023 2635 novitate.
1058 2586 1206 2635 Laudentur
1217 2595 1242 2637 et

101 2666 165 2729 gula
180 2665 292 2714 earmina
307 2663 494 2726 composuisset,
515 2663 597 2711 multa
612 2663 649 2711 in·
693 2677 763 2712 rosae
780 2666 910 2723 uaccae,
929 2663 1001 2712 flores
1019 2665 1096 2713 aliem
1112 2667 1243 2728 temporis,

100 2745 209 2793 cundius
232 2745 377 2807 legeremus.
411 2742 467 2792 Hoc
491 2743 606 2806 quidem,
631 2743 652 2791 si
693 2748 721 2789 nt
743 2742 802 2790 dicit
822 2743 843 2791 Ι.
861 2742 996 2806 capitolin.
1012 2743 1038 2791 in
1055 2743 1124 2792 Vero
1141 2745 1164 2792 lc
1182 2744 1242 2793 Vid.

100 2823 222 2873 Horatius
237 2823 345 2886 scripsit,
362 2822 401 2871 edi
417 2827 483 2871 certo
499 2821 585 2870 noluit.
693 2821 795 2886 interpr.
812 2823 844 2871 ad
864 2824 932 2872 Flor.
957 2824 993 2872 11.
1020 2825 1044 2874 8.
1087 2824 1137 2874 Sed
1163 2840 1244 2888 nequo

135 2900 652 2964 nisttmaariaomqaolocorummra
692 2907 791 2965 myrtus
815 2917 897 2966 neque
921 2907 983 2953 citio
1007 2904 1110 2953 hiberno
1134 2911 1244 2968 tempora

100 2987 222 3030 moretur.
265 2981 339 3030 Mitte
364 2980 453 3030 sectari
478 2993 573 3038 rosam,
602 2994 652 3043 quo
693 2981 799 3042 gratiam
809 2981 909 3030 habent.
943 2981 1062 3030 Incidunt
1073 2983 1099 3031 in
1111 2997 1178 3030 rosus
1190 2999 1242 3033 oer-

95 3057 215 3106 locorum
231 3062 348 3106 moretur.
364 3057 395 3106 P.
407 3058 579 3108 Brantsmain
591 3059 651 3123 Spe
692 3074 752 3117 nac,
769 3075 818 3109 non
835 3059 862 3107 in
879 3059 994 3108 bibemos
1010 3067 1035 3109 et
1052 3067 1105 3111 arte
1122 3068 1226 3112 coactas.

101 3137 159 3186 cim.
176 3137 297 3186 observat.
315 3151 367 3201 cap.
385 3138 409 3186 3.
426 3137 488 3201 legit
504 3140 595 3188 scitari
610 3138 651 3187 vel
727 3141 843 3202 Simplici
853 3138 947 3202 'myrto
967 3141 1033 3187 nibil
1055 3140 1178 3189 attoiorea
1196 3143 1241 3190 Sc·

100 3219 221 3267 scrutari.
254 3217 341 3266 Minus
357 3217 495 3280 eleganter,
506 3232 583 3280 quam
598 3218 651 3266 vul·
692 3219 852 3268 dormiero.
877 3217 961 3266 Bentl.
978 3217 1043 3265 nihil
1058 3218 1181 3266 ailabmea
1200 3221 1242 3268 Se·

101 3296 540 3360 gammsymmachuvnpisess
557 3299 653 3347 Omitte
692 3297 867 3354 delimare.
902 3295 934 3342 In
954 3294 1012 3344 MS.
1029 3294 1132 3343 Montel.
1150 3296 1244 3359 legitur

98 3376 196 3424 sectori
209 3390 257 3436 per
272 3375 531 3439 natarcmsociliorc.
551 3375 650 3426 Inus,
692 3391 775 3424 curce.
809 3374 884 3423 Unde
900 3374 1006 3436 corrigo:
1026 3374 1144 3435 Simplici
1160 3381 1244 3437 cuprio

100 3451 226 3503 D'Orvill.
249 3461 297 3503 est:
317 3471 365 3518 qao
386 3460 497 3504 moretur
514 3469 572 3504 sera
588 3458 649 3505 loco·
692 3455 759 3502 nibil
777 3455 908 3503 allaboret.
943 3455 1063 3504 Scrinium
1079 3468 1244 3518 caraeoeqae

100 3546 166 3580 rum.
201 3531 306 3581 Suetnm
326 3534 438 3583 ordinem
458 3538 542 3582 servat
562 3533 649 3583 Victo·
693 3538 718 3582 tc
733 3533 880 3581 orinistrum
905 3532 1012 3582 Dedecet
1033 3539 1145 3594 cuprius,
1166 3548 1244 3596 neque

101 3610 148 3658 rin.
165 3624 222 3673 pag.
243 3612 317 3660 2604
350 3612 419 3661 Rosa
437 3627 496 3661 cera
517 3612 651 3676 accipiatur
691 3625 728 3674 sq.
752 3612 819 3660 .Non
835 3625 897 3675 opus
914 3618 951 3660 est
967 3610 1012 3660 tibi
1028 3625 1074 3660 nec
1090 3610 1152 3659 mihi
1163 3611 1243 3661 multo

100 3689 132 3738 de
146 3690 251 3751 primic,
275 3704 326 3739 non
352 3691 383 3740 de
408 3692 525 3740 hibernia
560 3691 602 3741 Sic
626 3696 652 3739 et
692 3690 781 3739 florum
797 3697 894 3740 ornatu.
928 3691 965 3741 Te
987 3697 1085 3753 myrtus
1107 3696 1131 3739 ot
1152 3691 1242 3740 seduli·

101 3767 247 3819 Comment:
265 3773 363 3820 “Vetat
371 3785 481 3834 puerum
491 3771 602 3820 studiose
611 3784 650 3819 ro·
692 3776 730 3818 tas
747 3771 805 3819 satis
821 3776 918 3819 ornant.
