2916 5220
551 298 724 362 LIBER
770 301 796 362 Ι.

296 481 366 560 Quo
389 482 487 547 bruta
510 482 609 547 tellus
642 489 675 548 et
698 505 782 568 vaga
803 483 959 568 flumina,

291 581 362 664 Quo
387 586 470 669 Styx
496 590 530 651 et
552 585 652 652 invisi
678 586 810 651 horrida
832 588 966 654 Taenari

336 689 435 755 Sedes
458 688 701 774 Atlanteusque
724 689 801 755 finis

379 793 581 860 Concutitur.
629 793 728 858 Valet
751 793 818 858 ima
842 796 983 861 summis

290 897 434 980 Mutare,
460 902 493 962 et
515 896 681 982 insignem
704 904 856 965 attenuat
880 901 988 983 Deus,

108 1053 187 1104 verba
195 1053 335 1104 comment.
345 1051 422 1114 Cruq.
432 1050 657 1112 “qaimnmna-
734 1053 790 1110 Quo
806 1053 884 1100 truta
901 1053 987 1110 tellure,
1005 1059 1030 1102 et
1046 1069 1111 1116 eope
1121 1053 1243 1116 fluorina.

108 1131 158 1182 nilo
173 1135 239 1184 coelo
256 1139 345 1181 tonare
363 1131 402 1181 cel
422 1144 553 1180 coruscare
569 1127 656 1177 ealea‘·
699 1128 769 1179 Serv.
787 1130 862 1180 aux.
874 1131 940 1180 Aen.
953 1131 1006 1181 loa.
1018 1131 1103 1181 habet:
1121 1134 1161 1181 Et
1168 1135 1246 1182 bruta

108 1210 246 1262 Praeterea
261 1212 374 1261 laudavit
389 1211 532 1260 Varronem
547 1209 574 1256 in
590 1208 658 1270 Iege
698 1211 779 1258 tollae.
809 1209 893 1273 Culpa
908 1210 1074 1260 librariorum.
1100 1210 1246 1261 Oudendor-

108 1291 219 1348 Moenia,
236 1291 302 1353 apud
318 1290 438 1340 Nonium.
456 1291 510 1339 Noe
527 1289 658 1337 admirare·
698 1286 753 1350 pius
770 1289 794 1337 h.
811 1291 829 1338 l.
851 1290 977 1352 epitheton
993 1307 1056 1354 cupa
1077 1291 1198 1355 exemplis
1214 1291 1246 1339 il-

110 1370 418 1432 teeqnodeerenolumim
431 1368 659 1425 Teaniseet,ocalia
698 1367 827 1424 lustravit,
844 1369 1033 1432 emendavitque
1059 1370 1103 1420 Sil.
1121 1370 1179 1420 Ital.
1196 1370 1245 1419 IV.

109 1445 548 1510 coelimmaatespluqaaBentleius
561 1446 658 1494 eosdem
699 1447 738 1495 59.
765 1448 901 1496 Debellata
914 1451 1244 1512 procul,qaaecumqnevo·

109 1541 199 1576 versus
214 1525 297 1582 affert,
309 1532 334 1575 ct
349 1525 411 1588 legit
422 1525 519 1575 rimari.
536 1524 658 1575 Burman.
699 1530 793 1573 cantur
809 1527 900 1576 Iberis.
933 1525 1020 1588 Legit:
1041 1542 1189 1590 qrmcunque
1204 1542 1246 1575 aa·

109 1620 211 1669 quoque
232 1605 263 1654 ad
285 1605 396 1655 Petronii
419 1605 503 1669 Satyr.
524 1619 581 1668 pag.
602 1604 659 1656 677.
699 1609 777 1666 patus·
795 1605 893 1655 Item.

110 1686 196 1733 locum
222 1685 321 1734 Horatii
348 1688 383 1733 sic
412 1682 554 1746 distinguit,
579 1683 660 1731 minus
733 1685 863 1748 Insignem
879 1691 997 1735 attenuat
1014 1683 1247 1748 Deanuiaprae-

111 1770 178 1813 recte
194 1771 280 1813 tamen
295 1769 400 1827 putans,
410 1762 544 1811 Horatium
560 1761 661 1813 irridere
701 1763 792 1813 cedant
807 1767 872 1824 imo,
883 1780 993 1820 sumnia,
1010 1771 1035 1813 et
1046 1764 1129 1813 statim
1140 1778 1247 1828 sequun-

110 1858 241 1906 augurum
262 1843 415 1906 disciplinam
437 1842 477 1891 vel
495 1841 601 1899 Stoicos,
618 1839 662 1903 qui
702 1848 744 1889 tur
761 1844 877 1902 obecnra,
894 1845 977 1892 minus
993 1843 1120 1907 eleganter
1131 1843 1172 1893 hic
1186 1843 1248 1906 legi·

111 1923 159 1972 hoc
176 1929 326 1986 argumento
342 1920 661 1985 Epicureosadagnosoen·
702 1928 743 1970 tur
767 1923 896 1985 inmanem.
922 1922 983 1971 Ideo
1003 1922 1132 1973 Bentleius
1149 1922 1248 1971 volebat

111 2003 170 2051 dam
191 2001 304 2051 Deorum
324 1999 505 2063 providentiam
527 1998 662 2060 perducere
702 2003 805 2063 incipere.
823 2001 949 2065 Guningh.
965 2001 1248 2065 insipaia,quodvaldc

110 2080 275 2131 conabantur.
303 2079 414 2128 Fuhnen
430 2084 454 2125 et
470 2076 576 2134 tonitru,
592 2090 661 2139 prae·
702 2080 815 2143 placebat
832 2079 1015 2144 Oudendorpio.
1040 2081 1075 2130 Et
1091 2081 1153 2129 talia
1169 2081 1249 2129 solent

111 2158 185 2222 cipue
209 2158 303 2216 subita,
324 2163 348 2206 et
373 2157 473 2206 omnino
496 2170 535 2204 res
559 2155 586 2204 in
610 2156 662 2204 vita
702 2160 728 2208 in
754 2167 843 2209 neutro
874 2159 968 2223 plurali
992 2159 1086 2217 efferri,
1119 2165 1149 2208 ut
1173 2159 1248 2208 etiam

82 2270 88 2281 .
112 2253 202 2302 graves
219 2244 244 2288 et
260 2239 442 2302 inexspectatae
458 2237 552 2285 animos
567 2236 659 2285 Roma·
703 2239 804 2289 Graece.
830 2238 960 2302 Aristoph.
993 2238 1144 2303 Lysistrata:
1169 2241 1202 2288 τὰ
1227 2237 1248 2285 δ’

112 2334 218 2378 norum,
243 2318 318 2368 etiam
343 2317 451 2366 maxime
472 2316 568 2374 firmOS,
593 2323 662 2365 metu
704 2317 827 2384 ὑπέρτερα
843 2317 946 2384 νέρτερα
967 2316 1041 2377 θήσει
1062 2318 1123 2375 Ζεὺς
1142 2315 1248 2380 ὑψιβρὲ-

113 2400 228 2448 Deorum
235 2397 379 2460 implebant.
389 2395 491 2446 Sueton.
500 2395 612 2457 August.
621 2394 661 2442 90.
702 2396 785 2461 ptr-nc.
812 2395 901 2458 Eurip.
918 2395 985 2458 apud
1000 2396 1130 2445 Plutarch.
1148 2394 1248 2444 Consol.

114 2481 248 2540 Ampreutae
270 2479 385 2526 tonitrua
405 2483 430 2525 et
445 2476 557 2539 sulpura
576 2479 663 2539 paullo
703 2475 822 2537 Apollon.
840 2473 899 2520 Vol.
918 2472 938 2520 I.
956 2487 1013 2535 pag.
1025 2475 1081 2522 413.
1104 2474 1250 2537 Μικρότατα

113 2556 243 2619 infirmius
259 2557 450 2618 expavescebat,
472 2559 502 2601 ut
524 2570 621 2618 semper
638 2561 664 2604 et
704 2555 736 2602 τὰ
755 2554 912 2619 σφάλλοντα.
932 2554 973 2602 καὶ
990 2551 1024 2617 μί’
1041 2551 1120 2616 ἡμέρα
1150 2554 1187 2599 Τὰ
1203 2554 1250 2616 μὲν

114 2636 206 2697 ubique
222 2637 314 2697 pellem
339 2635 416 2684 vituli
440 2634 534 2681 lazarini
559 2635 662 2682 eircum-
703 2634 817 2683 καθεῖλεν
834 2631 940 2698 ὑψόθεν,
960 2634 993 2681 τὰ
1013 2630 1034 2681 δ’
1049 2630 1089 2696 ἦρ’
1106 2631 1168 2679 ἅνω.
1194 2631 1249 2679 Liv.

108 2712 196 2774 semet
212 2729 259 2775 pro
275 2714 395 2762 remeda'o:
418 2718 494 2774 utque
514 2714 548 2760 ad
568 2728 663 2761 coenem
703 2712 738 2761 Π.
748 2714 770 2761 9.
791 2711 1119 2776 Aequarieammninfinu'e.
1131 2709 1250 2758 XXXII.

115 2792 220 2840 stratoria
237 2793 393 2852 tempestatis
407 2792 572 2854 suspicionem
583 2793 610 2841 in
622 2793 662 2839 ab·
703 2793 727 2843 7.
749 2794 957 2842 Transcendendo
973 2793 1176 2849 media,enmnm
1192 2793 1251 2839 ioris

115 2871 198 2917 dmum
214 2876 238 2918 et
255 2875 454 2919 concameratum
465 2871 545 2919 locam
560 2885 586 2918 ae
601 2871 661 2919 reci·
704 2873 857 2920 continuare.
876 2871 966 2920 Manil.
982 2870 1032 2919 IV.
1050 2871 1090 2918 91.
1113 2869 1164 2918 Sed
1179 2872 1252 2933 rapit

113 2953 194 3010 peret.
219 2948 289 2997 Idem
298 2948 328 2997 de
339 2947 457 3010 Caligula
465 2949 504 2998 51.
530 2950 583 3007 Qui
596 2951 664 3000 Deos
704 2966 734 2999 ex
757 2957 856 3014 sceptro
874 2951 961 3012 fanus
988 2953 1106 3000 Fortuna
1131 2952 1251 3012 superbo,

117 3033 247 3090 tantopere
262 3033 444 3088 contemneret,
457 3031 492 3078 nd
506 3030 612 3077 minima
628 3034 663 3077 to·
706 3030 858 3093 inducitque
875 3045 961 3091 rapum
977 3031 1094 3087 samoris,
1111 3030 1252 3090 statuitque

117 3106 208 3154 aitrau
224 3113 248 3155 et
259 3107 522 3169 falpnrnconnicere,
538 3110 662 3170 caputet·
704 3109 852 3170 repuleram.
888 3107 967 3156 Tacit.
984 3107 1032 3155 IV.
1050 3106 1117 3154 Hist.
1136 3107 1175 3157 47.
1199 3110 1251 3155 Do·

117 3186 223 3245 volvere,
244 3188 279 3234 ud
297 3202 354 3235 vero
375 3188 472 3235 uaniora
489 3188 620 3249 proripere
639 3201 664 3235 se
704 3192 819 3235 cmnento
829 3188 953 3235 instabilis
963 3188 1099 3246 Fortunae,
1108 3200 1253 3247 eurrnnuqne

117 3269 229 3313 τείνατο
249 3268 295 3314 aab
312 3267 450 3328 lectamque
466 3268 610 3315 conderem
627 3281 664 3314 eo·
703 3269 729 3311 et
748 3265 800 3311 ima
820 3267 952 3314 miecentia
987 3263 1081 3313 Seneca
1100 3265 1173 3312 Herc.
1196 3262 1251 3313 Oct.

117 3345 193 3392 lebat.
218 3343 327 3407 Elegans
343 3345 487 3407 exemplum
507 3351 618 3394 mutatae
634 3345 664 3392 de
704 3342 761 3392 714.
782 3344 837 3391 Hor
854 3345 944 3391 habeat
961 3358 1052 3404 rnnpna
1068 3343 1160 3390 eritne.
1184 3344 1251 3393 Plin.

118 3421 175 3471 Diis
185 3422 321 3472 sententiae
335 3430 372 3473 est
383 3425 449 3487 apud
461 3423 590 3474 Plutarch.
608 3424 663 3474 Vit.
705 3421 801 3485 Paneg.
819 3423 859 3469 44.
888 3421 974 3479 Quam
991 3422 1117 3469 altissima
1142 3437 1253 3484 quaeqae

119 3501 219 3552 caesar.
228 3503 268 3552 66.
281 3503 405 3552 Narratur
414 3503 524 3561 Cassius,
532 3504 599 3552 brevi
607 3510 664 3552 ante
705 3506 879 3564 quaterentur,
900 3502 952 3557 tic,
973 3501 1017 3564 pai
1039 3502 1152 3548 omnibns
1173 3504 1250 3550 excel·

119 3597 205 3633 necem
213 3582 461 3642 Caesaris,oculosin
471 3589 579 3631 statuam
589 3585 663 3631 Pom·
704 3584 765 3643 aior,
781 3584 941 3632 inconcussae
957 3583 1037 3631 stetit.
1054 3581 1140 3630 Rutil·
1148 3582 1207 3631 Itin.
1216 3582 1251 3630 11.

118 3661 382 3726 peueonvertisse,eat
392 3663 564 3711 ἐπικαλεῖσθαι
572 3664 664 3727 σιωπῇ,
706 3662 745 3711 44.
783 3662 900 3711 Crudelis
916 3663 1020 3710 anornnia
1032 3662 1135 3711 miscuit
1148 3661 1252 3725 irnafu·

119 3740 209 3805 καίπερ
225 3742 271 3791 οὐκ
290 3741 428 3806 ἀλλότριον
448 3745 500 3791 τῶν
516 3741 665 3806 Ἐπικούρου
705 3755 755 3790 ror.
774 3741 859 3791 Sidon.
877 3740 991 3804 Apollin.
1009 3740 1072 3789 VII.
1088 3738 1172 3789 Oarm.
1199 3740 1252 3789 125.

119 3819 213 3884 λόγων.
236 3818 307 3867 Ἀλλ’
324 3819 337 3868 ὁ
354 3821 452 3884 καιρὸς,
465 3821 499 3879 ὡς
514 3821 602 3883 ἔοικεν,
617 3821 665 3881 ἤδη
707 3821 756 3869 Sui
780 3821 845 3868 celsa
873 3821 989 3868 laborant
1013 3832 1116 3880 semper.
1150 3816 1254 3866 Curtius

120 3900 166 3948 τοῦ
183 3898 264 3948 δεινοῦ
282 3904 459 3964 παρεστῶτος,
483 3900 667 3965 ἐνθουσιασμὸν
706 3898 783 3948 VIII.
804 3899 828 3947 8.
856 3899 960 3946 Smmna
984 3897 1042 3944 imm
1066 3895 1252 3957 confundemur.

120 3977 230 4026 ἐνεποίει
242 3979 284 4026 καὶ
298 3978 383 4037 πάθος
401 3978 459 4028 ἀντὶ
474 3983 526 4029 τῶν
537 3977 666 4045 προτέρων
706 3978 794 4027 Boeth.
812 3975 913 4026 Consul.
930 3974 997 4023 Phil.
1015 3974 1051 4023 11.
1068 3974 1093 4021 2.
1114 3975 1207 4021 Rotam
1215 3989 1254 4022 vo·

119 4057 257 4122 λογισμῶν.
275 4057 324 4107 Cui
340 4056 428 4107 similis
438 4057 547 4106 Avidius
558 4056 666 4115 Cassius,
707 4058 780 4105 leitila¹
795 4057 852 4104 orbe
868 4068 1003 4103 cersonam.
1029 4052 1127 4116 Infima
1141 4053 1253 4106 enormia,

119 4136 174 4198 qui,
192 4141 254 4185 teste
264 4136 385 4185 Vulcatio
394 4136 525 4186 Gallicano
536 4136 563 4184 in
571 4137 634 4185 Vita
642 4138 666 4186 8.
706 4151 804 4184 eumnm
816 4134 910 4199 infimis
922 4138 1022 4183 nectare
1033 4133 1176 4195 pandemus.
1194 4130 1255 4179 For·

120 4221 178 4264 erat
194 4230 268 4279 saepe
284 4218 425 4279 relipiosum
448 4218 516 4266 aliua
532 4223 668 4266 contenitur
707 4223 771 4265 tasse
792 4228 879 4263 verum
899 4218 949 4271 est,
969 4212 1035 4275 quod
1056 4213 1081 4261 iu
1099 4210 1160 4260 eon.
1178 4210 1253 4273 Regi-

121 4309 259 4344 eucraram.
707 4294 777 4344 nensi
793 4307 839 4355 pro
856 4292 925 4340 varia
941 4291 1045 4340 loctionc
1061 4289 1198 4351 invenitur,
1216 4293 1255 4338 ia-
