2916 5220
583 309 758 373 LIBER
804 308 867 371 III.

341 500 408 565 Sub
432 519 507 582 rege
531 497 628 561 Medo
652 496 780 560 Marsus
805 502 838 559 et
860 494 1006 578 Apulus,

338 601 544 666 Anciliorum
569 605 602 663 et
626 598 768 662 nominis
793 603 825 661 et
848 602 944 680 togae

160 764 246 821 rogat:
266 757 410 814 “Quomodo
427 756 452 803 in
470 767 608 802 socerorum
626 753 708 809 armis,
750 753 864 812 elisitque
887 765 918 797 ne
942 751 1097 797 destinatum
1121 751 1170 798 iter
1193 755 1297 812 peteret,

156 842 181 888 si
204 839 251 887 sub
270 852 326 898 repe
342 836 419 885 Medo
442 837 534 884 eram?
570 834 645 883 Certe
661 846 709 880 non
750 829 863 877 Eandem
880 842 932 877 rem
950 828 1089 877 accuratius
1106 835 1191 877 narrat
1207 829 1298 877 Florus

156 915 249 975 soceri,
274 917 318 964 sed
342 930 388 963 reo:
411 916 466 975 ipse
490 913 612 961 militibus
636 926 710 959 arma
750 908 797 957 N.
827 909 863 956 10.
907 909 979 957 Unus
1003 922 1034 955 err
1059 908 1130 956 clade
1157 909 1298 958 Crassiana

156 993 348 1041 oiinutrabat.”
390 993 473 1041 Arma
498 1004 639 1039 socerorum
663 989 707 1036 ho·
752 988 875 1036 Parthico
897 987 986 1034 habitu
1002 986 1095 1034 eastris
1113 988 1256 1049 adequitat,
1272 993 1298 1036 et

156 1070 236 1119 stium
258 1078 329 1128 sunt,
355 1086 419 1134 quac
440 1071 517 1118 soceri
541 1073 710 1132 gestaverant,
749 1069 832 1115 salute
849 1067 942 1114 Latine
962 1067 1036 1122 data,
1057 1080 1134 1127 quum
1147 1065 1228 1127 fidem
1244 1068 1298 1128 ipso

157 1151 243 1213 qualia
260 1150 392 1213 gestabant
409 1157 433 1199 et
446 1150 577 1198 habehant.
603 1149 711 1197 Romani
750 1147 870 1205 dedisset,
880 1147 941 1207 quid
951 1147 1105 1203 immineret,
1116 1149 1221 1196 edocuit.
1242 1145 1297 1193 Iam

157 1237 232 1279 erant
256 1231 346 1279 armati
370 1237 395 1279 et
416 1231 499 1278 vestiti
518 1243 586 1278 more
607 1228 709 1277 Partho.
750 1225 793 1273 ille
809 1225 937 1273 Romanus
959 1226 985 1272 in
1002 1226 1121 1277 Parthico
1141 1226 1228 1275 habitu
1249 1228 1296 1274 mi-

157 1308 205 1360 Nil
222 1308 298 1358 refert
315 1309 438 1372 quomodo
453 1308 515 1356 haec
531 1321 602 1355 arma
614 1321 710 1369 accepe-
750 1304 839 1353 litabat
855 1304 901 1352 sub
918 1319 976 1367 rege
992 1307 1080 1365 Medo,
1099 1305 1125 1352 in
1142 1306 1216 1353 armis
1233 1319 1297 1353 soce-

156 1387 218 1434 rint.
253 1387 331 1436 Tacit.
359 1387 422 1436 XII.
450 1386 546 1436 Annal.
570 1385 607 1434 16.
646 1386 710 1434 Tum
750 1397 835 1431 rorum
858 1383 966 1432 hostium
988 1382 1175 1433 consenescebat
1196 1388 1221 1431 et
1238 1397 1296 1431 con-

156 1468 294 1528 coraposito
304 1467 402 1528 aporiae
412 1467 543 1515 incedunt:
559 1467 632 1513 ouius
635 1463 711 1527 fron·
750 1467 790 1508 tra
814 1462 941 1510 Romanos
965 1461 1053 1509 stabat.
1097 1462 1145 1512 Sed
1175 1462 1297 1510 illustrius

157 1549 210 1592 tem
230 1551 255 1592 et
274 1551 345 1608 terpa
367 1546 472 1603 Adorei,
498 1545 580 1592 inedia
600 1546 711 1593 cohortes
751 1548 787 1590 est
808 1541 912 1589 Labieni
939 1540 1088 1602 exemplum.
1126 1541 1187 1599 Hic,
1213 1542 1298 1589 audito

156 1629 184 1671 et
209 1622 350 1686 Bosporani
376 1625 541 1681 tutabantur,
566 1624 659 1670 nostris
683 1624 711 1670 in
751 1620 859 1668 Brutum
875 1625 900 1667 ct
917 1618 1031 1669 Cassium
1052 1633 1104 1668 esse
1125 1620 1214 1679 victos,
1236 1621 1297 1669 dum

157 1704 246 1751 armis.
263 1703 315 1752 Ubi
325 1709 390 1750 recte
401 1701 501 1764 Lipsius
512 1699 631 1762 explicat:
644 1700 710 1748 “Ro-

157 1796 235 1829 mano
251 1782 303 1829 ritu
318 1782 451 1829 instructos
468 1779 639 1841 armatosque”
663 1780 708 1826 nri-

157 1874 209 1907 nus
225 1866 291 1908 recte
307 1862 336 1907 in
352 1859 425 1908 delet.
442 1856 535 1920 Virgil.
549 1857 599 1904 ΙΙΙ.
618 1856 708 1919 Georg.

158 1939 219 1986 346.
253 1940 311 1987 Non
327 1953 397 1988 secus
415 1954 444 1987 ao
459 1938 555 1999 patriis
574 1938 644 1985 miles
658 1939 709 1986 Ro·

157 2032 251 2065 manus
272 2017 300 2064 in
317 2019 404 2064 aruris.
425 2016 476 2064 111.
493 2017 558 2065 Aen.
577 2015 633 2062 595.
673 2017 709 2062 Ut

156 2097 298 2157 quondam,
319 2096 416 2158 patriis
436 2096 471 2143 ad
493 2096 596 2142 Troiam
618 2095 709 2142 missus

157 2174 292 2223 inarmis.
322 2174 441 2236 Apollon.
461 2173 543 2223 Rhcd.
564 2171 585 2219 1.
611 2171 708 2234 Argon.

157 2253 216 2301 638.
250 2252 403 2317 Ὑψιπύλεια
419 2252 478 2302 Δῦν’
496 2253 532 2301 tvl
547 2250 645 2314 τεύχεσι
661 2269 709 2300 πα-

158 2332 227 2398 τρός.
261 2332 357 2381 Lucan.
371 2333 450 2382 VIII.
462 2333 519 2381 596.
537 2331 567 2379 dc
580 2330 709 2393 Septimio,

157 2411 203 2474 qui
220 2413 307 2460 Prole!
326 2426 446 2474 superum
461 2413 558 2474 pudor,
579 2425 653 2457 arma
668 2425 708 2457 sa·

158 2493 229 2539 telles
246 2491 327 2553 Rupta
348 2493 462 2554 pertubat
483 2491 565 2552 posito
585 2489 709 2551 deformia

154 2571 218 2632 pilo.
239 2570 367 2619 Bentleius
378 2572 414 2618 ita
424 2570 515 2633 pergit:
533 2571 649 2618 “Deinde
660 2586 708 2619 non

158 2650 290 2710 queritur,
310 2648 401 2697 Crass-i
417 2649 509 2697 milites
526 2649 637 2710 captiuos
654 2664 708 2697 oon·

159 2732 205 2775 tra
227 2730 342 2790 patriam
368 2729 457 2776 tulisse
482 2742 569 2785 arma,·
596 2728 662 2789 quod
684 2734 709 2776 ei

151 2806 254 2870 falsum
274 2812 299 2854 et
319 2808 480 2855 inauditum:
500 2807 545 2854 sed
561 2807 627 2854 illud
643 2808 708 2855 indi-

157 2889 262 2947 puotur‚
278 2888 344 2948 quod
359 2901 447 2934 oerum
463 2891 527 2942 erat,
540 2887 607 2933 rivos
623 2891 709 2948 captos

157 2965 188 3011 in
203 2965 326 3012 servitute
339 2966 410 3024 apud
421 2965 534 3013 Parthos
544 2965 706 3021 consenuisse,

158 3042 221 3105 quin
237 3048 262 3091 et
280 3057 369 3091 naeres
385 3045 421 3091 ibi
437 3042 562 3091 duxissa*
590 3041 639 3091 Sed
656 3043 707 3090 Ho-

158 3120 238 3168 ratius
259 3121 290 3170 de
308 3121 426 3170 servitute
442 3135 493 3168 non
509 3119 626 3183 quuitur.
661 3118 707 3169 Ca

158 3198 221 3260 ptivi
237 3199 345 3248 Romani
361 3214 412 3248 non
428 3197 584 3247 habebantur
601 3211 646 3260 pro
659 3212 708 3246 ser·

158 3275 210 3334 vis,
227 3277 270 3326 sed
282 3278 339 3326 sacti
349 3282 421 3326 erant
432 3276 529 3336 Parthi,
541 3276 633 3324 subditi
645 3276 707 3340 regi,

752 1698 845 1746 interea
860 1699 984 1746 auinium
1001 1712 1016 1744 a
1028 1696 1128 1744 Parthis
1141 1704 1232 1760 contra
1242 1698 1296 1746 An·

752 1779 848 1825 tonium
865 1776 973 1839 petebat,
991 1776 1058 1839 apud
1075 1775 1182 1824 Parthos
1199 1779 1297 1837 mansit,

751 1857 870 1906 exercitui
885 1857 1001 1921 praefuit,
1023 1863 1047 1906 et
1068 1863 1155 1905 contra
1171 1859 1297 1907 Romanos

750 1938 885 2001 pugnavit:
909 1938 959 1986 vid.
980 1938 1030 1987 Dio
1049 1936 1151 1988 Cassius
1168 1939 1296 1988 XLVIII.

751 2031 807 2078 pag.
825 2018 866 2066 24.
900 2015 980 2064 Aliud
998 2015 1141 2079 exemplum
1162 2017 1227 2079 apud
1249 2016 1298 2065 He-

751 2095 892 2155 rodianum,
905 2101 1014 2158 tempore
1023 2094 1109 2144 Severi
1118 2094 1168 2142 III.
1178 2096 1201 2143 4.
1211 2095 1297 2144 τῶνδὲ

751 2173 872 2238 φυγάδων
906 2178 1068 2239 στρατιωτῶν
1106 2174 1295 2238 (Romanorum)

752 2253 858 2301 πολλῶν
879 2270 905 2301 τε
926 2253 954 2300 ἐν
978 2252 1066 2309 αὐτοῖς
1089 2257 1215 2315 τεχνιτῶν
1237 2253 1297 2318 παρ’

751 2334 839 2390 αὐτοῖς
856 2330 1013 2396 γενομένων,
1035 2332 1077 2379 καὶ
1098 2333 1145 2380 τδν
1168 2333 1216 2381 ἐκεῖ
1235 2333 1297 2395 βίον

751 2410 890 2476 ἑλομένων,
917 2412 946 2460 οὐ
970 2411 1052 2475 μόνον
1079 2412 1202 2475 χρῆσθαι,
1229 2412 1296 2460 ἀλλὰ

750 2493 790 2539 καὶ
808 2491 954 2555 ἐργάζεσθαι
975 2488 1046 2538 ὅπλα
1067 2489 1244 2553 ἐδιδάχθησαν.
1263 2494 1297 2541 Et

749 2571 786 2619 illi
815 2572 880 2634 apud
910 2568 1090 2619 Antiochenses
1120 2569 1238 2619 barbaros
1269 2579 1296 2621 ut

750 2650 849 2699 barbari
870 2649 995 2700 virebant.
1028 2649 1155 2698 Bentleius
1180 2651 1215 2698 ita
1239 2666 1294 2714 per·

750 2730 798 2792 git:
816 2731 918 2778 “Arria
952 2728 1109 2778 Rectissime:
1128 2729 1163 2776 sic
1174 2729 1240 2778 enim
1253 2730 1295 2780 Se·

750 2823 811 2857 neca
827 2808 905 2872 Epist.
924 2810 963 2860 47.
981 2808 1007 2857 in
1024 2823 1051 2857 re
1068 2809 1154 2857 simili:
1180 2811 1296 2858 Variana

750 2890 819 2937 clude
835 2904 910 2950 quarn
927 2890 1019 2937 multos
1035 2888 1235 2950 splendidissime
1252 2905 1295 2936 na·

750 2972 788 3014 tos
799 2966 911 3030 fortuna
929 2967 1066 3028 depressit:
1090 2967 1170 3014 alium
1192 2982 1223 3014 ex
1243 2969 1296 3016 illis

748 3051 890 3107 pastorem,
902 3047 982 3094 olium
991 3047 1115 3094 custodem
1127 3060 1199 3094 casae
1204 3045 1295 3109 famil·

749 3123 808 3171 Non
821 3123 861 3171 hic
875 3124 1013 3187 quaeritur,
1022 3124 1081 3186 quid
1094 3125 1125 3172 de
1133 3125 1235 3186 captivis
1244 3127 1295 3174 suis

748 3202 774 3250 in
790 3203 862 3251 clade
871 3201 985 3250 Variana
995 3201 1097 3250 fecerint
1109 3202 1241 3264 Germani,
1253 3205 1295 3254 sed

749 3280 882 3331 Crassiana
898 3280 995 3329 Parthi
1021 3280 1124 3329 Possem
1137 3282 1247 3344 ahoquin
1259 3285 1295 3332 uti

158 3355 243 3403 mariti
259 3357 393 3419 coniugum
404 3357 565 3405 Partharum.
583 3355 656 3417 Quod
670 3371 706 3405 re·
747 3360 773 3408 in
790 3375 843 3408 rem
859 3374 940 3408 meam
957 3357 1071 3422 exemplo
1085 3361 1219 3408 eorundem
1233 3361 1294 3410 Ger·

158 3449 219 3483 vera
234 3443 288 3486 erat
304 3437 416 3500 turpius,
437 3452 513 3500 quam
531 3437 551 3484 si
568 3436 633 3485 servi
648 3435 706 3501 fuis·
747 3454 892 3496 manorum,
903 3439 968 3501 apud
977 3438 1092 3487 Tacitum
1101 3439 1137 3488 11.
1149 3438 1237 3488 Annal
1256 3441 1293 3490 13.

158 3521 221 3564 sent.
240 3515 401 3577 Quinetiam,
421 3517 442 3564 si
452 3530 504 3564 sors
516 3515 621 3573 tulisset,
637 3530 708 3563 arma
747 3521 823 3568 Inter
833 3535 896 3582 quae
907 3532 973 3566 unus
983 3519 1104 3577 hostium,
1122 3519 1231 3569 Latinae
1247 3522 1294 3570 liu-

159 3602 247 3644 contra
263 3597 389 3646 Romanos
405 3597 543 3647 vertissent.
576 3596 613 3644 M.
627 3596 707 3645 Anto·
746 3613 809 3661 puae
825 3600 916 3654 cruos,
933 3602 989 3645 aeto
1006 3598 1040 3645 ad
1055 3599 1150 3646 uallum
1162 3613 1295 3660 equarum

159 3675 230 3734 nius,
243 3677 315 3724 annis
326 3675 377 3726 fere
387 3675 562 3740 septemdecim
574 3675 708 3738 postcras-
747 3695 851 3742 mappa,
868 3679 982 3740 ooniuqes
999 3683 1025 3725 ct
1040 3693 1114 3740 apros
1130 3684 1157 3727 ot
1172 3681 1293 3741 stipendii

159 3770 228 3813 sum,
248 3756 346 3805 eosdem
363 3756 472 3804 Parthos
491 3754 558 3803 bello
575 3769 709 3817 aggressus
747 3759 774 3806 in
799 3761 865 3815 dies,
891 3759 967 3806 donec
994 3758 1143 3814 bellaretur,
1167 3761 1294 3808 sestertios

159 3842 204 3884 est.
238 3836 341 3886 Amissa
360 3850 412 3884 11011
432 3835 516 3882 minus
533 3839 623 3898 quarta
639 3840 709 3895 parte
747 3845 870 3896 centenos,
887 3839 911 3886 si
935 3839 992 3899 quis
1018 3835 1215 3899 transfupisset,
1240 3839 1291 3886 Ar·

160 3915 279 3975 militum,
290 3921 318 3964 ut
327 3914 411 3964 scribit
428 3913 542 3963 Velleius
560 3913 709 3962 Paterculus
748 3917 820 3964 petreii
836 3916 1087 3978 norreinepollicetur.
1113 3913 1174 3971 Sed,
1188 3920 1217 3961 ut
1230 3915 1292 3975 dixi,

161 3993 250 4043 Insa.
261 3995 357 4056 captiui
366 3995 512 4052 cuiusdam,
528 3994 573 4042 sed
586 3993 709 4052 Romani,
748 3993 837 4041 Parthi
853 3993 979 4042 Romanos
996 4006 1047 4040 non
1064 3991 1176 4040 fecerunt
1197 4007 1293 4054 servos,

158 4074 261 4121 consido
272 4072 363 4135 aofide
373 4077 490 4122 seruatus
501 4075 546 4120 est.
575 4070 628 4128 Qui
638 4073 709 4120 clade
747 4072 789 4120 sed
811 4073 892 4134 potius
913 4072 1002 4120 amicos
1023 4076 1048 4120 et
1067 4071 1150 4120 socios.
1165 4137 1167 4140 Α
1184 4073 1294 4137 Eratque

162 4151 295 4201 Crassiani
311 4153 435 4201 eruatur
453 4155 556 4214 caplis,
577 4165 634 4198 oum
648 4150 707 4212 for·
747 4150 812 4198 illud
832 4150 977 4200 clementiae
1001 4148 1143 4213 exemplum
1164 4151 1237 4201 valde
1253 4168 1293 4217 pe·

160 4236 263 4293 lunone,
273 4246 322 4280 non
333 4231 447 4280 animum
458 4232 592 4288 mutasset,
606 4231 709 4278 accessit
747 4229 893 4287 riculosum,
916 4244 996 4293 neque
1012 4230 1038 4278 in
1054 4228 1130 4277 Italia
1145 4244 1245 4292 prorsus
1262 4231 1293 4280 ef-

159 4315 229 4358 noote
249 4310 285 4358 ad
303 4310 438 4359 stationem
460 4309 616 4368 Romanam,
634 4322 708 4369 prae·
749 4306 815 4357 fectu
831 4307 917 4357 caruit.
951 4309 1046 4356 Narrat
1063 4308 1164 4356 Tacitus
1173 4309 1221 4358 VI.
1239 4310 1294 4360 An·
