2916 5220
588 293 903 356 (faltMlNUll

356 481 480 546 Belluis
504 486 642 564 pontum
666 478 856 564 mediasque
878 477 1008 544 fraudes

446 582 572 648 Palluit
596 582 712 647 audax.

354 688 467 771 Nuper
490 685 524 749 in
548 685 652 770 pratis
678 685 827 750 studiosa
848 684 966 749 florum
992 689 1026 749 et

358 790 496 854 Debitae
519 788 683 873 Nymphis
709 787 818 872 opifex
842 808 998 869 coronae,

356 893 460 957 Nocte
485 891 643 957 sublustri
668 891 753 955 nihil
777 896 865 956 astra
888 896 1016 976 praeter

443 993 537 1059 Vidit
560 999 594 1058 et
616 993 731 1058 undas.

356 1097 561 1179 Quaesierat
582 1107 701 1161 centnm
725 1100 824 1182 tettpz't
840 1105 1001 1181 patentem

359 1201 496 1285 Oppldts
525 1201 656 1265 Creten:
682 1202 821 1284 “paterl
845 1220 862 1263 a
885 1199 1027 1264 relictam

355 1303 460 1369 Filiae
482 1323 589 1367 amaea
607 1305 791 1387 pietasque,
816 1301 917 1384 diatt,

453 1407 542 1471 Victa
553 1404 696 1490 farore!

175 1540 249 1582 autea
277 1541 329 1581 tam
364 1534 459 1590 audax,
493 1532 568 1580 eitius
597 1531 622 1579 in
656 1545 725 1579 mare
766 1530 848 1579 insula
873 1530 936 1579 tanti
958 1527 1042 1592 spatii,
1059 1535 1089 1576 ut
1110 1534 1213 1577 centum
1231 1528 1319 1591 oppida

175 1612 273 1671 ablata,
291 1611 390 1675 palluit.
765 1624 853 1673 capere
875 1615 964 1672 posset.
999 1606 1104 1657 Sallust.
1130 1606 1254 1670 Iugurth.
1280 1608 1317 1655 92.

208 1690 475 1754 Mediaequesraadee
510 1690 615 1738 Palluit
631 1689 725 1736 aedua.
768 1688 844 1737 Mane
869 1703 962 1738 aeaeae
987 1687 1104 1736 mediocri
1122 1688 1227 1734 cartello
1255 1689 1318 1735 satie

175 1769 227 1817 Pro
253 1772 335 1818 mertia
356 1772 425 1818 later
445 1769 557 1832 frauder
582 1767 630 1815 dici
654 1773 726 1830 putat
764 1774 862 1830 patene.
897 1767 992 1817 Seneca
1013 1765 1105 1814 Troad.
1126 1764 1186 1814 820.
1209 1766 1319 1814 Urbane

175 1846 314 1894 Burmann.
331 1847 364 1893 ad
381 1846 467 1896 Valer.
484 1845 612 1894 Elaeell.
627 1845 724 1907 Argon.
765 1853 865 1895 centem
880 1846 995 1908 spatam
1014 1843 1096 1892 Crete.
1120 1844 1219 1891 Potane
1235 1848 1319 1891 tamen

177 1925 231 1976 174.
262 1924 373 1973 Pulchre
400 1927 487 1972 aedae
509 1924 613 1986 palluit.
639 1921 680 1969 Ita
701 1927 726 1970 et
766 1924 871 1972 auctoris
888 1930 933 1983 est,
942 1921 1032 1971 imitati
1043 1919 1180 1970 Horatium
1196 1920 1279 1982 Epod.
1295 1921 1317 1968 9.

175 2005 271 2055 Seneca
295 2003 400 2052 Medeae
425 2003 481 2050 346.
517 2002 621 2048 Palluit
639 2001 726 2047 audax
768 2004 876 2053 Centum
892 2004 996 2052 nobilem
1018 2001 1121 2050 Cretam
1137 2001 1254 2049 arbitra.

177 2085 283 2146 Tiphys.
798 2084 895 2132 Pater!
921 2097 935 2130 o
964 2082 1080 2130 relictam
1112 2079 1199 2128 Filiae
1223 2093 1318 2128 manen.

210 2163 288 2211 Nocte
304 2163 434 2210 sublustri.
462 2158 555 2210 citavit
573 2158 676 2208 Servius
693 2158 725 2205 ad
765 2161 977 2225 Interpretantur:
995 2175 1081 2208 ramea
1088 2159 1319 2222 patria,qnodego

174 2238 268 2301 Virgil.
285 2238 335 2288 IX.
360 2238 426 2288 Aen.
439 2239 573 2301 umqum
591 2247 615 2287 et
635 2237 725 2287 fecerat
765 2240 818 2288 filia
838 2242 940 2306 reliqui:
965 2254 1052 2289 nomm
1071 2239 1170 2301 patrea,
1197 2252 1245 2301 pro
1267 2241 1319 2301 ipra

176 2318 283 2377 Probus,
293 2317 724 2368 utaunotevitGrammaticusMaii.
763 2323 845 2380 patre.
862 2317 919 2367 Alii
935 2334 1022 2368 aonren
1032 2317 1108 2380 filine
1123 2318 1257 2378 relictam,
1272 2318 1318 2367 hae

210 2400 282 2456 Quae
298 2400 375 2447 etrnal
386 2404 485 2447 certam
498 2399 581 2460 tetipit
589 2403 723 2458 potentem.
765 2404 812 2453 est,
830 2411 877 2459 ego
894 2411 983 2447 nomen
1005 2404 1031 2446 et
1046 2396 1156 2445 officium
1175 2395 1244 2445 filiae
1261 2396 1317 2446 reli-

174 2476 293 2539 Sequitur
310 2476 398 2525 fabula
414 2478 444 2526 de
461 2477 663 2540 Europa,quam
680 2490 724 2523 cur
764 2477 814 2539 qui.
840 2476 895 2524 Iam
912 2476 973 2525 haec
990 2482 1049 2524 sunt
1065 2476 1151 2538 poetae
1175 2489 1226 2524 non
1244 2490 1315 2524 aecu-

173 2555 213 2604 hic
232 2555 352 2605 Galateae
368 2556 578 2613 narraret,nulla
594 2556 676 2603 adhuc
692 2555 724 2603 ab
765 2562 818 2605 rate
843 2557 959 2614 dicentis,
985 2556 1044 2618 qnid
1069 2554 1137 2602 velit.
1172 2554 1209 2602 Et
1233 2560 1317 2603 tamen

173 2648 225 2681 uno
242 2635 356 2682 omnium
376 2635 511 2696 interprete
531 2647 620 2682 caussa
636 2634 723 2696 proba·
764 2636 803 2683 his
820 2634 1000 2697 interpretandi
1016 2635 1095 2683 modis
1105 2633 1211 2681 tertium
1227 2633 1317 2682 addere

172 2711 229 2760 bilis
251 2712 329 2760 allata
349 2720 392 2761 est.
434 2713 602 2762 Inveniuntur
626 2713 653 2760 in
676 2713 724 2761 ista
763 2716 852 2779 possis,
877 2729 951 2776 quem
968 2714 1052 2763 alteris
1069 2712 1165 2760 duobus
1184 2725 1236 2760 non
1252 2710 1317 2774 peio-

173 2790 259 2838 fabula
276 2790 374 2853 pulchri
390 2806 489 2850 versus,
506 2792 637 2839 sedetiam
652 2793 723 2854 tales,
763 2809 816 2843 rem
842 2808 934 2842 censeo.
967 2794 1071 2856 Europa
1096 2791 1190 2839 scilicet
1208 2791 1249 2839 hic
1267 2805 1315 2838 non

172 2869 258 2932 quales
275 2869 390 2931 equidem
406 2869 521 2918 Romano
537 2871 609 2931 poeta
626 2884 675 2917 non
688 2871 723 2918 di·
764 2873 830 2922 dolet
854 2887 881 2922 se
900 2877 996 2936 patrem
1023 2871 1162 2935 reliquisse,
1188 2885 1248 2918 nara
1269 2870 1316 2918 hoe

174 2961 236 3011 gnos
253 2947 341 2996 iudico.
368 2947 490 2997 Universa
506 2955 589 2996 autem
606 2949 722 2997 carminis
764 2952 847 2999 statim
872 2951 941 3001 dicit:
966 2953 1096 3013 impudens
1127 2952 1192 3013 liqui
1219 2952 1317 3012 patriae

175 3027 237 3075 ratio
254 3027 334 3089 magis
351 3025 435 3075 lusum
455 3025 547 3088 ingenii
572 3024 723 3077 luxuriantis
765 3033 881 3079 Penates.
908 3031 969 3089 Sed,
982 3031 1107 3094 appellata
1123 3030 1315 3093 patre,snbiun-

173 3105 260 3162 refert,
284 3121 360 3170 quarn
384 3107 498 3169 castigati
522 3107 607 3170 po‘e'tae
631 3108 723 3171 inquo
763 3110 810 3172 git:
828 3113 860 3158 “o
875 3116 905 3158 tu
922 3116 1005 3173 pater,
1022 3110 1072 3157 iarn
1089 3123 1140 3156 non
1160 3115 1234 3171 pater
1250 3107 1316 3157 filiae

173 3185 219 3234 illa
235 3185 350 3234 luxuries
367 3202 416 3234 usa
434 3192 460 3234 et
480 3186 656 3236 exercitatione
671 3188 722 3236 iam
763 3194 833 3249 tuae,
856 3189 898 3237 sed
920 3203 1010 3237 nomen
1034 3187 1259 3247 modo‘relictum‚
1285 3193 1316 3235 de

173 3263 274 3326 depasta
299 3271 343 3312 est.
377 3264 468 3314 Statim
492 3266 625 3325 orationis,
647 3282 722 3329 quam
763 3282 812 3329 quo
829 3267 891 3315 mihi
908 3267 943 3315 nil
960 3266 1007 3315 nisi
1023 3280 1114 3315 nomen
1131 3266 1316 3329 relinquituret

172 3343 276 3406 Europa
292 3343 381 3406 habet,
405 3344 505 3393 initium
526 3351 563 3394 eat
581 3346 721 3394 obscurum.
763 3353 847 3396 restat.
864 3347 951 3397 Cicero
960 3348 993 3397 V.
1011 3347 1091 3410 Epist.
1104 3345 1315 3394 matamala.

174 3422 259 3471 Strrrat
282 3425 366 3485 tet-ipit
393 3423 510 3483 Cretam,-
541 3424 654 3472 additum
679 3425 723 3472 ali·
766 3426 831 3474 Cam
848 3429 986 3476 exacuam
1002 3432 1088 3475 noster
1103 3427 1198 3476 amicae
1216 3429 1316 3484 habeat,

172 3500 234 3562 quid
251 3500 392 3564 oportebat,
414 3503 480 3550 unde
501 3503 607 3552 Galatea
628 3504 721 3553 intelli·
764 3511 865 3554 tantum
882 3522 920 3555 aee
936 3522 1023 3555 nomen
1045 3507 1134 3554 labae
1150 3507 1263 3555 duarum
1281 3509 1315 3556 le·

174 3584 254 3640 geret,
276 3581 390 3640 eulpam,
411 3587 485 3643 turpe
508 3586 677 3640 caesaraeam,
699 3590 723 3631 et
762 3585 861 3646 qtaaam
876 3587 990 3634 exilium.
1012 3585 1067 3633 Liv.
1085 3584 1120 3633 V.
1141 3585 1179 3633 18.
1197 3586 1246 3634 Me
1263 3586 1315 3634 iam

174 3658 271 3705 citiam.
306 3657 417 3706 Honeste
438 3660 484 3708 hoc
504 3659 584 3709 facere
604 3661 724 3723 potuisset
763 3679 812 3711 aaa
832 3665 949 3720 eandem,
968 3666 1014 3712 aed
1039 3666 1156 3712 tambram
1179 3679 1317 3728 nommqae

174 3743 267 3794 auctor,
284 3742 313 3784 ut
330 3736 387 3784 fecit
398 3736 503 3787 Ovidius
514 3739 565 3788 111.
582 3739 686 3788 Metam.
701 3740 723 3789 1.
763 3743 797 3790 P.
816 3743 910 3791 Lta'att
931 3743 1047 3791 relictam
1068 3743 1165 3791 meleta
1192 3741 1317 3791 Laberius

174 3816 282 3878 Iamque
299 3817 372 3865 Deae
391 3819 476 3878 posita
490 3817 599 3881 fallacie
616 3820 724 3882 torneiae
762 3820 789 3867 in
806 3820 917 3883 Prologo
933 3820 978 3868 illo
1000 3821 1065 3884 apud
1081 3820 1252 3870 Macrobium:
1272 3823 1316 3871 Se·

175 3894 247 3941 tauri
281 3896 314 3944 Se
335 3894 463 3957 consertae
484 3905 542 3947 erat
568 3899 725 3959 Dictaeaque
762 3901 848 3961 pulcri
863 3902 962 3957 sinaitae,
979 3902 1016 3948 aa
1037 3901 1088 3948 atsi
1104 3915 1193 3949 namra
1209 3903 1316 3950 retineo.

173 3986 240 4019 rara
256 3975 361 4021 tenebat.
396 3973 463 4022 Nam
489 3988 569 4037 neque
585 3974 681 4037 Iupiter
697 3976 723 4023 in
763 3979 824 4027 Vid.
842 3980 943 4029 Iuretns
960 3981 991 4027 ad
1009 3979 1154 4043 Symmachi
1165 3979 1246 4042 Epist.
1259 3995 1316 4042 pag.

174 4055 246 4097 tauro
263 4050 405 4113 Europam,
427 4067 506 4117 neque
527 4056 553 4103 in
574 4057 637 4104 mari
654 4057 723 4104 vitia·
764 4059 804 4106 45.
822 4064 846 4106 et
862 4059 966 4122 interpr.
984 4059 1015 4106 ad
1032 4060 1128 4108 Lucan.
1145 4058 1167 4106 I.
1183 4058 1241 4106 313.

174 4125 218 4175 vit.
251 4129 286 4176 Et
307 4135 403 4190 tamen,
426 4140 455 4180 ut
483 4134 582 4195 vitiata,
605 4135 723 4198 loquitur.
798 4140 948 4200 Pietasque,
966 4140 1046 4197 atate,
1061 4136 1316 4200 Victasarore.Am-

174 4205 226 4254 Pro
241 4213 366 4270 potentem
389 4211 415 4258 in
432 4212 489 4261 MS.
512 4213 580 4276 Lips.
596 4221 723 4277 patrarem
764 4215 839 4277 bigne
855 4217 952 4265 iterum.
970 4217 1036 4264 Nam
1053 4224 1078 4264 et
1093 4215 1172 4279 pietas
1182 4223 1237 4264 erat
1250 4216 1316 4263 ricta

174 4284 222 4348 legi
240 4293 343 4335 testatur
361 4289 451 4348 lanus;
470 4291 516 4339 hoc
537 4303 617 4342 esset:
636 4293 723 4350 Creta,
765 4295 863 4357 furore,
880 4302 904 4344 et
921 4296 1023 4358 Europa
1040 4295 1101 4344 hacc
1120 4295 1315 4357 loquitur,victa
