2916 5220
592 336 765 422 urtone
810 338 874 400 ur.
1231 339 1292 401 ru

336 519 597 587 Volventisuna
627 543 692 586 non
716 524 787 588 sine
810 525 973 589 montium

382 624 532 689 Clamore
555 625 745 711 vicinaeque
768 626 888 711 silvae,

426 726 535 805 Quum
558 726 626 792 fera
649 727 789 793 diluvies
815 729 944 813 quietos

338 828 451 894 Irritet
474 851 596 895 amnes.
645 831 707 896 Ille
730 826 848 917 potens
872 833 924 897 sui

337 932 522 1017 Luctusque
545 934 661 1018 deget,
687 936 740 999 oui
764 935 842 1001 licet
864 937 900 1000 in
924 936 1012 1002 diem

384 1035 533 1101 Dixisse:
559 1037 655 1101 Vixi!
681 1058 750 1102 cras
773 1039 826 1103 vel
849 1045 920 1104 atra

427 1139 522 1205 Nube
545 1141 660 1225 polum
682 1147 777 1226 pater
800 1148 975 1227 occupato,

336 1240 398 1305 Vel
422 1243 490 1307 sole
513 1264 612 1328 puro:
639 1265 704 1308 non
729 1250 839 1309 tamen
864 1245 994 1310 irritum

340 1343 574 1431 Quodcumque
595 1351 681 1411 retro
705 1353 772 1431 est,
798 1346 933 1431 efficiet,
958 1370 1064 1433 neque

382 1447 543 1535 Diffinget
570 1449 795 1536 infectumque
818 1453 951 1534 reddet,

427 1551 522 1631 Quod
543 1554 674 1639 fugiens
698 1555 799 1620 semel
822 1556 902 1620 hora
925 1555 1025 1620 vexit.

339 1657 487 1723 Fortuna
510 1681 606 1723 saevo
630 1660 717 1724 laeta
740 1660 873 1746 negotio
902 1666 935 1726 et

340 1758 469 1824 Ludum
494 1747 691 1827 insolentem
716 1762 827 1828 ludere
849 1762 1023 1848 pertinax,

384 1863 594 1930 Transmutet
617 1866 757 1931 incertos
782 1867 939 1948 honores,

426 1967 522 2032 Nunc
545 1968 646 2050 mihi,
671 1991 758 2034 nunc
783 1970 841 2035 alii
863 1970 1015 2054 benigna.

341 2068 453 2134 Laudo
476 2079 682 2135 manentem:
708 2071 737 2136 si
761 2071 878 2137 celeres
903 2072 1011 2157 quatit

341 2172 485 2255 Pennus,
509 2173 640 2257 resigno
664 2195 746 2258 quae
769 2173 877 2256 dedit,
903 2180 936 2239 et
959 2196 1033 2238 mea

383 2276 514 2341 Virtute
538 2299 591 2342 me
615 2277 766 2360 involvo,
790 2279 990 2365 probumque

427 2381 622 2466 Pauperiem
646 2381 716 2447 sine
740 2383 816 2447 dote
840 2404 967 2468 quaero.

339 2483 414 2547 Non
438 2488 488 2549 est
511 2507 639 2567 meum,
665 2485 694 2550 si
717 2486 847 2571 mugiat
869 2485 992 2550 Africis

339 2586 447 2651 Malus
471 2588 642 2672 procellis,
666 2589 867 2654 admiseras
891 2611 1002 2675 preces

159 2755 355 2819 Corrupteapud
365 2755 581 2806 ServiumedIII.
589 2756 657 2804 Aen.
667 2757 707 2806 94.
748 2763 817 2806 otum
833 2759 919 2808 reddet
935 2757 1077 2807 infectum.''
1111 2757 1181 2807 Idem
1193 2759 1223 2807 de
1235 2763 1295 2807 tem-

160 2842 186 2885 et
203 2851 296 2899 specus.
327 2839 386 2886 Una
396 2836 509 2899 intellige
520 2836 613 2898 stirpes,
625 2850 708 2898 pecus,
747 2851 806 2900 pore
827 2837 954 2886 Pindarus
971 2837 1006 2886 II.
1024 2835 1126 2901 Olymp.
1144 2838 1185 2886 29.
1203 2836 1295 2887 τῶνδὲ

159 2917 246 2964 domos
264 2922 288 2965 et
303 2915 396 2979 lapides
414 2931 466 2964 unu
482 2917 589 2975 volutos,
606 2916 671 2964 inter
682 2932 708 2966 se
749 2916 936 2982 πεπραγμένων
956 2916 1092 2976 Ἀποίητον
1114 2915 1166 2965 οὐδ’
1184 2917 1218 2965 ἂν
1234 2917 1296 2981 χρό-

159 2995 258 3044 mixtos.
291 2995 333 3044 Ita
352 2994 457 3046 Ovidius
478 2994 505 3041 in
526 2994 611 3042 eedem
632 3009 659 3044 re
676 2997 708 3043 ci·
749 3014 807 3058 νος,
825 2997 838 3044 ὁ
857 2997 963 3046 πάντων
980 2996 1079 3059 πατὴρ,
1097 2993 1296 3059 Δύναιτοθέμεν

159 3075 213 3122 mut
236 3075 319 3137 posuit
339 3073 361 3123 Ι.
378 3073 482 3123 Metam.
504 3074 561 3122 286.
597 3073 710 3136 Currmue
748 3075 914 3140 ἔργωντέλος.
928 3072 1296 3123 HunoloeumcurnHoratiano

158 3153 226 3201 catu
242 3154 346 3201 arbusta
361 3154 451 3210 timui,
465 3155 620 3215 pecudesque
631 3155 707 3202 ciros·
749 3155 901 3217 comparavit
916 3154 955 3201 vir
972 3154 1057 3201 doctus
1073 3153 1098 3199 in
1116 3150 1219 3201 Observ.
1235 3152 1296 3200 Mis-

158 3245 207 3292 que
234 3233 369 3294 Tectaque,
396 3247 500 3293 eurique
526 3233 580 3278 auu
601 3233 709 3292 cupiunt
749 3234 804 3282 cell.
821 3234 880 3282 Vol.
897 3234 919 3282 I.
931 3247 987 3295 pag.
1004 3232 1058 3280 121.
1085 3233 1159 3280 Horo
1172 3232 1295 3293 dvffiuqet,

157 3310 303 3372 penetralia
326 3313 415 3360 auerte.
454 3311 526 3372 Quae
550 3311 634 3372 imago
655 3311 708 3374 ipsa
749 3318 778 3360 ut
793 3312 828 3360 11.
854 3312 938 3362 Carni.
969 3310 1006 3358 16.
1041 3311 1080 3357 Et
1106 3311 1168 3357 urite*
1188 3309 1296 3371 sorece,

158 3392 278 3436 terrorem
295 3388 394 3437 incutit:
411 3388 500 3450 magis,
517 3403 593 3451 quam
611 3389 632 3436 si
648 3389 707 3437 seri·
749 3394 797 3441 eut
813 3394 879 3455 quod
894 3393 1005 3454 uocauit,
1023 3390 1141 3450 Pertinet
1152 3389 1222 3436 horu.
1250 3388 1297 3435 Oc·

160 3465 274 3515 heremus
291 3468 409 3515 volventia
425 3469 507 3524 uude,
523 3466 590 3530 quod
606 3468 645 3514 vir
662 3469 706 3515 do·
749 3477 841 3532 cupcto
857 3475 894 3518 est
911 3483 1017 3531 occupo,
1033 3473 1063 3516 nt
1079 3465 1139 3515 dicit
1155 3465 1295 3515 Comment.

159 3551 215 3592 ctus
232 3559 292 3594 suae
308 3545 408 3593 editioni
425 3552 594 3594 annotaveret.
750 3546 826 3610 Cruq.
848 3546 981 3610 cogitabat
997 3549 1065 3596 hunc
1080 3548 1165 3596 locum
1181 3546 1295 3595 Marbod.

192 3624 312 3672 Diluutes
327 3627 430 3686 quietos.
460 3626 563 3673 Nestor:
579 3626 707 3688 inquietet.
750 3626 833 3676 Carm.
858 3642 914 3690 pag.
943 3628 1013 3679 1597.
1052 3629 1149 3685 Quum,
1175 3627 1298 3689 quidquid

194 3704 278 3750 Peter
294 3708 420 3765 occupato.
454 3703 522 3752 Hine
539 3704 708 3753 emendandus
747 3706 859 3766 placuit,
870 3705 977 3768 fupieue
995 3707 1106 3755 caruerit
1124 3708 1193 3754 toro.

159 3780 322 3830 Hildebertus
344 3781 438 3832 Philos.
460 3782 550 3831 Morel.
572 3796 629 3846 pag.
651 3783 707 3833 990.
784 3785 893 3847 Recipere
909 3801 972 3848 quae
988 3788 1064 3834 dedit.
1098 3785 1225 3846 Panegyr.
1242 3783 1295 3831 Ma·

159 3860 204 3908 nbi
220 3859 327 3924 legitur:
339 3867 413 3923 putet
428 3868 583 3924 occupatum.
750 3863 811 3910 xlm.
832 3869 857 3911 et
881 3863 1011 3913 Constant.
1037 3877 1090 3926 cap.
1121 3863 1156 3910 ¹2.
1192 3863 1296 3923 Recipe,

192 3941 253 3988 Nou
279 3946 363 3989 tanuen
387 3942 492 3989 troitum
533 3943 711 4004 Quodcumque
750 3943 866 4002 Iupiter,
883 3944 949 4004 quod
965 3943 1132 3991 commodasti.

158 4023 229 4068 retro
244 4023 293 4077 eet,
318 4019 418 4081 efficiet.
451 4020 615 4082 Elegantius,
635 4026 710 4082 puto,
783 4023 814 4069 εἰ
830 4024 927 4083 muytut
945 4022 1044 4086 Africis
1066 4021 1156 4070 italus
1170 4022 1298 4084 procellis.

159 4098 259 4159 efficies.
294 4097 711 4161 “Cras,opeter,sisserenusan
750 4100 827 4149 Recte
839 4099 911 4148 alibi:
929 4101 1019 4148 Malus
1030 4101 1103 4149 celeri
1114 4101 1214 4149 caucius
1226 4098 1297 4161 tisri·

161 4175 281 4233 nubilus,
298 4190 355 4224 mee
370 4191 420 4225 non
437 4176 519 4226 refert.
549 4176 622 4238 Quod
639 4176 711 4225 hodie
751 4194 778 4228 co
805 4185 976 4242 cuteuuueque
1001 4183 1108 4241 peccaut.
1140 4178 1190 4228 Sed
1216 4180 1297 4227 malus

159 4256 224 4314 vixi,
242 4255 289 4304 hoc
305 4255 368 4303 mihi
384 4270 434 4305 non
456 4257 555 4305 adimes.
589 4257 629 4305 Ne
650 4262 711 4304 tem·
751 4259 844 4320 mucii,
861 4257 934 4305 nimis
956 4258 1082 4306 tumidum
1103 4264 1153 4318 est,
1173 4272 1249 4321 qnam
1270 4265 1298 4306 ut

159 4348 207 4396 pus
224 4334 340 4397 quidem,
356 4335 422 4397 quod
447 4335 533 4383 omnia
558 4341 649 4397 potest,
674 4336 710 4383 fa·
751 4337 856 4386 Horatio
872 4336 999 4384 exciderit.
1034 4336 1149 4400 Scripsit,
1166 4337 1263 4400 opinor:
1275 4340 1299 4385 at
