2916 5220
572 330 888 396 CARMINUM

340 525 475 604 Fertur,
500 528 533 586 ct
555 520 623 585 leni
646 538 789 583 recreare
811 520 910 581 vento

342 627 500 713 Sparsum
524 621 667 689 odoratis
690 621 864 684 humerum
888 616 1038 701 capillis,

346 727 462 808 Qualis
487 732 545 792 aut
568 725 686 790 Nireus
709 722 775 788 fuit
801 726 859 786 aut
882 741 1005 806 aquosa

427 834 556 918 Raptus
581 831 622 896 ab
646 830 714 894 lda.

160 948 220 995 litas
236 961 400 1010 penore-saque
416 951 518 998 omnino
530 952 651 1010 tanqam,
664 947 709 993 Ea
749 953 871 1003 terarum,
891 959 997 1009 qnorum
1018 943 1135 992 nonnulli
1150 957 1252 1006 quoqne
1268 942 1297 990 sd

159 1041 201 1088 epo
218 1024 306 1072 Mincii
323 1032 387 1074 nata
407 1028 522 1076 Thoante
532 1025 619 1089 feror:
643 1023 709 1071 illud
749 1024 909 1073 Hebraismos
925 1023 1073 1073 retulerunt.
1108 1021 1223 1085 cogitari
1240 1037 1297 1085 quo·

152 1103 229 1166 seror
252 1102 361 1165 explicat
385 1120 449 1153 sani.
484 1105 552 1162 Imo,
577 1117 626 1150 non
652 1108 707 1149 tan·
749 1117 796 1164 que
814 1109 923 1165 poterat,
941 1116 973 1148 an
988 1102 1079 1165 fertur
1094 1104 1209 1164 porcine
1225 1103 1298 1165 signi·

160 1187 215 1229 tum
232 1197 298 1239 sum,
317 1184 360 1230 scd
377 1182 408 1231 ab
425 1182 540 1231 omnibus
557 1183 709 1229 nominaret
750 1181 845 1229 licaret:
870 1179 960 1238 fertur,
986 1194 1044 1228 cum
1064 1180 1158 1243 impetu
1184 1180 1250 1239 ruit,
1272 1187 1299 1228 nt

160 1262 263 1318 laudor,
293 1266 323 1306 ut
354 1266 414 1309 nata
439 1261 567 1309 Thoantis.
594 1258 709 1322 Sophocl.
750 1265 834 1321 ponat.

159 1339 252 1388 Electr.
270 1339 326 1387 365.
345 1341 393 1388 νῦν
410 1338 430 1388 δ’
448 1340 505 1394 ἐξὸν
521 1340 620 1404 πατρὸς
637 1339 708 1387 Πάν·
785 1340 878 1397 Qualia
894 1343 941 1386 aut
959 1334 1130 1398 Nireassuc't,
1143 1341 1192 1383 nat
1204 1351 1299 1398 aquosa

161 1436 213 1466 των
230 1417 337 1482 ἀρίστου
356 1418 435 1467 παῖδα
458 1419 607 1478 κεκλῆσθαι,
631 1418 710 1466 καλοῦ
750 1420 855 1480 Raptus
872 1421 903 1468 ab
925 1419 984 1466 Ida.
1002 1417 1083 1480 ,Fuit
1104 1429 1154 1463 non
1178 1415 1300 1464 desidera-

160 1500 210 1556 Τῆς
221 1496 325 1561 μητρός.
354 1496 415 1545 Val.
427 1497 510 1546 Flacc.
524 1497 560 1546 V.
572 1498 628 1545 653.
656 1499 710 1545 Nec
750 1501 804 1544 tur:
826 1497 907 1560 magis
924 1495 1030 1559 aliquid,
1052 1508 1102 1558 quo
1118 1500 1215 1556 raptus
1232 1495 1301 1543 illus·

159 1589 229 1624 vocer
254 1577 364 1624 ulterius
386 1578 471 1639 proles
497 1579 572 1625 Iocis.
606 1576 708 1624 Homer.
750 1580 837 1623 tretur.
871 1574 1021 1637 Elegantius
1033 1578 1099 1622 certe
1113 1572 1189 1621 foret:
1211 1575 1304 1632 Qualia

161 1651 235 1701 Iliad.
262 1659 290 1702 Δ.
308 1655 349 1701 60.
368 1655 400 1711 σι)
422 1653 570 1718 παράκοιτις
581 1652 708 1716 κέκλημαι.
750 1659 796 1701 aut
815 1655 921 1710 Nireus,
936 1668 1001 1715 puer
1018 1659 1063 1700 aut
1080 1667 1176 1714 aquosa
1196 1655 1303 1716 Rapina

160 1729 266 1780 Ovidius
275 1733 296 1780 Ι.
315 1731 415 1779 Heroid.
424 1732 465 1780 83.
482 1738 614 1795 utramque
624 1745 710 1780 vocem
749 1733 781 1779 oh
798 1732 856 1779 Ida.
890 1731 988 1780 Nomen
1004 1731 1125 1778 usitatum
1137 1730 1303 1794 Ganymedis.

160 1810 301 1858 coniunxit:
323 1812 379 1857 Tua
390 1812 450 1869 sins,
463 1813 708 1872 tuadicaroportet.
749 1809 842 1871 Virgil.
870 1810 903 1859 V.
938 1809 1004 1858 Aen.
1029 1811 1088 1858 252.
1131 1813 1304 1872 Incestusqia

162 1887 199 1937 Ut
219 1887 385 1937 Marklandus
407 1888 432 1936 iu
455 1889 602 1951 explicanda
618 1889 710 1936 Latina
747 1903 812 1949 puer
822 1889 947 1950 frondosa
964 1891 1047 1952 reptas
1057 1890 1117 1937 Ida.
1140 1889 1239 1937 Lucan.
1254 1889 1302 1937 IX.

161 1965 282 2024 dictione,
299 1972 323 2014 et
343 1972 441 2029 praeter
464 1966 646 2014 Marklandum
667 1965 710 2013 alii
749 1966 806 2017 972,
845 1969 916 2015 Unde
930 1982 996 2028 puer
1019 1972 1111 2030 raptas
1137 1969 1211 2017 coelo.
1251 1968 1303 2017 Va

162 2044 247 2092 minus
269 2051 384 2093 accurate
400 2044 515 2107 exempla
531 2046 709 2101 distinxerunt,
749 2043 793 2093 ler.
810 2045 892 2093 Flam.
910 2045 944 2094 Π.
963 2047 1019 2094 415.
1058 2047 1244 2108 Illaatremque
1257 2047 1304 2107 sn·

160 2123 197 2170 ita
212 2121 286 2170 etiam
302 2123 329 2169 in
346 2122 446 2172 Graecis
462 2122 536 2171 multi
557 2123 650 2179 fecere,
673 2122 709 2170 in·
748 2140 805 2185 pom
820 2127 901 2186 pueri.
935 2125 1050 2173 Lactant.
1073 2123 1094 2170 1.
1123 2124 1161 2171 10.
1198 2125 1304 2186 Iupiter

162 2206 199 2247 ter
216 2200 276 2249 alios
294 2201 356 2249 rarii
373 2201 518 2265 interpretes
536 2216 664 2250 sacrarum
681 2199 709 2248 li·
749 2202 845 2263 septam
861 2218 969 2266 pomam
986 2203 1076 2264 rapuit
1093 2203 1129 2250 ad
1144 2207 1276 2263 stuprum.

627 2353 829 2381 -w

518 2511 795 2576 OARMEN
842 2510 936 2574 XXI.

342 2648 377 2726 0
402 2668 480 2727 nata
503 2685 632 2728 mecum
656 2663 788 2728 consule
812 2663 953 2745 Manlio,

344 2764 406 2828 Seu
430 2770 467 2829 tu
488 2764 654 2851 querelas,
679 2764 748 2830 sive
769 2765 855 2850 geris
880 2765 984 2846 iocos,

387 2867 452 2932 Seu
474 2868 580 2931 rixam
604 2874 637 2931 et
659 2868 793 2934 insanos
817 2890 961 2950 amores,

433 2970 497 3034 Seu
519 2969 670 3053 facilem,
694 2971 751 3056 pia
773 2977 877 3054 testa,
903 2991 1073 3050 somnum,
1151 3022 1154 3027 .

341 3071 551 3158 Quocumque
575 3074 698 3139 lectum
721 3076 854 3140 nomine
878 3073 1057 3139 Massicum

342 3177 475 3260 Servas,
501 3178 625 3243 moveri
650 3178 751 3263 digna
774 3180 867 3272 bono·
883 3178 955 3261 die,

309 3331 462 3382 CARMEN
478 3333 554 3382 XXI.
752 3307 821 3363 οἶνος
843 3311 896 3364 τοῖς
919 3306 1023 3371 τρόποις
1041 3302 1193 3368 κεράννυται
1216 3303 1304 3355 biben-

751 3385 822 3433 tium.

198 3425 265 3512 Seu
283 3466 312 3508 ta
328 3463 456 3523 querelas,
478 3464 530 3512 sive
550 3465 615 3525 perta
638 3465 708 3512 iocos.
786 3465 946 3524 Quocumque
970 3463 1061 3510 lectam
1082 3463 1182 3510 nomiae
1203 3459 1303 3511 Masat-

163 3538 219 3585 Iam
252 3538 337 3587 Sikius
362 3539 506 3588 coniiciebat
530 3543 611 3602 penas,
635 3541 661 3588 h.
688 3555 708 3588 e.
749 3557 806 3591 cam
829 3544 928 3591 Servos.
961 3540 1043 3588 Locus
1067 3553 1117 3586 non
1139 3537 1227 3588 facilis.
1263 3540 1304 3590 De

164 3617 606 3679 gignis:nonprobanteBroukhusio
616 3618 710 3666 Forma
749 3621 846 3668 nornine
862 3620 970 3669 cocculis
987 3618 1064 3681 accipi
1079 3631 1130 3665 non
1140 3623 1231 3680 potest,
1243 3618 1304 3682 qnia

163 3696 301 3759 antiquiore
323 3711 382 3758 peno
402 3710 452 3743 non
474 3697 608 3744 utebantur
624 3699 709 3760 poetae
749 3697 798 3744 iam
832 3696 968 3760 appellavit
1001 3696 1141 3745 Manlium:
1171 3696 1303 3760 alloquens

164 3781 243 3822 aetate
255 3773 444 3836 Augusta:vid.
457 3773 558 3836 interpr.
570 3776 601 3822 ad
613 3774 708 3837 Appul.
748 3775 814 3822 enim
840 3776 998 3837 amphoram,
1023 3774 1142 3837 intelligit
1166 3777 1255 3825 atnam
1276 3777 1301 3824 in

164 3853 194 3901 T.
212 3852 249 3902 11.
266 3867 322 3915 pag.
343 3853 397 3901 151.
426 3851 584 3901 Recentiores
602 3854 709 3917 quidem,
749 3853 874 3916 amphora.
919 3853 1073 3903 scholiastae
1101 3853 1244 3902 retulerunt
1270 3855 1302 3903 ad

162 3931 305 3994 Appuleius
330 3937 354 3979 et
380 3930 434 3991 alii,
459 3937 542 3980 vetera
567 3932 709 3981 huiusmodi
749 3931 918 3980 antecedentia
942 3930 1114 3993 “Quocunque
1134 3931 1247 3990 nomine,
1269 3947 1301 3980 ex

163 4010 238 4058 verba
249 4010 374 4058 interdum
386 4008 708 4068 revocabant,Stewechius
749 4011 862 4060 omnibus
888 4024 964 4072 supra
984 4009 1067 4068 dictis,
1092 4009 1144 4057 sive
1166 4008 1198 4056 ad
1219 4008 1302 4071 iocos,

163 4095 247 4137 tamen
268 4096 355 4138 contra
378 4088 454 4138 MSS.
473 4089 506 4137 ibi
523 4089 631 4137 intrusit.
648 4090 708 4139 Vid.
749 4090 799 4138 sive
829 4090 860 4137 ad
889 4088 1026 4152 querelas.''
1068 4087 1142 4148 Quod
1166 4088 1301 4138 Bentleius

164 4166 277 4216 Oudend.
296 4166 428 4229 Amphora
445 4174 528 4216 autem
544 4169 608 4217 iocos
622 4177 646 4219 et
660 4169 709 4217 alia
748 4169 849 4232 quidem
873 4181 924 4216 non
948 4166 1084 4228 improbat,
1109 4166 1152 4214 sed
1178 4166 1300 4216 similibus

163 4242 241 4304 perit,
258 4243 329 4305 quia,
350 4247 378 4288 ut
395 4242 453 4288 dicit
470 4242 625 4293 Chaeremon
643 4246 708 4308 apud
749 4246 869 4310 exemplis
887 4245 987 4294 destitui
998 4244 1142 4304 arbitratur,
1158 4245 1255 4295 interea
1265 4246 1300 4294 di·

165 4318 295 4366 Plutarch.
320 4318 411 4367 Moral.
437 4320 467 4368 Τ.
494 4321 542 4370 IV.
567 4338 625 4386 pag.
651 4325 708 4373 663.
749 4326 854 4374 vinans:
887 4326 1046 4387 Quocumque
1068 4323 1170 4387 foetam
1197 4327 1302 4375 numine
