2916 5220
576 304 866 370 lil’ODON

330 494 479 580 Reliquit
502 516 577 559 ossa
599 493 685 578 pelle
701 491 822 556 amicta
845 490 953 556 lurida
960 519 968 570 ;

328 598 405 662 Tuis
431 597 571 682 capillus
596 595 691 660 albus
716 599 766 658 est
790 593 952 658 odoribus.

327 702 467 766 Nullum
491 701 534 785 ab
558 700 669 764 labore
692 720 745 762 me
768 697 906 762 reclinat
930 697 1050 762 otium:

329 804 435 889 Urget
458 804 545 867 diem
572 825 638 866 nox
661 808 694 867 et
718 801 787 866 dies
811 806 962 883 noctem,
987 823 1091 886 neque
1115 806 1166 865 est

330 908 451 972 Levare
475 913 567 972 tenta
591 905 710 990 spiritu
733 904 929 990 praecordia.

328 1010 434 1095 Ergo,
459 1015 638 1095 negatum,
663 1009 775 1073 vincor
798 1015 836 1072 ut
859 1008 988 1072 credam
1011 1007 1130 1089 miser,

330 1113 461 1179 Sabella
483 1119 598 1198 pectus
623 1111 789 1196 increpare
812 1111 959 1176 carmina

329 1216 500 1301 Caputque
525 1217 634 1280 Marsa
657 1214 800 1279 dissilire
824 1214 951 1278 naenia.

328 1318 415 1397 Quid
439 1319 581 1404 amplius
604 1318 681 1383 vis?
706 1317 733 1384 Ο
757 1318 862 1382 marei
888 1339 907 1381 o
931 1317 1034 1382 terrai
1059 1317 1176 1398 arden,

328 1422 497 1502 Quantum
521 1445 631 1508 neque
656 1429 726 1487 atro
751 1422 918 1487 delibutus
944 1420 1101 1485 Hercules

328 1524 425 1590 Nessi
449 1548 578 1608 cruore,
597 1548 657 1590 nec
682 1525 800 1590 Sicana
823 1523 950 1589 fervida

328 1627 445 1693 Virens
470 1629 504 1692 in
529 1629 638 1693 Aetna
658 1627 805 1691 damma
855 1627 929 1708 Tu,
954 1627 1056 1690 donec
1080 1623 1164 1689 cinis

329 1731 499 1796 iniuriosis
525 1731 634 1796 aridus
658 1731 766 1795 ventis
790 1729 891 1811 ferar,

331 1833 425 1899 Cales
449 1833 586 1897 venenis
615 1832 745 1897 officina
770 1831 941 1898 Colchicis.

186 2015 247 2060 Tuis
270 2013 378 2074 capillus
405 2013 475 2060 albus
508 2018 546 2060 est
573 2013 697 2060 odoribus.

150 2092 256 2141 Guietus
282 2091 350 2139 hunc
374 2098 399 2140 et
426 2097 569 2155 sequentem
599 2106 698 2139 versum

150 2171 223 2220 delet.
258 2172 313 2233 Ego
339 2186 389 2218 non
407 2169 519 2227 fecerim,
545 2170 620 2218 etiam
641 2185 697 2233 pro-

150 2257 205 2313 pter
222 2250 380 2299 Theocriteo:
398 2248 483 2314 ἔρῤενν
505 2247 525 2299 δ’
543 2250 569 2297 ἐκ
589 2250 700 2313 κεφαλᾶς

152 2330 237 2378 πᾶσαι
254 2330 347 2393 τρίχες.

182 2409 290 2456 Nullum
304 2412 335 2457 nh
347 2411 431 2458 latore
442 2425 480 2456 mc
491 2410 601 2457 reclinat
613 2410 699 2456 otium.

151 2488 272 2536 Laborem
292 2489 487 2551 interpretantur
511 2491 653 2537 cruciatum
676 2493 701 2536 et

149 2581 273 2628 uaporem.
308 2567 489 2629 Intelligendos
506 2573 566 2629 puto
583 2574 700 2623 conatus,

740 2012 807 2075 quod
824 2011 907 2059 Bentl.
925 2009 1051 2072 praetulit.
1078 2007 1128 2057 Sed
1146 2009 1233 2056 vireux
1250 2022 1292 2054 an·

741 2091 839 2153 tiquam
857 2097 911 2146 est,
930 2103 988 2145 nec,
1013 2089 1061 2137 nisi
1078 2087 1109 2135 ab
1131 2085 1232 2135 erudito
1249 2087 1291 2134 ho·

740 2169 808 2217 mine
824 2168 897 2216 scribi
918 2168 1011 2230 potuit,
1035 2167 1127 2216 nedum
1150 2171 1180 2212 ut
1196 2165 1294 2212 librarii

740 2248 838 2295 notiora
854 2262 927 2296 urens
944 2247 984 2294 vel
994 2247 1090 2310 furem
1106 2245 1133 2293 in
1151 2244 1226 2292 istam
1248 2259 1291 2293 vo-

741 2339 794 2374 cem
812 2325 971 2374 mutaverint.
995 2327 1094 2373 *Vircre
1109 2330 1195 2372 autem
1212 2323 1291 2385 signi·

740 2405 798 2453 ficut
808 2407 920 2468 julperc,
945 2419 1008 2465 non,
1034 2404 1100 2466 quod
1125 2404 1170 2452 alii
1187 2404 1292 2460 volunt,

740 2498 791 2532 erse
812 2486 936 2541 validum,
962 2491 990 2531 ut
1015 2488 1128 2532 senectus
1146 2483 1239 2530 dicitur
1257 2487 1292 2532 ci·

741 2579 799 2612 rens
815 2569 840 2611 et
856 2579 938 2626 penca
961 2565 1077 2611 virentia.
1111 2561 1221 2610 Plautus
1239 2563 1293 2611 Me-

150 2651 178 2692 ut
195 2646 290 2693 auxilio
312 2646 415 2694 alterius
436 2645 559 2695 veneficae
580 2646 631 2695 sive
652 2647 701 2694 alia
740 2643 852 2692 naccum.
869 2643 904 2691 V.
920 2644 945 2691 2.
984 2642 1068 2690 Viden·
1090 2643 1131 2689 illi
1153 2643 1238 2690 σονὶοο
1256 2645 1291 2690 oi-

150 2726 247 2773 ratione
272 2734 342 2772 aestu
363 2740 407 2774 suo
432 2725 590 2775 liberaretur.
626 2726 700 2786 Quod

740 2738 807 2780 rere,
831 2728 861 2770 ut
881 2723 972 2770 viridis
990 2722 1106 2770 exoritur
1120 2722 1200 2767 colos!
1228 2718 1291 2767 Vid.

150 2802 212 2850 nihil
230 2803 327 2861 valent,
345 2817 376 2851 ne
393 2805 517 2852 veneficae
528 2805 640 2866 quidem,
654 2805 701 2854 hoc
741 2802 847 2852 Salmas.
873 2801 966 2851 Seneca
987 2799 1073 2862 Oedip.
1096 2799 1152 2846 309.
1184 2799 1292 2845 Utrum·

148 2887 225 2942 auget
249 2883 384 2942 potentiam
412 2881 538 2931 Canidiae.
578 2883 643 2933 Cum
671 2900 700 2933 ea

151 2960 317 3024 explicatione
338 2960 428 3009 melius
437 2961 588 3009 conveniunt
598 2978 699 3026 sequen-

150 3039 197 3086 tia:
220 3039 321 3086 “omnia
337 3038 400 3086 facio
416 3047 444 3087 ut
461 3039 508 3087 hoc
524 3041 591 3089 mulo
608 3043 698 3104 solvar,

151 3132 280 3182 nunquam
297 3119 403 3181 quiesco.
437 3119 498 3167 Dies
515 3126 541 3169 et
557 3129 641 3170 noctes
659 3123 697 3170 in·

150 3197 222 3244 terim
234 3197 378 3260 procedunt.
408 3197 479 3246 Nihil
495 3199 608 3261 proficio,
629 3218 697 3264 prae·

150 3277 234 3324 cordia
252 3291 302 3324 non
318 3277 458 3326 levantur.”
478 3277 544 3327 Sunt
561 3280 622 3328 haec
638 3297 697 3344 quo·

150 3369 197 3417 que
219 3356 250 3402 ad
271 3354 398 3404 Theocriti
418 3369 504 3402 versus
530 3354 646 3405 formata:
672 3359 698 3416 ἐς

150 3434 220 3491 τίνος
238 3435 283 3482 οὐκ
298 3433 409 3498 ἐπέροιοα
427 3451 448 3480 κ.
466 3434 492 3481 λ.
530 3433 698 3484 Conseruntur

150 3511 226 3559 verba
250 3513 336 3574 poetae
363 3512 428 3573 apud
450 3512 580 3562 Plutarch.
606 3515 697 3564 Moral.

151 3587 181 3637 T.
194 3589 229 3638 II.
246 3605 270 3652 p.
291 3591 360 3639 1019.
380 3591 452 3653 πόνῳ
463 3591 560 3654 πόνον,
579 3591 620 3641 Ἐκ
637 3612 697 3642 νυκ-

150 3669 196 3726 τὸς
213 3668 382 3718 ἀλλάσσουσα
400 3671 446 3719 τὸν
463 3671 519 3719 καθ’
537 3672 641 3736 ἡμέραν.
663 3674 698 3721 Et

150 3746 270 3808 imprimis
292 3749 412 3811 Apollon.
438 3749 572 3800 Rhodii.
598 3754 696 3815 Argon.

150 3827 205 3876 473.
232 3825 270 3874 ἐπ’
287 3827 365 3890 ἤματι
382 3826 402 3875 d'
428 3829 494 3892 ἦμαρ
520 3829 605 3893 ὀρώρει
628 3830 696 3880 Κύν-

150 3923 236 3970 τερον,
263 3906 318 3955 οὐδὲ
344 3926 383 3965 τις
409 3909 454 3967 ἦεν
472 3907 630 3966 ἀνάπνευσις
648 3928 695 3974 μο-

150 3984 244 4050 γέοντι.
284 3986 315 4032 In
336 3986 392 4035 MS.
414 3986 489 4034 Voss.
514 3987 623 4049 primum
648 3986 696 4035 fuit

149 4066 184 4112 ad
201 4067 319 4122 laborari,
342 4065 430 4114 deinde
450 4073 586 4115 conectam
609 4071 641 4117 ob
660 4071 696 4116 lc-

149 4144 213 4191 hore.

187 4224 276 4272 Vircao
287 4226 314 4271 iu
328 4225 533 4286 Aetnaflanuun.
560 4225 635 4276 MSS.
652 4227 694 4275 ha·

150 4299 207 4346 tent
224 4302 263 4349 rel
282 4319 369 4361 mens,
382 4304 420 4354 vel
432 4305 527 4362 virens,
539 4304 578 4352 vel
584 4306 693 4368 furens:

740 2884 882 2943 praeclarus
898 2883 963 2944 ignis
977 2887 1003 2929 ct
1020 2881 1111 2928 virides
1127 2880 1208 2927 stetit.
1226 2878 1292 2927 Vul-

740 2974 772 3021 go
796 2961 889 3022 legitur
914 2962 1019 3008 nitidus.
1051 2957 1100 3008 Sed
1125 2958 1234 3006 Vossius
1261 2959 1292 3006 au

739 3039 837 3088 Valerii
854 3039 938 3089 Flacci
959 3039 980 3087 1.
1006 3039 1104 3100 Argon.
1124 3037 1183 3086 205.
1201 3051 1215 3085 e
1234 3037 1292 3087 MS.

739 3133 784 3167 suo
801 3119 909 3168 correxit
918 3119 1015 3167 viridis.
1033 3116 1137 3176 Omnia,
1150 3131 1216 3180 quae
1232 3131 1290 3178 pro-

738 3199 859 3261 priosunt
875 3197 957 3247 herbis
974 3203 1000 3245 et
1016 3194 1129 3254 floribus,
1143 3194 1293 3243 tribuuntur

738 3278 803 3341 igni,
820 3285 849 3326 ut
865 3279 962 3338 ἄνθος,
981 3277 1047 3339 ἀκμὴ
1069 3275 1167 3340 πυρὸς,
1185 3281 1209 3323 et
1223 3275 1292 3337 apud

738 3358 840 3406 Homer.
866 3357 941 3405 Iliad.
964 3355 985 3403 Ι.
1007 3355 1065 3403 212.
1092 3354 1156 3418 φλὸξ
1176 3354 1292 3418 ἐμαράν-

737 3437 785 3497 θιμ
812 3437 878 3500 apud
895 3436 1020 3484 Romanos
1041 3433 1106 3491 Ιβοο,
1132 3433 1239 3492 llorere,
1266 3442 1292 3483 et

738 3516 793 3564 alia.
812 3516 872 3564 Vid.
885 3514 1041 3577 Scaligerad
1052 3512 1140 3561 Manil.
1152 3512 1187 3561 V.
1196 3529 1220 3575 p.
1232 3515 1291 3566 471.

737 3596 838 3658 interpr.
857 3596 888 3643 ad
905 3594 999 3658 Virgil.
1016 3592 1080 3641 VII.
1104 3594 1171 3641 Aen.
1189 3593 1248 3642 804.
1266 3600 1293 3642 et

738 3674 810 3724 Colv.
828 3675 859 3722 cd
873 3674 969 3737 Appul.
981 3674 1084 3722 Metam.
1097 3670 1174 3719 VIII.
1188 3687 1212 3734 p.
1227 3672 1289 3722 550.

773 3755 846 3802 Cales
855 3756 954 3803 cenem's
962 3754 1064 3816 officina
1076 3751 1207 3799 Colchrcrs.
1217 3749 1292 3799 Vere

737 3841 798 3897 puto
814 3833 957 3883 Bentleium
974 3830 1129 3880 emendasse:
1148 3829 1234 3884 Nam,
1248 3831 1291 3877 do·

737 3929 781 3962 nec
806 3915 870 3962 ciuis
894 3939 925 3948 -
954 3911 1029 3959 eaeo
1058 3909 1156 3957 venenis
1182 3907 1290 3968 officim

739 3991 881 4041 Colchicis?
910 3990 959 4041 Sed
981 3990 1032 4052 ipse
1049 3987 1114 4035 hanc
1134 3985 1288 4034 emendatio-

736 4083 793 4117 nem
810 4085 859 4117 non
877 4068 1052 4132 magnifacit,
1069 4065 1129 4129 quia
1145 4077 1195 4111 uon
1213 4064 1290 4113 audet

736 4162 793 4195 cum
811 4148 984 4211 Porphyrioue
995 4147 1124 4208 officinam
1141 4143 1172 4190 de
1190 4144 1291 4193 Ῑιοοήνκ

736 4228 903 4290 interpretari,
928 4233 953 4276 et
970 4226 1062 4273 iudicat
1079 4237 1133 4271 eam
1156 4220 1288 4282 metapho-

737 4323 789 4354 ram
814 4308 901 4354 duram
919 4314 943 4357 ot
964 4305 1092 4369 plebeiam.
1128 4302 1169 4348 Ita
1186 4301 1288 4350 credere
