2916 5220
583 335 893 400 CARMINUM

344 526 519 610 Antequam
541 532 661 588 stantes
683 531 806 607 repetat
823 520 962 606 paludes

344 626 495 693 Imbrtom
514 627 623 693 diotae
646 630 715 691 oola
738 629 965 705 imminentem,

350 731 492 796 antaem
514 751 638 794 oeream
654 750 753 815 praee
775 725 930 792 aaaottobo

436 833 521 898 Solia
543 832 583 897 ob
605 843 684 897 orta.

345 937 397 1003 Sis
421 937 499 1001 licet
521 936 621 1018 felix,
645 935 842 1018 ubicumque
865 933 970 997 mavis

344 1041 390 1106 Et
412 1061 537 1105 memor
561 1039 683 1121 nostri,
709 1036 866 1118 Galatea,
890 1035 998 1100 rivas:

345 1144 451 1229 Teque
475 1164 534 1208 neo
558 1142 669 1207 laevus
693 1145 784 1205 vetat
808 1139 853 1204 ire
876 1139 969 1224 picus

434 1246 502 1310 Neo
527 1267 611 1329 vaga
635 1243 756 1309 cornix.

344 1349 408 1414 sed
432 1347 541 1430 vides,
567 1353 690 1432 quanto
714 1345 857 1431 trepidet
881 1344 1027 1410 tumultu

342 1453 470 1517 Pronus
495 1451 605 1518 Orion.
657 1451 747 1535 Ego,
772 1449 851 1534 quid
876 1448 921 1513 sit
939 1454 1009 1513 ater

343 1556 504 1638 Hadriae,
530 1556 624 1639 novi,
650 1555 761 1637 sinus,
788 1554 923 1639 etquid
947 1552 1042 1618 albus

432 1661 549 1725 Peeoet
572 1661 684 1745 Iapyx.

162 1887 275 1936 Noverat
307 1888 427 1939 Ovidium
444 1890 481 1938 11.
510 1891 600 1940 Amor.
629 1892 665 1939 ll.
689 1891 711 1939 9.
753 1893 810 1940 tter.
844 1890 876 1938 In
892 1904 942 1953 quo
958 1889 1072 1952 exemplo
1091 1888 1224 1952 perspicue
1242 1894 1301 1937 tem-

166 1968 238 2024 Quid
248 1970 306 2027 tibi,
324 1985 362 2018 rrae
373 1972 502 2026 ramerum,
513 1971 642 2032 Zephyros
654 1973 710 2018 Ea·
750 1985 801 2030 pm
816 1969 946 2017 indicatur.

162 2061 249 2109 rosque
268 2050 370 2098 timebo?
397 2048 546 2111 Suspectum
562 2063 659 2112 quoque
676 2056 713 2096 est
786 2051 841 2109 Epo
862 2050 923 2110 qaid
943 2050 979 2096 att
1000 2052 1057 2095 oter
1076 2047 1211 2102 Hadriae,
1232 2046 1302 2101 mori,

163 2123 223 2172 h.1.
245 2141 354 2189 auspex,
375 2135 474 2190 propter
495 2141 536 2184 ea,
559 2143 624 2190 quae
649 2127 712 2176 dixit
753 2128 832 2174 staur.
854 2126 965 2176 Conatur
983 2125 1116 2175 Galateam
1132 2125 1259 2172 deterrere
1272 2123 1302 2171 ab

162 2203 294 2252 Bentleius
311 2205 342 2252 ad
359 2205 381 2253 1.
399 2205 483 2256 Carm.
501 2207 526 2258 7.
753 2206 840 2254 itinere
856 2205 975 2264 faciendo,
992 2205 1123 2253 ostendens
1139 2203 1302 2265 signaimmi-

197 2285 340 2345 Antequam
361 2290 457 2333 stantes
477 2291 576 2346 repetat
600 2286 711 2348 paludes.
753 2285 832 2332 nentis
845 2283 1005 2346 tempestatis.
1015 2282 1118 2339 “Orion,
1130 2283 1199 2339 dicit,
1210 2297 1302 2346 magno

163 2359 270 2410 Obseuri
293 2377 392 2422 versus,
425 2379 486 2427 quos
516 2365 607 2413 sentias
631 2365 712 2426 magis
753 2364 901 2411 tumultuin
912 2362 1152 2425 oocasumtrepidat.
1171 2363 1303 2425 Egomet,

163 2455 213 2489 non
230 2456 283 2490 esse
299 2441 414 2502 Horatii,
435 2459 511 2506 quam
529 2444 620 2492 diserte
636 2443 712 2503 dieas,
753 2455 829 2502 quam
854 2442 1019 2504 periculosum
1047 2442 1079 2489 sit
1103 2440 1130 2488 in
1156 2447 1303 2505 tempestate

163 2533 210 2568 eur
232 2534 283 2568 non
299 2521 355 2569 sint.
378 2522 444 2570 Tam
465 2523 584 2585 impedita
601 2529 638 2570 est
654 2537 709 2570 sen·
753 2534 822 2569 mare
849 2520 1023 2568 Hadriaticum
1052 2526 1077 2568 et
1110 2534 1188 2584 quam
1222 2518 1303 2568 fallax

164 2599 242 2646 tentia
263 2604 288 2648 et
308 2600 441 2648 verborum
461 2615 558 2649 cursus.
596 2601 630 2649 Et
651 2601 711 2663 quid
753 2598 859 2663 1apyx.''
884 2600 1019 2649 Inhisilla
1039 2601 1214 2663 qatdsttater
1229 2603 1303 2649 etam

164 2676 284 2725 differunt
309 2679 408 2740 ingrato
428 2681 501 2727 modo
526 2679 630 2741 repetita
654 2679 712 2738 illa,
754 2678 834 2726 alieno
850 2679 904 2726 loeo
921 2679 1001 2741 posita
1016 2685 1080 2726 sunt.
1098 2679 1225 2742 Loquitur
1235 2679 1302 2728 enim

164 2757 219 2803 auia
246 2756 331 2803 divina
355 2758 487 2814 imbrium,
513 2773 601 2806 coraus
626 2772 711 2815 oscen,
754 2757 785 2805 de
801 2763 945 2820 tempestate
962 2756 1113 2806 imminente.
1139 2757 1302 2806 Namsiiam

164 2848 230 2895 vaga
250 2837 351 2894 corate,
368 2837 457 2898 quibus
479 2836 505 2883 in
522 2837 653 2884 cumulum
670 2838 712 2884 ad·
754 2837 887 2897 erupisset,
913 2836 968 2899 ipsa
984 2836 1098 2897 Galatea,
1117 2851 1169 2885 non
1186 2844 1303 2887 monente

165 2912 234 2960 ditur
249 2915 336 2975 picas?
755 2914 850 2974 amieo,
878 2915 944 2963 domi
973 2920 1091 2963 maneret.
1135 2913 1301 2965 Soribendum

200 2993 283 3054 Teque
306 3009 350 3042 neo
376 2995 461 3042 laeana
482 2999 551 3042 aetat
572 2995 610 3043 tre
628 2997 711 3056 picas.
754 2992 847 3043 iudico:
865 2996 933 3057 Epo,
953 2996 1016 3057 qaid
1034 2996 1071 3042 att
1090 2999 1148 3042 ater
1172 2996 1302 3051 Hadriae,

164 3069 252 3132 Neque
267 3071 352 3119 omina
372 3072 439 3119 mala
455 3078 480 3121 te
491 3071 527 3120 ire
544 3079 636 3121 vetant.
663 3074 712 3123 Sed
754 3075 824 3130 aaut,
840 3088 922 3121 sonae.
941 3073 1043 3122 “Audio
1060 3088 1092 3121 ex
1108 3073 1248 3138 longinquo
1265 3089 1302 3123 so·

164 3146 241 3196 Orion
259 3163 299 3198 me
315 3165 364 3198 non
381 3151 440 3198 sinit
456 3165 508 3199 esse
524 3165 646 3200 securum.
664 3153 712 3201 Ille
755 3165 815 3199 num
837 3153 947 3202 Hadriae
967 3154 992 3201 in
1013 3153 1069 3201 aere
1090 3161 1300 3204 murmurantem.

164 3228 270 3289 trepidat
291 3229 368 3277 nimio
392 3230 511 3278 tumultu.
544 3230 598 3278 Nee
623 3231 712 3279 surdus
754 3229 836 3287 Novi,
862 3231 920 3294 quid
952 3232 985 3280 sit
1010 3238 1035 3280 et
1051 3232 1115 3280 ierat
1136 3232 1182 3280 iste
1199 3235 1302 3282 sonus.''

100 3355 104 3365 ,
164 3307 207 3356 ille
225 3309 335 3358 Hadriae
353 3324 429 3358 sonus
446 3309 507 3357 mihi
524 3308 611 3372 plaaet.
754 3309 825 3358 Mare
845 3312 937 3360 seilicet
958 3315 1015 3359 ante
1035 3315 1208 3372 tempestatem
1230 3325 1303 3374 saepe

198 3390 265 3436 Sotta
281 3392 312 3437 ab
329 3396 397 3437 orta.
431 3388 486 3437 Hoo
504 3388 602 3437 debebit
618 3388 710 3451 signifi·
754 3387 845 3436 duetus
867 3390 950 3452 erigit,
976 3388 1042 3451 quod
1058 3395 1143 3435 atrum
1159 3394 1185 3436 et
1201 3403 1302 3439 eoeeum

163 3479 219 3514 care
237 3471 267 3516 ab
288 3470 398 3517 Oriente.
421 3467 528 3528 Quando
548 3468 655 3516 Romani
676 3469 711 3517 sie
753 3481 868 3515 murmur
885 3468 910 3515 in
927 3467 996 3516 coelo
1012 3467 1087 3515 efficit
1109 3473 1135 3515 et
1159 3467 1212 3517 late
1229 3469 1300 3517 audi·

163 3543 341 3605 loquebantur,
366 3547 532 3609 loquebantur
555 3546 602 3603 ita,
626 3554 655 3594 ut
678 3563 709 3596 ex
753 3551 805 3602 tur,
822 3547 882 3608 quia
897 3545 965 3594 venti
982 3545 1093 3592 nondum
1110 3545 1244 3603 advenere,
1260 3547 1302 3609 qui

163 3638 248 3672 rerum
264 3626 387 3674 sententia
403 3625 595 3686 intelligeretur,
606 3626 710 3675 vellent·
753 3623 801 3671 alio
817 3625 843 3672 in
860 3626 915 3673 loeo
931 3625 1084 3683 saevierunt,
1101 3624 1167 3671 unde
1185 3625 1236 3672 iam
1256 3625 1301 3672 flu·

162 3714 194 3748 ne
214 3702 343 3751 Orientem
364 3717 396 3750 an
424 3709 521 3764 tempas
546 3709 709 3754 matutinam.
753 3708 821 3761 etus,
846 3703 877 3751 ab
903 3703 957 3751 aliis
983 3701 1098 3750 fluetibus
1123 3701 1240 3765 impulsi,
1262 3710 1301 3752 tu·

164 3777 191 3828 Si
209 3778 290 3828 dicam
307 3781 450 3843 simpliciter
468 3785 499 3830 ab
511 3789 570 3831 orta
581 3784 710 3841 aottr,dieo
752 3788 828 3830 ment.
853 3783 906 3831 Nos
922 3783 986 3831 illud
1003 3783 1028 3830 in
1045 3781 1127 3844 patria
1143 3789 1241 3840 nostra,
1257 3784 1303 3847 qui

163 3864 261 3921 tempus
278 3875 328 3923 quo
344 3862 380 3909 sol
397 3862 486 3910 oritur.
512 3862 543 3910 In
560 3863 648 3911 Horat.
661 3863 708 3912 IV.
752 3873 802 3908 non
824 3861 910 3923 procul
932 3877 947 3909 a
967 3862 1032 3909 mari
1052 3860 1207 3919 habitamus,
1228 3876 1303 3926 saepe

163 3937 247 3987 Carm.
272 3941 309 3988 15.
336 3944 460 3991 Porrecto
485 3943 604 3989 maianus
621 3944 656 3990 od
671 3956 709 3989 or·
752 3938 874 3988 audimus.
899 3940 988 4003 Neque
1011 3953 1041 3987 ea
1060 3953 1099 3988 res
1120 3939 1248 3989 Romanos
1265 3940 1301 3988 la-

163 4021 218 4064 tam
252 4020 318 4068 Sota
340 4021 371 4068 ab
393 4022 518 4082 Hesperio
542 4021 632 4070 oabttt:
668 4019 709 4067 vel
752 4019 830 4078 tebat,
855 4034 936 4082 neque
960 4018 1080 4068 Graecos:
1109 4024 1219 4066 tractata
1247 4020 1301 4069 sine

163 4109 193 4143 ex
217 4111 276 4147 voce
298 4105 418 4161 porrecta
439 4098 512 4147 facile
533 4098 709 4160 intelliguntur
752 4098 828 4147 dubio
844 4099 876 4147 ab
892 4098 1031 4148 Aristotele
1051 4099 1077 4147 in
1098 4097 1164 4146 libro
1184 4099 1242 4163 περὶ
1255 4117 1300 4159 on·

166 4176 257 4224 Oriens
275 4187 299 4225 et
319 4179 445 4226 Oeotdeas.
469 4178 556 4225 Livius
574 4176 651 4226 XXI.
669 4179 708 4226 30.
751 4177 829 4239 μείων
837 4178 977 4242 χειμώνων,
991 4177 1022 4225 de
1030 4191 1079 4240 quo
1090 4176 1222 4243 Fabricius
1233 4177 1300 4227 Bibl.

166 4253 231 4301 Tam
248 4258 342 4303 monitat
359 4257 386 4303 td
405 4258 485 4303 amara
505 4259 616 4318 tanqam,
632 4272 710 4318 qaam
752 4255 849 4306 Graeca
865 4256 919 4304 Lib.
932 4256 984 4306 III.
996 4256 1016 4304 l.
1029 4256 1050 4305 l.
1070 4254 1300 4319 virgit.1.Georg.

163 4333 195 4378 ab
211 4348 297 4382 oronam
319 4336 377 4382 solis
395 4336 429 4381 od
448 4340 531 4383 ortam
553 4338 710 4385 intenderent
751 4336 807 4383 356.
824 4336 1051 4393 continuatarum
1066 4336 1236 4396 torpentibus,
1253 4341 1300 4384 aut
