2916 5220
640 314 956 377 (lilltMlNUM

320 501 368 565 Aa·
393 523 487 586 aequa
511 505 573 565 ium
591 500 722 566 statutis
739 502 856 587 pandet
873 523 987 586 pectus,
1008 511 1064 566 uui
1087 511 1198 566 aratu
1226 507 1308 588 ἱροί,

364 603 431 668 Nec
454 608 549 687 prata
570 603 661 668 canis
685 602 831 668 albicant
853 603 990 688 pruinis.

320 707 389 770 lam
415 707 574 791 Cytherea
597 707 711 771 choros
735 707 827 772 ducit
849 708 979 789 Venus,
1004 708 1197 773 imminente
1222 709 1331 789 Luna,

367 811 565 894 innataeque
590 810 753 894 Nymphis
779 810 911 875 Gratiae
934 812 1084 876 decentes

323 912 460 976 Alterno
483 918 602 977 terram
626 912 780 997 quatiunt
802 913 899 996 pede,
925 914 1002 977 dum
1024 936 1139 997 graves
1161 915 1343 1000 Cyclopum

363 1015 530 1080 Vulcanus
553 1015 669 1079 ardens
693 1014 760 1079 urit
783 1015 937 1080 officinas.

229 1229 402 1275 tatueitiuarum
410 1228 435 1274 in
444 1226 589 1274 suavissima
599 1226 662 1274 veris
670 1226 777 1289 imagine
797 1234 800 1245 ¹
821 1243 862 1275 ros
874 1229 945 1275 ducit
956 1228 1080 1276 iuvenum.
1099 1230 1206 1276 quenes
1216 1242 1261 1291 pro
1270 1230 1375 1291 puellae

228 1304 337 1354 offendit.
362 1305 464 1367 Quanto
480 1304 617 1367 elegantius
630 1304 719 1352 Horat.
727 1303 775 1352 IV.
821 1306 910 1354 idonea
926 1307 1070 1354 auctoritate
1086 1314 1227 1355 noncarat:
1244 1322 1268 1354 v.
1281 1308 1371 1358 Brrm.

229 1383 314 1434 Germ.
334 1386 371 1434 la.
401 1387 462 1434 lom
486 1386 552 1434 veiis
576 1386 689 1444 comites,
713 1398 777 1444 quue
822 1386 853 1432 ad
870 1386 977 1434 Phaedri
994 1386 1029 1434 11.
1048 1385 1096 1433 fab.
1109 1387 1133 1434 λ
1166 1386 1222 1435 Hoc
1237 1394 1304 1436 certe
1315 1402 1371 1437 me·

227 1481 298 1515 usare
323 1470 481 1527 temperant,
515 1465 657 1526 Impediunt
678 1464 777 1510 unitrice
822 1465 870 1513 lius
895 1479 972 1528 quam
996 1464 1062 1527 quod
1081 1465 1220 1513 emendavit
1240 1465 1372 1529 Cuningh.

228 1546 306 1594 lintea
327 1547 456 1595 Thraciae.
488 1546 576 1608 Neque
596 1545 657 1592 haec
677 1542 775 1604 placuc·
821 1545 975 1593 cautious.
1006 1541 1164 1606 Oudendorp.
1182 1545 1291 1608 legebat:
1310 1548 1373 1595 Iam

228 1631 287 1671 runt
313 1624 456 1675 Sanadono:
482 1625 593 1680 “Navcs,
617 1622 707 1685 inquit,
732 1634 776 1683 per
824 1623 950 1686 Cytherea
969 1625 1055 1672 choros
1074 1625 1158 1683 ducit,
1178 1626 1273 1672 ueremi
1289 1627 1371 1674 inarti-

227 1704 353 1752 machinas
364 1705 389 1751 in
401 1719 470 1754 mare
481 1711 585 1761 tractae,
601 1702 719 1750 rusticum
732 1700 776 1748 ali-
820 1707 894 1750 ueuie
918 1704 1001 1750 Luua.
1035 1701 1090 1749 Hoc
1118 1707 1155 1749 est
1178 1717 1260 1763 supro
1284 1719 1373 1753 merrus

228 1783 288 1843 quid
305 1791 329 1830 et
345 1783 438 1847 pingue
450 1790 498 1840 cat,
516 1783 705 1845 aicomparetur
717 1794 775 1828 cum
820 1782 970 1843 splendente.
998 1781 1145 1844 Eleganter!
1174 1781 1223 1832 Sed
1240 1796 1290 1829 non
1306 1798 1372 1845 opus

228 1857 774 1924 Zephyris,vere,Venerc,NymphisetGra·
820 1866 857 1907 est
889 1860 1065 1909 emendatione.
1107 1860 1201 1909 Dicunt
1224 1861 1372 1924 interpretes

227 1935 291 1985 tiis.'’
324 1941 359 1987 Et
374 1955 425 2003 quo
436 1941 572 1989 trahuntur
582 1953 658 1989 naves
668 1953 713 2002 per
723 1954 774 1987 ma·
825 1940 928 1987 Veturia
963 1940 1102 2002 Cythereae
1134 1939 1235 1987 nullum
1263 1943 1372 1991 inveniri

227 2015 312 2065 chinus
328 2018 402 2068 istas?
427 2020 548 2069 Poterant
565 2021 630 2069 trahi
643 2021 775 2069 exunoin
820 2017 977 2081 exemplum,
1002 2024 1029 2066 ut
1054 2033 1135 2082 neque
1155 2033 1211 2067 eam
1231 2034 1247 2067 a
1268 2021 1371 2070 Graccis

227 2095 336 2144 alterum
352 2098 431 2146 litoris
447 2100 540 2147 iocum.
564 2101 688 2149 Additum
705 2113 774 2161 opor-
820 2111 926 2159 usquam
934 2099 1057 2147 nominari
1065 2097 1370 2164 ἈφροόἱτηνΚυθὲρειαν

227 2173 295 2222 tebat
311 2177 338 2224 iu
354 2192 453 2239 aquarn.
480 2178 530 2227 Sed
547 2178 713 2227 inuetiucsin
728 2178 775 2225 hoc
819 2176 853 2222 nt
870 2176 903 2224 sic
919 2178 1046 2227 Bentleius
1063 2179 1179 2241 disputat.
1213 2179 1271 2237 Sed,
1287 2180 1307 2227 si
1326 2181 1370 2229 ho-

227 2254 335 2304 carmine
351 2270 479 2320 nunquam
492 2263 697 2320 exspectaveram.
718 2255 774 2306 Suf—
820 2255 858 2304 die
870 2271 920 2305 non
933 2257 1073 2305 inveniatur
1085 2258 1236 2320 exemplum,
1247 2272 1297 2306 non
1310 2260 1371 2309 hinc

227 2331 323 2383 liciebat
338 2352 487 2394 auocauere
498 2338 692 2392 adveutuutaiu
705 2351 775 2384 utare
819 2333 958 2392 conficitur,
979 2335 1079 2384 nullum
1099 2336 1227 2385 exstitisse.
1260 2339 1370 2389 Exstite·

226 2414 391 2464 deducuntur.
425 2415 555 2476 Quomodo
571 2417 734 2472 deducantur,
750 2422 775 2463 et
820 2422 881 2462 runt
896 2416 948 2463 sine
965 2415 1046 2462 dubio.
1075 2416 1140 2463 Ecce
1157 2415 1369 2477 Grammaticum,

226 2500 313 2541 uotum
329 2501 378 2552 cst,
394 2504 419 2545 et
430 2511 568 2546 memorare
578 2495 700 2559 putidum.
719 2495 774 2544 Iam
819 2492 891 2541 cuius
915 2493 1028 2542 libellum
1053 2493 1083 2540 de
1108 2494 1229 2556 Epithetis
1253 2496 1368 2547 Deorum

225 2573 305 2622 decue
321 2575 445 2637 epitheton
461 2583 499 2625 est
515 2576 671 2638 languidum.
698 2575 774 2624 Ianus
819 2572 894 2620 edidit
910 2572 1049 2622 Creuzerus
1064 2573 1089 2620 in
1106 2573 1231 2622 Meletem.
1257 2575 1328 2626 Part.
1347 2580 1368 2628 Ι.

226 2651 319 2702 invenit
335 2656 402 2718 apud
418 2657 529 2705 Marium
546 2656 704 2703 Victorinum
720 2669 773 2702 rer·
818 2667 841 2714 p.
859 2652 898 2700 26.
934 2651 1056 2702 'Euri-isra
1073 2652 1232 2717 Ἀφροδίτης.
1267 2659 1367 2718 Χρυσῆ.

228 2731 270 2788 ba,
288 2740 317 2780 ut
333 2734 402 2791 dicit,
419 2736 507 2783 veteris
524 2736 620 2797 po'c'taa:
646 2735 774 2782 Trahunt·
818 2731 920 2789 κωλιάς.
938 2732 1087 2797 φιλομειδής.
1102 2732 1231 2796 Κυθέρεια.
1267 2733 1367 2783 Amob.

226 2825 273 2870 que
289 2813 387 2874 cruquio
398 2813 773 2862 nauitaecluuwrtbuacariuaa.
818 2811 865 2860 IV.
884 2812 939 2859 adv.
958 2810 1049 2860 Gentes
1068 2826 1125 2874 pag.
1145 2812 1199 2859 143.
1234 2813 1370 2874 Numquid

228 2887 255 2937 Si
280 2890 330 2938 sint
353 2893 442 2940 veteris
465 2893 563 2955 poetae,
585 2891 685 2939 omissas
707 2892 774 2940 vides
818 2908 849 2940 ea·
863 2892 947 2954 peluqt‘
962 2905 1064 2953 spuerio,
1085 2896 1115 2937 ut
1136 2906 1167 2938 ea
1186 2891 1255 2939 Coeli
1270 2894 1367 2954 penitu-

226 2970 362 3018 utuchiuua.
381 2970 429 3020 Sed
446 2970 531 3018 fictum
547 2978 609 3034 puto
626 2985 724 3020 versum
741 2972 773 3020 ab
818 2971 883 3018 libus
908 2973 1060 3033 aruputatu,
1087 2972 1236 3034 Cythereiue
1263 2972 1369 3021 Veneris

226 3046 279 3108 ipso
299 3048 430 3099 Victorino
451 3052 482 3099 ad
503 3052 570 3100 hunc
591 3052 667 3099 nostri
684 3050 771 3101 Gram-
818 3054 958 3098 concretum
975 3051 1094 3098 coaluisse
1109 3053 1247 3099 cauctorem.
1273 3049 1367 3112 Papias

227 3128 315 3176 matici.
817 3126 843 3174 in
852 3126 991 3176 Glossario:
1008 3130 1153 3191 “Cytirerec
1166 3131 1261 3186 Venus,
1274 3145 1290 3176 a
1300 3129 1366 3187 loco,

260 3210 299 3256 :ic
311 3223 388 3272 neque
400 3211 450 3257 ium
464 3212 571 3258 atribuite
583 3212 675 3272 pandet
687 3225 771 3271 pecua

226 3294 273 3336 cut
293 3279 382 3336 uiator
401 3290 460 3350 iqui.
494 3288 665 3336 Iniucundum
686 3288 725 3336 hic
742 3305 772 3339 uc

226 3383 303 3430 aeque
318 3371 376 3417 ium.
410 3373 449 3418 Ac
465 3383 646 3430 supervacuum
664 3375 707 3418 cst.
737 3371 772 3417 Et

226 3449 308 3496 statim
329 3449 441 3511 sequitur
460 3449 512 3494 ium
532 3447 663 3509 Cytherea.
696 3447 771 3496 Prac-

226 3534 293 3575 tcrca
312 3527 444 3575 dicendum
464 3532 517 3573 erat
536 3539 614 3587 aeque
633 3540 707 3588 pecus
723 3533 771 3574 sta-

226 3605 302 3663 bulis,
320 3622 397 3668 aeque
413 3611 494 3652 arator
511 3605 570 3666 igni.
597 3605 666 3665 Quae
682 3612 772 3652 cuncta

226 3685 298 3733 metri
314 3683 443 3733 necessitas
459 3683 584 3745 expressit.

259 3767 313 3814 Nec
335 3769 416 3826 prata
440 3764 510 3811 cuuis
531 3763 642 3810 albicant
661 3763 769 3824 pruinis.

227 3843 310 3894 Schol.
333 3844 406 3893 Statii
423 3843 443 3891 I.
466 3841 544 3891 Theb.
566 3841 622 3889 512.
648 3843 718 3890 cuiuis
735 3845 770 3891 ul-

225 3925 292 3973 bicat
307 3938 351 3972 era
367 3925 474 3985 pruinis.

258 4005 318 4051 Iura
337 4003 462 4065 Cytherea
482 4003 568 4051 citerna
588 4001 658 4048 diruit
680 4002 769 4049 Venus.

816 3204 876 3268 quia
896 3206 930 3254 ibi
951 3214 1006 3254 orta
1025 3208 1085 3255 est.’'
1120 3207 1147 3256 Si
1166 3214 1251 3254 auctor
1267 3208 1367 3271 Hymni

816 3285 841 3332 in
868 3285 962 3334 Vener.
993 3302 1027 3334 vs
1056 3288 1077 3333 l.
1112 3287 1175 3350 ἔργα
1201 3285 1366 3350 πολυχρύσου

816 3361 965 3427 Ἀφροδίτης
982 3364 1126 3428 Κύπριδος,
1143 3365 1164 3411 si
1180 3364 1243 3411 alius
1257 3369 1365 3430 Κυπρο-

816 3447 876 3506 γενῆ
902 3443 1041 3506 Κυθέρειαν
1065 3443 1192 3507 ἀείσομαι,
1220 3445 1364 3506 usurpavit,

816 3522 901 3583 quidni
917 3523 1033 3571 credibile
1049 3523 1082 3570 sit
1097 3522 1186 3581 fuisse,
1203 3523 1246 3585 qui
1259 3536 1364 3586 usurpa

818 3602 897 3649 verint
917 3600 1067 3666 Ἀφροδίτην
1086 3601 1238 3665 Κυθέρειανῖ
1267 3602 1363 3651 Meinc-

816 3679 873 3726 hius
893 3681 1000 3728 ostendit
1019 3681 1153 3730 Musaeum
1174 3682 1207 3729 H.
1229 3686 1253 3728 ct
1274 3681 1304 3728 L.
1322 3683 1363 3731 38.

815 3757 872 3806 ἀλλ’
889 3757 938 3806 αἰεὶ
955 3758 1094 3823 Κυθέρειαν
1111 3758 1364 3824 ἱλασκομένηἈφρο·

815 3836 894 3898 δίνην,
912 3838 965 3900 qui,
982 3845 1011 3885 ut
1028 3844 1091 3886 recte
1109 3838 1189 3895 addit,
1201 3838 1244 3886 vix
1257 3839 1363 3888 dubium

815 3922 863 3972 est,
880 3918 940 3978 quin
957 3918 1104 3979 antiquiores
1116 3918 1200 3980 po'c'tas
1212 3925 1312 3966 secutus
1324 3919 1363 3966 sit.

815 3994 886 4044 Ocni.
903 4010 977 4058 porro
989 3995 1090 4044 Ruhnk.
1100 3997 1179 4058 Epist.
1188 3996 1248 4045 Grit.
1258 3996 1279 4044 Ι.
1288 4012 1312 4059 p.
1321 3999 1362 4045 51.

225 4081 285 4129 Vidi
309 4082 335 4129 in
357 4082 458 4144 antiqua
478 4080 582 4129 editione
603 4077 771 4128 Bibliothecae
814 4074 921 4123 Ausonii
941 4076 1034 4138 Cypria
1049 4078 1146 4124 Gnidiu
1158 4076 1294 4139 august
1312 4078 1363 4125 huc

225 4161 363 4216 Lcidcnsis,
376 4158 601 4215 manu‚nifallor,
617 4157 770 4215 casauboni,
814 4169 864 4202 non
881 4155 993 4217 pertinet.
1028 4156 1074 4202 Est
1092 4156 1158 4203 enim
1175 4154 1265 4218 Cypria
1283 4157 1361 4203 artiii-

224 4240 343 4300 scriptum
357 4241 441 4287 chorea
453 4241 576 4287 iuuenum.
602 4237 677 4286 Unde
692 4237 770 4300 suspi-
815 4236 849 4283 cis
866 4234 957 4286 Gnidii.

225 4333 267 4365 cor
283 4331 341 4365 curn
360 4317 474 4364 voltusse:
497 4319 556 4364 lurra
576 4316 699 4377 Cytherea
717 4317 770 4364 cbo·
848 4317 919 4362 Duru
944 4330 1031 4376 prunae
1056 4315 1190 4377 Cyclopum
1231 4315 1361 4363 Vulcuuua
