2916 5220
233 333 296 392 les
641 329 959 393 CARMINUM

413 516 578 579 I’ceeeutia
601 520 670 580 ucri
685 536 803 600 puucu.
852 517 948 602 lupe
970 524 1056 580 retro

411 618 505 682 Leuis
529 620 669 682 iueeutus
693 627 724 681 et
746 617 855 700 curor,
879 618 975 683 unicui

456 719 599 784 Peilcute
622 720 752 786 insciens
775 742 896 786 umores

505 823 628 888 Ceuitie
644 822 838 909 facilemque
860 845 1008 889 seruuuuu

412 925 488 989 Nou
511 946 633 1012 semper
656 926 737 991 idem
748 925 888 1010 floribus
911 937 957 992 cst
978 928 1077 992 lucer

421 1029 549 1113 Vernis,
573 1051 669 1115 ueque
690 1052 752 1095 uuo
774 1032 870 1095 Luuu
892 1030 1006 1096 rubeus
1028 1035 1106 1096 uitet

466 1132 576 1198 Vultu:
600 1134 679 1219 quid
699 1138 837 1199 ceteruia
859 1138 1009 1200 minorem

509 1236 657 1302 Consiliis
679 1240 818 1302 uuiruuut
828 1236 983 1324 satique?

418 1339 484 1403 Cur
506 1361 569 1404 uun
591 1338 646 1404 sui
668 1340 736 1404 uitu
758 1340 808 1405 uel
823 1339 962 1425 pluteus
984 1339 1034 1404 nel
1052 1340 1112 1404 iuc

413 1443 502 1507 Piuu
526 1447 661 1508 iacentes
683 1447 729 1508 sic
752 1452 863 1508 tenuere
885 1453 915 1507 et
935 1464 1010 1508 roan

463 1547 568 1611 Cuuos
590 1544 716 1611 eduruti
738 1546 888 1632 rupilius,

501 1650 589 1714 Duru
612 1649 698 1732 iicet,
722 1648 916 1735 Assyriaque
938 1649 1041 1714 unedo

269 1805 348 1865 anit
373 1808 441 1850 retro
472 1803 546 1850 Levia
571 1804 695 1850 inseritur.
729 1801 785 1849 Hoc
819 1816 875 1849 rum
892 1802 1058 1849 humanarum
1077 1801 1268 1849 inconstantiam
1285 1801 1373 1849 eadem

234 1880 354 1928 Horatius
370 1895 451 1944 nequo
468 1880 498 1929 de
515 1895 554 1938 se,
572 1894 652 1943 neque
664 1879 694 1928 de
705 1879 785 1927 amico
818 1879 928 1942 imagine
952 1881 1041 1929 Lunae
1068 1880 1246 1929 illustraverat.
1287 1879 1374 1929 Facile

234 1959 316 2008 dicere
331 1959 423 2021 potuit,
447 1959 491 2023 qui
509 1973 558 2007 non
575 1958 697 2006 imberbes
714 1958 782 2006 inve·
819 1959 872 2008 fieri
889 1960 982 2021 potuit,
1000 1966 1029 2008 ut
1042 1968 1126 2010 noster
1136 1962 1209 2024 po'e'ta
1220 1961 1374 2024 Sophoclem

234 2051 290 2095 nes,
316 2039 358 2087 sed
384 2039 434 2085 iam
458 2038 506 2086 viri
526 2044 615 2086 essent.
649 2036 784 2085 Praeterea
821 2046 877 2086 ante
909 2039 993 2086 oculos
1022 2039 1143 2088 habuerit.
1188 2039 1256 2088 Nam
1284 2040 1374 2089 Graeci

235 2117 344 2165 medium
365 2124 461 2179 tempus
482 2124 520 2165 est
544 2116 608 2165 inter
629 2117 783 2164 iuventutem
823 2116 997 2167 Grammaticis
1012 2118 1089 2180 poitis
1100 2132 1149 2166 non
1162 2125 1234 2166 erant
1244 2119 1373 2182 incogniti.

234 2195 368 2245 imberbem
398 2202 424 2244 et
447 2199 565 2247 canitiem
588 2197 696 2244 audeus.
735 2195 784 2243 Hic
823 2197 873 2247 Sed
890 2211 939 2260 quo
955 2197 1118 2261 praestantior
1134 2197 1167 2246 sit
1183 2198 1245 2246 haec
1260 2199 1374 2262 strophe,

236 2275 446 2338 autemlegimus:
462 2275 586 2338 “Quando
593 2275 695 2324 canities
707 2275 783 2331 vonit,
822 2282 892 2324 tanto
909 2275 1001 2338 magis,
1017 2277 1083 2340 quod
1099 2277 1125 2324 in
1141 2277 1196 2326 aliis
1211 2277 1374 2327 invenustum

234 2354 347 2404 iuventas
363 2355 494 2417 imberbis,
511 2355 578 2417 (nam
591 2356 637 2403 hoe
649 2360 686 2403 est
697 2355 783 2417 insuia)
823 2354 932 2413 videtur,
949 2360 1038 2403 exstat.

234 2441 301 2483 retro
316 2435 405 2498 fugit.”
419 2435 513 2485 Melius
530 2436 625 2498 antiqui
641 2435 728 2498 poetae
740 2434 782 2481 ad·
859 2433 942 2482 Canos
955 2435 1054 2482 odorae
1064 2435 1175 2496 capillos.
1194 2434 1251 2484 MS.
1262 2435 1374 2486 Franek.

234 2514 329 2563 hortari
360 2515 473 2564 solebant
504 2529 593 2578 pueros
623 2521 647 2562 ot
674 2514 782 2577 puellas:
822 2514 947 2561 odoranti.
965 2512 1018 2563 Gur
1035 2512 1373 2574 hiccapillidicanturecni,

233 2593 355 2651 “Ludite,
376 2595 435 2642 anni
452 2598 521 2642 eunt.¹
540 2594 660 2641 Iuventas
676 2600 782 2656 praeter·
822 2605 872 2638 oon
890 2598 970 2653 potest
990 2592 1115 2655 explicari.
1150 2592 1287 2655 Explicant
1308 2597 1373 2642 elbe-

232 2669 263 2726 it,
283 2671 333 2718 iarn
356 2673 437 2720 veniet
456 2679 581 2731 senectus,
601 2686 664 2734 quae
687 2687 782 2721 amores
822 2678 925 2720 acuties.
954 2673 1085 2720 Mittamns
1102 2671 1233 2721 discrimen
1251 2673 1317 2735 qnod
1337 2680 1374 2722 est

232 2749 308 2796 odit.‘’
341 2751 461 2799 Iuventas
477 2750 504 2798 in
520 2751 574 2798 viro
591 2764 639 2797 non
656 2750 783 2812 praeterit,
823 2751 888 2799 inter
904 2749 1006 2813 capillos
1023 2754 1301 2800 uibeacmteaeteuuos.
1319 2753 1373 2801 Ho-

232 2827 275 2875 sed
292 2826 342 2874 iam
358 2829 492 2891 praeteriit.
823 2829 902 2877 ratius
919 2829 996 2892 igitur
1011 2837 1037 2879 et
1054 2830 1184 2892 Quinctius
1201 2831 1327 2879 habebant
1335 2847 1374 2880 ca·

267 2909 425 2970 Fncileruque
454 2922 573 2956 coriscum.
615 2907 658 2955 Ex
683 2906 783 2955 Horatii
823 2908 896 2972 pillos
913 2908 1078 2957 albescentes?
1106 2907 1236 2968 Quomodo
1253 2910 1300 2958 hoe
1318 2925 1375 2959 con·

233 2985 362 3034 Carmine:
386 2987 437 3034 Seu
454 2987 520 3048 peris
531 2984 637 3049 facilem
653 2987 700 3046 piu
716 2991 783 3034 testu
823 2987 892 3037 venit
908 3001 965 3036 cum
987 2986 1199 3036 antecedentibus:
1221 2988 1296 3037 “Non
1312 3003 1375 3038 sem-

232 3081 351 3114 somuum.
385 3063 475 3127 Inepta
495 3078 554 3113 vero
570 3064 701 3113 sententia:
724 3065 782 3113 “Iu-
823 3080 868 3128 per
884 3065 976 3114 erimus
994 3065 1112 3125 iuvenes,
1129 3071 1158 3113 ut
1174 3065 1277 3116 floribus
1293 3069 1376 3117 vernis

232 3145 301 3193 venis
319 3158 403 3192 amare
418 3150 512 3206 potest,
530 3143 655 3192 etmelius
670 3143 783 3193 dormire.
824 3158 873 3192 non
890 3158 986 3208 semper
1003 3150 1040 3194 est
1054 3145 1120 3194 idem
1134 3144 1235 3193 honos.”
1262 3147 1375 3196 Pruden-

234 3223 340 3273 Scnibus
361 3229 444 3271 autem
464 3223 551 3270 tardus
572 3222 640 3270 venit
659 3223 783 3270 somnus.‘'
824 3223 874 3271 tius
902 3222 954 3286 ipse
980 3222 1115 3271 Horatius:
1144 3224 1220 3272 Leuit
1249 3228 1376 3275 aiterum

232 3301 272 3349 Ne
289 3300 353 3351 Cato
373 3301 473 3364 quidem
491 3300 557 3363 apud
574 3300 720 3350 Ciceronem
737 3301 783 3348 hoc
824 3304 921 3351 auium
938 3303 1053 3363 capillus.
1072 3300 1138 3350 Sunt
1153 3307 1178 3350 et
1194 3301 1244 3350 alia
1261 3303 1308 3351 sibi
1318 3318 1375 3352 con-

233 3381 264 3428 ad
287 3382 418 3430 senectutis
439 3381 595 3429 incommoda
615 3380 712 3429 retulit:
733 3379 784 3428 imo
824 3381 908 3429 traria.
927 3380 1010 3442 Supra
1027 3380 1135 3428 dixerat:
1157 3381 1291 3438 “canitiea,
1307 3387 1375 3430 aetas

232 3475 285 3523 cap.
310 3462 347 3509 13.
369 3460 439 3509 dicit:
465 3467 534 3508 curet
554 3466 667 3510 aereectua
687 3461 783 3522 mulia,
824 3461 892 3508 canis
913 3459 1023 3523 capillis,
1043 3459 1113 3522 pellit
1133 3458 1238 3507 lascivos
1254 3461 1376 3510 amores.”

232 3542 415 3600 exstructisque
447 3540 536 3587 rurensis
560 3545 585 3588 et
603 3538 784 3601 frequentibus
824 3540 900 3588 Nunc
908 3540 976 3587 dicit:
994 3539 1148 3598 “nos,canis
1159 3538 1269 3602 capillis,
1282 3553 1324 3588 eos
1336 3554 1375 3588 ca-

230 3618 341 3679 poculiai
377 3617 456 3665 Curet
472 3633 528 3680 erpo
544 3621 622 3666 etiarn
638 3619 784 3675 tinnientia,
824 3620 898 3682 pillos
915 3618 977 3666 rosis
993 3631 1111 3666 ornemus
1127 3624 1152 3665 et
1169 3619 1303 3680 unguentis
1321 3633 1375 3681 per-

233 3702 258 3745 et
274 3696 443 3744 creditatest
459 3698 594 3745 insoruuiis.
824 3697 970 3756 fundamus,
991 3704 1017 3746 et
1037 3711 1096 3744 cum
1117 3696 1201 3760 Lyde,
1226 3702 1318 3754 scorto,
1340 3697 1375 3745 fa-

269 3776 326 3822 Nou
341 3790 437 3838 semper
453 3776 519 3823 idem
526 3769 688 3838 floribuseat
699 3778 783 3826 lionor.
824 3777 954 3825 miliariter
975 3775 1059 3826 simus.
1081 3775 1192 3826 Canities
1213 3775 1290 3838 igitur
1309 3775 1375 3823 nibil

232 3853 303 3902 Haec
323 3854 422 3917 strophe
443 3854 548 3902 Horatio
565 3854 642 3917 digna
658 3861 702 3903 est.
734 3856 783 3903 Ne·
825 3871 907 3905 rerum
925 3857 1030 3904 istarum
1049 3855 1130 3919 pellit.

232 3948 281 3996 que
297 3947 352 3981 eam
369 3933 526 3996 reprehendi,
545 3947 624 3996 neque
640 3934 782 3996 potuissem.
857 3936 1015 3998 Assyrioque
1031 3937 1119 3984 nardo.
1144 3934 1266 3982 Horatius
1286 3948 1376 3997 nempe

234 4012 284 4062 Sed
304 4011 366 4059 talia
385 4011 425 4059 vel
447 4011 582 4061 mediocres
604 4013 691 4075 politae
710 4013 783 4061 inter·
825 4012 922 4061 dixerat
954 4016 1062 4062 nardum
1097 4013 1298 4061 Acienmeuium.
1341 4013 1376 4060 Et

233 4092 292 4138 dum
315 4089 421 4148 faciunt,
446 4098 471 4140 et
492 4092 587 4153 multa,
611 4107 662 4140 non
681 4092 783 4140 minoris
825 4097 931 4139 utuntur
947 4092 1033 4153 po'e'tae
1045 4092 1092 4140 hoc
1104 4106 1194 4155 genere
1210 4091 1237 4138 in
1248 4090 1296 4138 hac
1307 4104 1375 4140 voce.

232 4170 356 4232 elegantia
376 4168 402 4216 in
423 4169 558 4229 Sarbievio,
576 4171 680 4233 aliisque
705 4170 783 4234 poitis
824 4170 891 4218 Vide
907 4170 1037 4218 Heinsium
1055 4171 1086 4218 ad
1103 4169 1189 4220 Ovidii
1205 4169 1267 4218 XV.
1287 4168 1375 4217 Heroi-

232 4247 372 4296 reoentioris
390 4248 444 4296 aevi
461 4250 625 4309 reperiuntur.
643 4250 783 4298 Meinekius
824 4250 884 4297 dum
900 4251 941 4301 76.
958 4256 982 4297 ct
1001 4248 1137 4298 Adversar.
1154 4264 1211 4312 pag.
1228 4249 1286 4298 562.
1311 4249 1374 4296 Mei-

232 4328 338 4376 ostendit
354 4325 522 4387 fragmentum
535 4327 675 4390 Sophoclis,
692 4329 734 4391 qui
746 4344 783 4377 re·
823 4328 913 4377 nekius
934 4328 978 4377 vix
999 4328 1131 4378 crediderit
1152 4327 1286 4377 Horatium
1308 4342 1374 4375 nunc
