2916 5220
559 317 732 380 Libuit
780 318 805 379 l.

109 506 218 554 alterum
244 521 275 554 ex
302 507 351 554 alio
371 509 448 569 polita.
483 508 529 556 Est
549 515 573 555 ct
595 508 659 556 illud

108 585 199 631 coloris
221 585 349 642 Oiidiani,
375 601 398 633 r.
419 600 440 633 c.
462 586 538 634 XIII.
556 587 659 635 Metam.

108 664 166 711 2¹28.
188 666 259 712 dolor
279 666 333 727 ipse
348 665 472 712 daertma
483 663 592 726 fecerat.
626 665 660 712 Et

1209 324 1249 384 95

702 509 728 555 in
745 516 808 555 rinc:
826 515 913 571 aperite
930 512 1050 558 disertum
1062 510 1170 572 fecerat.
1197 512 1248 558 No-

703 597 756 635 tum
789 594 813 635 el
838 588 913 636 illud:
944 587 1024 653 Ἐρως
1050 589 1174 647 διδάσκει,
1202 589 1251 654 κᾷν

703 666 813 728 ἄμουσος
832 664 848 728 ἆ
866 668 894 714 rb
913 667 981 728 πρίν.

606 808 762 830 ψ

472 932 719 997 OARMEN
765 933 894 997 XXXI.

292 1067 387 1153 Quid
410 1082 597 1148 dedicatum
620 1083 728 1168 poscit
750 1083 939 1169 Apollinem

290 1187 417 1251 Vates?
441 1186 520 1272 quid
543 1194 634 1268 orat,
661 1187 700 1251 de
724 1194 837 1271 patera
860 1209 983 1251 norum

336 1290 492 1354 Fundens
515 1289 698 1375 liquorem?
744 1291 818 1355 Non
843 1291 969 1375 opimas

381 1393 551 1458 Sardiniae
574 1400 700 1478 segetes
725 1394 858 1476 feracis,

291 1496 366 1560 Non
390 1501 559 1560 aestuosae
581 1503 676 1581 graia

701 1497 869 1562 Calabriae

290 1600 467 1680 Armenta,
492 1621 558 1663 non
584 1622 718 1682 aurum,
743 1608 801 1665 aut
825 1602 904 1666 ebur
928 1602 1098 1681 Indicum,

333 1703 407 1766 Non
430 1724 523 1784 rura,
549 1724 631 1788 quae
655 1703 740 1769 Liris
766 1705 877 1790 quieta

375 1795 627 1890 Mordet'aqua,
653 1806 834 1873 taciturnus
859 1810 975 1876 amnis.

247 1971 399 2022 CARbOEN
417 1971 520 2020 XXXI.

142 2066 223 2152 Noa
240 2104 336 2164 opimae
364 2103 502 2152 Sardiniae
518 2108 610 2164 repetes
617 2101 658 2164 se·

108 2183 184 2230 racis.
218 2182 274 2230 Hoc
293 2180 401 2244 praefert
422 2179 580 2243 Oudendorp.
601 2194 657 2228 cum

108 2259 261 2308 Marklando
282 2260 313 2307 ad
334 2260 409 2310 Statii
425 2260 473 2310 IV.
497 2260 559 2309 silv.
576 2261 599 2307 6.
617 2261 657 2308 65.

108 2338 165 2387 Alii
181 2341 278 2402 opiam
296 2341 432 2388 Sardiniae
446 2345 539 2400 repetes
547 2338 658 2402 feraces.

142 2421 202 2466 Nan
222 2426 339 2468 aestuosa
354 2425 432 2482 prata
451 2419 587 2468 Calabriae
606 2422 656 2466 Ar-

107 2503 202 2546 menta.
236 2498 362 2560 Quidquid
374 2499 520 2560 interpretes
531 2498 614 2546 dicant
626 2499 657 2545 ad

107 2577 283 2639 explicandum
295 2583 371 2639 prata
381 2584 504 2635 armenta,
512 2579 573 2626 mihi
582 2585 659 2640 prata

107 2656 183 2704 nimis
207 2672 337 2707 commune
362 2666 386 2707 et
406 2673 495 2722 parum
516 2659 658 2721 significans

107 2736 220 2795 videtur,
244 2739 376 2801 praecipue
396 2738 416 2786 si
438 2752 578 2802 comparem
600 2753 656 2787 cum

107 2815 234 2878 segetibus
252 2818 399 2873 Sardiniae,
416 2817 488 2866 ebore
505 2819 657 2867 Iadieacae-

107 2895 175 2943 teris.
209 2894 319 2944 Possunt
343 2896 421 2958 accipi
445 2904 557 2944 armenta
579 2896 656 2946 Cala-

107 2976 179 3024 briae
198 2988 244 3037 pro
263 2975 393 3033 casura,
414 2981 442 3022 ut
463 2975 581 3023 Horatius
599 2975 657 3024 alibi

107 3051 173 3099 dixit
187 3067 263 3115 pecua
283 3053 427 3102 Calabrum.
460 3053 510 3101 Vel
528 3053 562 3101 sie
575 3061 658 3104 tamen

107 3131 174 3178 illud
194 3138 269 3194 prata
291 3132 372 3195 friget.
405 3132 521 3181 Fortasse
542 3146 659 3196 reponen-

108 3210 181 3258 dum:
203 3213 260 3259 Nea
276 3215 405 3259 cantuarae
424 3213 508 3260 Graia
524 3211 659 3264 Calabriae

108 3290 242 3338 Ameala.
276 3289 368 3338 Facilis
389 3304 417 3338 ae
439 3288 553 3353 frequens
575 3299 613 3340 est
632 3293 658 3342 in

107 3367 187 3418 MSS.
208 3369 336 3432 utriusque
360 3369 474 3417 vocabuli
498 3371 658 3433 pennatatio:

107 3446 158 3494 vid.
170 3445 276 3496 Salmas.
286 3447 317 3495 ad
326 3447 434 3496 Tertull.
444 3447 557 3496 Pallium
566 3464 591 3512 p.
600 3450 656 3502 257.

107 3524 194 3573 Heius.
216 3526 324 3574 Advers.
343 3541 401 3589 pag.
418 3525 477 3577 720.
499 3525 609 3576 Gronov,
627 3529 657 3576 ad

107 3603 198 3652 lustin.
215 3604 294 3659 VIII¹
312 3605 337 3652 4.
364 3602 523 3668 Oudendorp.
545 3606 576 3653 ad
595 3606 656 3663 Sue-

107 3689 161 3732 ton.
187 3684 270 3732 Tiber.
292 3684 333 3733 66.
356 3690 381 3732 el
397 3684 500 3747 interpr.
518 3686 549 3732 ad
567 3686 656 3734 Valer.

107 3762 193 3811 Flacci
214 3762 235 3811 Ι.
253 3764 309 3812 524.
344 3761 410 3812 Oves
431 3763 582 3812 Tarentinae
602 3777 657 3825 pro·

106 3849 164 3904 pter
180 3842 265 3890 lanam
281 3848 353 3891 erant
369 3840 546 3899 nobilissimae,
569 3850 594 3891 et
615 3857 657 3905 ap·

107 3921 269 3984 pellabantur
292 3923 405 3971 Graecae
424 3928 448 3970 et
472 3923 599 3972 Graecam
615 3937 657 3983 pe-

106 4015 159 4049 cae.
193 3999 336 4049 Columella
355 4000 385 4048 de
405 4000 444 4048 Re
464 3999 536 4048 Rust.
553 4000 616 4049 VII.
633 4002 656 4048 4.

109 4079 239 4129 Graecum
252 4095 340 4143 pecus,
357 4080 424 4141 qaod
437 4080 550 4141 plerique
564 4081 658 4128 Taren·

107 4160 193 4206 anum
209 4164 312 4219 meant,
333 4159 384 4207 nisi
404 4173 460 4207 cum
476 4160 571 4207 domim
584 4173 659 4220 prae·

106 4239 191 4287 realia
198 4244 244 4294 eet,
255 4239 299 4286 aaa
306 4239 407 4301 expedit
415 4239 508 4287 babai.
520 4238 659 4300 Siquidem

107 4321 133 4364 et
149 4331 239 4366 curam
255 4323 280 4365 et
297 4318 378 4366 abunt
395 4319 512 4365 ataimera
525 4317 658 4365 desiderat.

703 1948 771 1994 Nam
794 1963 849 1997 cam
872 1951 907 1997 rit
927 1951 1069 1998 univercum
1087 1963 1165 2012 penas
1182 1951 1249 1998 lani-

700 2040 787 2085 aeram
804 2027 915 2086 niolliae,
937 2035 991 2076 tam
1016 2045 1048 2077 eu
1068 2031 1181 2078 omaibra
1201 2030 1249 2078 Ta·

700 2105 828 2152 reatinum
849 2112 887 2154 eet
908 2108 1092 2164 mollissimam,
1114 2109 1179 2170 quad
1194 2109 1249 2156 aal-

701 2185 752 2231 lam
766 2186 859 2232 donnini
875 2192 922 2234 aut
940 2187 1117 2249 nrafietrarrlm
1130 2187 1249 2234 inertiam

701 2263 820 2321 amanet,
847 2266 973 2326 multoque
996 2266 1079 2312 minas
1099 2266 1250 2326 arentiam,

700 2357 744 2389 aec
761 2348 845 2391 aeetae
862 2359 905 2393 aec
911 2343 1022 2407 friguerit
1031 2344 1140 2406 patiere.
1164 2345 1249 2392 Pelles

700 2435 784 2468 earam
811 2428 915 2484 propter
938 2422 1153 2484 palchritudinem
1175 2423 1249 2470 lanae

701 2500 794 2546 aratore
809 2501 898 2561 pretia,
911 2516 986 2562 qaam
1004 2502 1057 2547 alia
1072 2501 1172 2558 uellera,
1185 2514 1248 2549 rner-

700 2580 816 2628 caatibae
834 2581 981 2627 tradantur.
1012 2579 1109 2628 Deinde
1122 2578 1188 2628 idem
1201 2578 1247 2629 Co-

700 2658 806 2706 lumella
826 2665 898 2706 vocat
918 2673 984 2706 ouem
1009 2659 1141 2706 Graecam.
1180 2657 1247 2707 Plin.

700 2737 777 2786 VIII.
799 2737 864 2785 Hist.
882 2738 940 2786 Nat.
958 2738 997 2785 48.
1033 2739 1106 2784 Lana
1124 2738 1247 2787 laudatis-

700 2819 765 2866 eirea
783 2820 883 2881 Apula,
899 2824 925 2867 et
941 2832 1004 2880 quae
1020 2820 1047 2866 ia
1060 2819 1141 2866 Italia
1156 2818 1248 2867 Graeci

700 2900 795 2959 pecoris
812 2900 970 2960 appellatur,
987 2899 1049 2946 alibi
1060 2898 1163 2946 Italica.
1193 2898 1248 2946 Hoc

700 2977 776 3039 igitur
792 2985 845 3026 erat
865 2978 987 3027 Graccum
1007 2990 1082 3039 pecus
1103 2975 1202 3034 Italiac,
1220 2984 1248 3024 ut

701 3057 779 3106 Graia
796 3064 908 3105 armenta
918 3055 1061 3114 Calabriae,
1074 3062 1098 3103 et
1109 3056 1198 3103 Horat.
1211 3056 1246 3104 II.

701 3135 785 3185 Carm.
806 3138 842 3184 12.
877 3135 987 3196 Piapaie
1014 3134 1144 3195 Phr-papiae
1172 3135 1246 3197 Myp-

700 3217 788 3263 daaiaa
805 3228 868 3276 aper.
893 3211 994 3260 Habent
1009 3217 1091 3259 autern
1110 3210 1182 3257 lanae
1193 3225 1246 3271 pre-

701 3292 844 3340 tiosissimae
855 3289 935 3351 magis
945 3287 1071 3336 notionem
1082 3289 1164 3336 divitis
1172 3289 1246 3336 luxu·

701 3371 764 3427 riae,
781 3385 856 3433 quam
874 3375 986 3418 armenta
1004 3369 1093 3426 boum,
1114 3374 1245 3430 qnantum-

700 3450 737 3497 vis
766 3449 884 3512 pretiosa,
913 3448 1041 3511 multoque
1071 3448 1160 3496 melius
1188 3462 1246 3496 cum

700 3543 776 3583 aare,
794 3530 877 3588 ebore,
894 3533 918 3575 et
935 3529 1012 3576 vinea
1029 3525 1187 3575 conveniunt.
1213 3528 1247 3576 Et

700 3606 735 3654 sic
750 3606 841 3669 ubique
852 3607 903 3656 fere
913 3608 974 3656 haec
985 3606 1116 3655 coniuncta
1126 3606 1246 3669 legimus:

699 3686 747 3734 vid.
765 3687 853 3734 Horat.
871 3687 907 3735 II.
928 3686 964 3733 18.
982 3686 1005 3736 7.
1024 3684 1058 3732 11.
1080 3685 1116 3732 16.
1134 3685 1174 3733 35.
1196 3684 1246 3733 III.

702 3764 739 3811 16.
756 3765 795 3812 35.
813 3765 905 3828 Virgil.
923 3766 958 3813 Π.
976 3765 1066 3825 Georg.
1083 3765 1139 3812 465.
1151 3763 1247 3812 Tibull.

699 3843 749 3892 111.
767 3845 790 3892 3.
805 3846 841 3896 17.
871 3845 961 3895 Obstat
971 3844 1125 3893 coniecturae
1136 3848 1247 3898 nostrae,

699 3923 763 3983 quod
786 3930 879 3972 veteres
906 3922 1071 3974 Grammatici
1096 3922 1245 3975 docuerunt,

699 4008 814 4049 armenta
843 4007 941 4049 tantum
966 3999 1081 4062 usurpari
1106 3998 1137 4045 de
1161 3997 1247 4045 maiori

698 4093 796 4142 pecore,
813 4094 895 4141 prebes
912 4079 942 4126 de
959 4077 1058 4125 ovibus:
1079 4076 1129 4123 rid.
1147 4074 1245 4123 Auson.

700 4157 797 4220 Popma
812 4159 844 4206 de
860 4157 975 4205 Discrim.
1004 4155 1147 4205 Verborum
1163 4170 1187 4217 p.
1204 4155 1244 4202 39.

701 4237 750 4286 Sed
774 4252 857 4299 preces
883 4251 1002 4299 equorum
1029 4241 1053 4282 et
1084 4235 1159 4282 boum
1187 4233 1246 4282 satis

700 4315 784 4363 usitati
801 4322 866 4363 sunt.
889 4316 922 4364 Et
936 4314 1039 4363 Servius
1056 4311 1245 4373 adVirgilJII.
