2916 5220
532 334 707 397 LIBER
756 337 776 398 l.

268 518 333 584 Vix
355 540 422 583 una
445 540 556 604 sospes
581 520 673 584 navis
698 520 739 583 ab
763 520 912 605 ignibus,

267 620 476 707 Mentemque
499 621 704 706 lymphatam
730 623 905 687 Mareotico

312 723 452 809 Redegit
475 724 510 788 in
534 745 625 790 veros
650 725 783 790 timores

358 829 492 913 Caesar,
516 831 557 894 ab
581 830 679 895 Italia
703 831 868 896 volantem

269 933 381 998 Remis
406 934 586 1018 adurgens,
612 933 766 1018 accipiter
789 934 879 999 velut

268 1035 386 1101 Molles
410 1036 596 1118 columbas,
621 1041 679 1102 aut
702 1036 845 1121 leporem
869 1037 954 1103 citus

86 1236 156 1298 “fiii
181 1236 286 1285 renidet.
320 1238 400 1287 Homo
424 1239 497 1286 bobet
518 1239 636 1286 morbum.
680 1237 899 1301 Flayitt'ooddt'tis
912 1241 1226 1303 Damnumtneqaeomis·

87 1315 176 1363 Nboov
193 1315 243 1378 ἔχει
259 1317 372 1378 estapnd
384 1316 570 1379 Epicharmum.
582 1316 637 1364 Ma·
678 1329 717 1364 ooo
733 1318 825 1366 coloret
844 1319 916 1365 Lana
932 1316 1012 1381 refert
1029 1318 1226 1382 mediootofuoo.

86 1393 134 1442 nil.
150 1393 186 1442 V.
205 1394 258 1442 155.
277 1395 377 1443 habitat
395 1397 441 1443 tub
455 1402 555 1458 pectore
571 1410 638 1445 ooeoo
722 1392 881 1458 Mentemque
903 1398 1061 1459 lymphatam
1087 1395 1228 1446 Mareotico

88 1473 214 1530 Ambitio,
234 1478 260 1521 et
279 1474 392 1521 morbum
411 1474 518 1522 virtutis
538 1475 639 1522 uomina
680 1474 787 1536 Redepit
803 1476 831 1523 tu
847 1489 917 1524 ueros
934 1475 1041 1524 timores.
1073 1474 1178 1524 Gnietus
1196 1476 1227 1523 ad

86 1553 195 1602 iactant.
228 1552 299 1600 Idem
319 1551 443 1614 significat
459 1554 556 1601 uitium.
581 1552 637 1600 Liv.
679 1551 773 1600 Lucan.
800 1568 856 1616 pag.
874 1554 931 1601 909.
957 1553 994 1602 ed.
1012 1551 1077 1602 Oud.
1094 1561 1177 1615 rogat,
1195 1570 1228 1602 an

87 1631 223 1682 XXVIII.
242 1632 280 1680 12.
315 1630 373 1680 Mos
388 1632 638 1681 mimetiomimitus
679 1629 719 1677 hio
735 1629 869 1693 legendum
886 1633 918 1680 sit
936 1631 1078 1682 Meroitico.
1113 1630 1226 1680 Oudend.

86 1711 174 1774 penti,
197 1727 245 1774 per
269 1712 404 1760 latrocinio
427 1713 546 1760 mititiam
570 1727 638 1760 euer-
678 1709 705 1756 in
722 1710 818 1758 Annot.
836 1711 893 1761 MS.
911 1711 957 1759 hoc
969 1711 1056 1768 reiicit,
1073 1712 1132 1773 quia
1141 1711 1229 1761 Mero'e'

87 1790 168 1838 cendi.
204 1779 380 1839 Minus'recte
406 1789 515 1840 Gronov.
541 1789 639 1839 volebat
679 1793 715 1836 est
732 1789 808 1837 aliud.
842 1787 993 1852 Corruptum
1018 1789 1134 1839 Scholion
1155 1789 1228 1839 Com·

87 1869 165 1917 ultro.
191 1867 285 1918 Tibull.
302 1868 324 1918 I.
341 1870 365 1918 9.
382 1871 422 1922 73.
450 1870 504 1919 Neo
512 1869 640 1932 fooitboo
680 1875 755 1917 ment.
784 1868 861 1931 Cruq.
891 1872 947 1927 “et‚
978 1866 1119 1918 Mareotico
1137 1868 1230 1932 fumat

88 1947 164 2007 uitio,
189 1948 233 1996 red
252 1962 357 2011 corporo
371 1949 452 2013 foedo
465 1950 580 2011 podopra
600 1949 640 1995 Et
679 1948 793 1997 comtos.''
811 1948 846 1995 ita
861 1948 1016 1996 emendetur:
1035 1945 1228 2010 bloreotioafa-

87 2028 158 2075 aenis
189 2028 321 2090 amplexus
350 2028 421 2075 tulto
438 2027 534 2088 ‘puello
557 2024 639 2087 sapit.
680 2032 734 2075 osot
745 2027 843 2088 Coptos.
860 2025 958 2075 Versus
972 2033 1009 2074 est
1022 2025 1096 2075 Statii
1109 2025 1130 2074 Ι,
1148 2027 1228 2076 Theb.

89 2101 164 2153 Ovid.
181 2105 228 2155 VI.
246 2106 349 2154 Metam.
358 2105 415 2154 460.
450 2106 562 2166 Floorot
579 2105 640 2153 vitio
680 2106 736 2153 264.
770 2107 810 2155 De
835 2107 881 2154 hoc
906 2106 965 2154 vino
989 2106 1045 2168 lege
1063 2105 1173 2153 Vlitium
1198 2107 1229 2153 ad

87 2185 217 2248 ymtiaque
232 2199 329 2248 umqum.
355 2182 426 2235 Ourt.
441 2183 519 2232 VIII.
531 2185 554 2232 b.
581 2185 640 2232 Non
681 2183 763 2233 Gratii
785 2185 881 2248 Cyneg.
902 2185 957 2233 313.
996 2185 1056 2232 Veri
1074 2184 1173 2231 timores
1190 2185 1229 2232 hie

88 2265 188 2325 inuento
203 2266 294 2323 totum,
311 2265 356 2312 aed
371 2264 447 2312 etium
459 2262 568 2310 mamonis
579 2263 640 2310 vitto
680 2269 839 2325 opponuntur
855 2264 939 2320 mou,
957 2275 1018 2324 quos
1029 2261 1136 2310 Punicos
1147 2264 1229 2325 appel-

88 2343 217 2392 adulator.
235 2343 387 2406 Theopomp.
397 2341 463 2404 apud
472 2341 566 2390 Athen.
576 2340 639 2390 XII.
681 2340 742 2389 lant.
760 2341 881 2405 Alioquin
893 2341 1030 2391 contrarius
1038 2343 1091 2390 ceri
1101 2347 1138 2390 est
1149 2342 1229 2402 fictus,

88 2437 115 2484 p.
133 2422 189 2470 531.
211 2421 301 2479 δοῦλος
321 2422 358 2470 ὢν
374 2421 446 2486 φύσει
464 2424 516 2469 τῶν
531 2419 638 2479 ἡδονῶν.
681 2420 820 2467 simulatus.
840 2420 896 2469 Liu
914 2419 950 2468 II.
963 2418 1002 2467 50.
1032 2419 1136 2481 Saepius
1153 2422 1230 2468 stota·

88 2502 158 2550 Hinc
188 2501 291 2550 fumasse
319 2501 445 2550 emendari
471 2506 552 2562 potest
575 2499 640 2547 illud
681 2498 751 2558 tato,
776 2513 852 2560 quom
876 2512 932 2546 vero
957 2512 1048 2558 pavore
1072 2496 1229 2560 resaperoot.

90 2580 174 2630 Taciti
198 2579 283 2631 Germ.
304 2578 368 2628 XII.
396 2579 531 2627 Distinotio
551 2592 640 2642 poena-
681 2575 867 2625 Valentiam.
886 2574 933 2624 VI.
952 2575 1007 2623 459.
1030 2589 1099 2624 veroa
1118 2581 1230 2625 otetuem

89 2674 148 2708 rum
164 2674 198 2708 ex
214 2658 311 2708 delicto.
344 2660 495 2708 Proditores
513 2665 538 2708 et
557 2664 640 2707 trom—
681 2657 780 2719 operire
804 2657 912 2704 timores.
950 2654 1090 2703 Meinelrius
1110 2653 1229 2717 impoten-

82 2739 168 2803 fuyoe
186 2739 316 2787 arboribus
330 2740 494 2800 suspendunt.
531 2739 641 2800 Ipoovos
681 2740 732 2783 tem
761 2734 862 2797 reginae
889 2733 1004 2782 fiduciam
1029 2732 1161 2796 intelligit,
1189 2734 1229 2782 eui

89 2822 118 2866 et
136 2818 245 2866 imbelles
270 2822 296 2865 et
320 2831 421 2879 corpore
440 2816 550 2880 infames
570 2831 641 2867 eoem
681 2819 746 2862 recte
766 2818 923 2875 opponantur
943 2813 996 2861 vem
1014 2812 1128 2869 timores,
1153 2813 1227 2876 siqui·

90 2909 123 2944 ae
136 2896 243 2958 palude,
264 2895 359 2944 intecto
377 2910 454 2959 super
474 2901 561 2955 erate,
577 2911 640 2945 mn·
681 2891 737 2940 dem
749 2907 815 2941 vana
825 2900 878 2941 erat
889 2892 966 2940 nimia
977 2891 1022 2939 illa
1033 2891 1109 2940 animi
1120 2890 1218 2939 fiducia.

88 2979 162 3036 punt.
197 2975 346 3023 Diveroitoa
361 2975 480 3037 supplicii
490 2975 552 3023 illue
562 2975 640 3037 roopt'·
715 2973 770 3020 Aut
782 2973 887 3034 leporem
898 2972 965 3019 ottus
987 2972 1103 3019 Venator.
1126 2970 1229 3033 Angus-

89 3053 140 3111 ett,
158 3054 393 3115 tamquomaoetero
408 3054 505 3102 ostendi
518 3059 641 3115 oporteat,
681 3056 720 3097 tus
746 3049 906 3113 Cleopatram
934 3049 1008 3097 remis
1034 3049 1173 3111 adurguet,
1203 3056 1230 3096 nt

90 3131 153 3178 dum
166 3131 571 3193 puniuntur,fla9itioobsoondi.
590 3132 641 3182 Ubi
681 3128 794 3191 accipiter
819 3129 940 3190 adurguet
965 3127 1104 3183 columbas,
1128 3133 1230 3175 venator

90 3208 225 3270 legendum
242 3208 357 3258 mniieio:
379 3216 409 3258 ot
425 3212 508 3259 morbo
523 3211 640 3274 infames.
680 3207 799 3270 leporem.
832 3203 935 3254 Withof.
955 3204 1096 3253 emendavit
1112 3212 1228 3254 uenator.

91 3285 235 3336 Proditores
251 3294 276 3336 et
292 3287 439 3352 transfugae
463 3296 568 3351 possunt
588 3305 641 3339 esse
680 3286 797 3349 Burgess.
815 3285 846 3332 ad
863 3283 983 3346 Aeschyl.
1001 3282 1106 3331 Iiumen.
1125 3297 1160 3330 vs.
1173 3283 1230 3332 229,

90 3367 140 3416 viri
156 3367 241 3425 fortes,
258 3368 303 3430 qui
318 3367 477 3416 committunt
493 3368 586 3416 crimen
599 3384 641 3416 va·
680 3368 752 3415 conio
770 3369 884 3414 venatur.
920 3363 995 3411 Citua
1019 3359 1081 3408 mihi
1102 3367 1232 3423 propterea

91 3446 135 3494 riis
153 3447 183 3495 de
199 3445 304 3503 caussis,
325 3460 376 3494 non
396 3446 512 3508 ignaviae
533 3448 641 3498 tribuen-
681 3458 779 3509 quoque
800 3449 941 3506 suspectum
963 3447 1013 3500 ost,
1038 3440 1098 3503 quia
1118 3454 1177 3488 mox
1195 3456 1230 3491 se-

91 3525 138 3573 dis.
157 3524 206 3574 Sed
219 3527 262 3588 qui
273 3532 365 3574 natura
376 3533 402 3574 et
414 3525 475 3573 vitio
488 3533 548 3574 sunt
558 3528 643 3590 ignavi
683 3526 767 3589 quitur
791 3526 851 3574 ritu.
896 3524 931 3572 lit
960 3522 1079 3571 Horatium
1109 3521 1232 3571 vocabula

90 3611 117 3653 et
133 3603 260 3661 imbelles,
276 3604 450 3667 emendarique
466 3605 542 3665 adeo,
559 3612 589 3653 ut
600 3622 642 3670 ap·
682 3606 768 3654 eadem
785 3611 837 3652 tam
860 3603 928 3652 brevi
944 3600 1076 3651 intervallo
1092 3601 1180 3650 iterare
1196 3602 1231 3650 di·

91 3683 187 3748 paruit,
204 3697 254 3732 non
264 3689 380 3746 possunt,
397 3682 442 3731 hos
453 3684 554 3746 gravior
564 3698 644 3747 poena
682 3683 789 3748 ligenter
812 3684 896 3733 evitat.
938 3684 1019 3746 quue
1044 3680 1139 3729 facilius
1165 3680 1232 3729 sactu

91 3770 184 3813 manet
218 3762 380 3811 Proditornm
397 3762 474 3825 igitur
491 3763 584 3811 scelera
599 3777 643 3826 per
682 3772 736 3812 erat
746 3765 772 3813 in
783 3764 898 3813 brevibus
909 3762 1072 3817 carminibus,
1089 3775 1164 3822 quarn
1173 3760 1231 3808 Vir'·

90 3856 186 3905 poenae
195 3856 274 3905 genus
285 3840 643 3905 ostenduntur,flugitiaigna·
684 3841 757 3904 gilio,
778 3857 802 3890 v.
823 3855 845 3890 c.
865 3841 891 3887 in
908 3838 1070 3901 longioribus.
1105 3840 1163 3887 Mea
1179 3851 1232 3886 sen·

92 3934 183 3968 uorum
207 3925 233 3969 et
256 3919 395 3969 imbellium
420 3921 490 3983 quasi
514 3934 566 3968 una
586 3933 643 3967 cum
684 3920 762 3968 tentia
777 3924 840 3967 esset
856 3917 929 3966 lectio
945 3915 1093 3976 elegantior:
1111 3920 1158 3961 out
1171 3916 1233 3975 lepo-

91 3998 238 4048 nocentibns
255 4012 332 4047 coeno
346 4006 371 4048 et
384 3998 642 4062 paludeabseondnn·
684 4014 736 4048 rem
763 3999 864 4060 memit.
910 3994 1017 4056 Propter
1047 3991 1233 4039 similitudinem

92 4085 142 4126 tur.
177 4078 319 4140 Flooito'um
342 4076 434 4125 dicitnr
458 4092 561 4136 eorum,
586 4077 643 4139 qni,
684 4077 884 4140 praecedentium
904 4071 1059 4134 syllabarum
1074 4085 1172 4132 piorem,
1189 4085 1232 4118 ex·

93 4157 239 4219 ingenerato
262 4160 344 4213 metu,
368 4156 464 4218 proelia
483 4171 580 4219 semper
601 4157 642 4204 de·
685 4154 765 4202 cidere
782 4153 862 4215 potnit
878 4149 977 4212 syllaba
993 4147 1074 4210 prima
1086 4146 1112 4194 iu
1129 4147 1235 4208 pretor,

93 4241 210 4284 tractant.
228 4234 317 4282 Horat.
327 4234 469 4285 IILCarm.
479 4238 503 4285 5.
515 4238 557 4285 26.
573 4238 644 4284 Auro
685 4234 754 4282 ouius
776 4232 866 4280 ultima
886 4228 985 4293 syllaba
1004 4229 1027 4275 it
1044 4231 1141 4274 mutata
1156 4233 1193 4273 est
1209 4225 1235 4273 in

93 4329 215 4378 repetitas
227 4315 322 4364 sedicet
338 4316 422 4364 aerior
444 4317 523 4365 Miles
539 4316 643 4375 redibit,
684 4314 762 4369 eitra,
781 4318 809 4359 ut
826 4316 906 4359 metro
918 4305 1094 4357 consuleretur.
1120 4304 1176 4353 Non
1191 4304 1235 4351 ou·

1052 4393 1070 4449 b
