2916 5220
586 352 713 414 llPO
742 353 771 415 ll
800 352 828 411 i)
858 352 885 414 N

531 587 776 653 CARMEN
824 588 916 652 XVI.

297 731 418 810 Altera
442 745 507 809 iam
536 743 653 808 teritur
677 743 773 808 bellis
798 744 951 810 civilibus
971 750 1080 827 aetas,

236 855 239 859 ’
339 848 414 914 Suis
439 853 472 914 et
493 848 567 932 ipsa
588 847 695 910 Roma
713 846 837 912 viribus
859 848 941 912 ruit:

292 953 397 1032 Quam
425 974 529 1037 neque
552 951 687 1015 finitimi
706 951 880 1017 valuerunt
898 953 1031 1038 perdere
1055 953 1177 1034 Marsi,

338 1056 477 1121 Minacis
498 1061 556 1120 aut
580 1056 720 1121 Etrusca
741 1057 902 1122 Porsenae
930 1078 1064 1140 manus,

293 1159 434 1225 Aemula
457 1181 517 1224 nec
541 1159 645 1224 virtus
671 1158 802 1245 Capuae
827 1183 886 1226 nec
911 1159 1086 1245 Spartacus
1111 1183 1186 1226 acer

337 1262 505 1347 Novisquc
528 1263 624 1327 rebus
649 1263 792 1328 infidelis
816 1263 997 1346 Allobrox,

295 1367 364 1432 Nec
388 1367 458 1431 fera
481 1367 629 1431 caerulea
658 1366 787 1432 domuit
810 1367 987 1433 Germania
1009 1368 1096 1452 pube

339 1473 602 1557 Parentibusque
624 1473 834 1538 abominatus
862 1472 1051 1538 Hannibal:

296 1576 404 1663 Impia
427 1577 600 1662 perdemus
624 1576 734 1641 devoti
759 1577 931 1662 sanguinis
956 1587 1064 1660 aetas,

346 1680 503 1765 Ferisque
527 1702 638 1745 rursus
663 1680 877 1765 occupabitur
900 1681 1022 1745 solumi

310 1871 463 1920 CARMEN
482 1870 556 1918 XVI
751 1845 830 1893 Nullo
841 1849 943 1894 externo
953 1835 1127 1902 Μίθβθάθηῑ
1138 1846 1301 1908 ῙθυίὃήΜΜ

750 1938 800 1972 nan
817 1926 932 1973 Porsena
949 1925 1035 1974 dedita
1046 1926 1120 1980 urbe,
1136 1940 1218 1986 neptae
1231 1925 1301 1973 Galli

200 1969 300 2079 Qatnu
330 2017 408 2064 neque
429 2001 540 2063 finitimi
567 2007 709 2061 potuerunt
750 2007 839 2062 capta,
871 2008 993 2051 temerare
1025 2003 1184 2062 potuissent,
1209 2003 1302 2065 surore

160 2085 266 2144 perdere
285 2083 376 2128 Marsi.
403 2079 497 2129 Similis
513 2079 710 2128 colororationis
752 2082 906 2142 Principum
930 2084 1056 2130 exscindi!
1094 2082 1181 2143 Quare
1208 2096 1302 2131 emessa

163 2163 229 2225 apud
250 2161 345 2223 Virgil.
366 2161 402 2209 II.
428 2160 494 2209 Aen.
518 2160 571 2208 196.
594 2161 712 2222 captr'rpue
753 2166 814 2223 puto
831 2158 998 2208 Niebuhr-ium
1016 2161 1129 2210 inRom,
1146 2163 1215 2212 Hist.
1233 2163 1263 2211 T.
1281 2163 1302 2210 I.

163 2241 225 2288 dolis
247 2240 415 2301 racryruaque
436 2241 543 2297 coactis,
580 2239 647 2296 Quor
667 2253 708 2286 ne-
751 2253 808 2300 pag.
834 2239 891 2287 565.
925 2239 1068 2300 dicentem,
1095 2241 1302 2305 orthographiam

163 2335 211 2382 que
226 2321 347 2380 Tydides,
363 2333 408 2367 nec
424 2320 574 2367 Larissaeus
587 2320 711 2374 Achilles,
754 2320 883 2367 Porsenae
899 2318 939 2366 vel
958 2322 1106 2368 Porsennae
1123 2321 1231 2379 vadari,
1252 2336 1302 2368 ma·

165 2400 224 2446 Non
241 2399 303 2445 anni
319 2399 435 2445 danruere
456 2399 549 2454 decem
571 2412 622 2445 non
645 2398 712 2444 atille
752 2395 841 2444 niscsto
866 2403 949 2445 autem
979 2399 1119 2460 peccavisse
1144 2400 1303 2458 Martialem,

164 2478 275 2526 carinae.
301 2476 388 2525 Valet.
401 2476 485 2524 Flacc.
502 2476 539 2524 11.
554 2476 608 2524 tel.
625 2477 712 2523 inrmu·
753 2475 795 2539 qui
807 2475 972 2538 penultimam
984 2475 1068 2525 feeerit
1080 2478 1191 2527 brevem.
1210 2479 1304 2528 Po'etae

164 2573 207 2605 nes
223 2571 284 2619 quas
300 2562 412 2605 ererum
434 2557 524 2614 Bessi,
560 2557 619 2604 Non
639 2555 710 2603 Geti-
753 2570 784 2603 ex
796 2555 925 2620 Πορσίνας
936 2555 1015 2604 faeere
1024 2559 1304 2621 Porsena,penultima

165 2651 207 2684 cae
222 2641 327 2697 potum
343 2650 448 2693 manus,
459 2651 508 2684 rien
524 2636 640 2697 aequora
650 2635 712 2681 irae.
753 2632 951 2696 brevi,putantes
957 2635 984 2682 in
993 2633 1089 2684 Graeco
1097 2648 1153 2684 esse
1161 2636 1305 2700 ancipitem.

165 2714 254 2777 Neque
283 2714 413 2761 dissimilia
441 2714 503 2762 haec
527 2713 654 2763 Ciceronis
678 2711 713 2760 V.
789 2714 915 2775 Novasque
939 2715 1012 2762 rebus
1036 2713 1148 2775 infidelis
1173 2715 1303 2763 Allobrox.

165 2792 239 2841 Verr.
256 2794 296 2845 37.
323 2795 396 2845 Proh
415 2795 462 2840 Dii
481 2794 650 2840 inrnrortales!
673 2793 714 2852 pi·
754 2791 923 2840 Bent1.vu1t:
944 2793 1055 2849 soraee,
1072 2799 1097 2840 et
1113 2807 1190 2841 mox:
1212 2808 1303 2854 paren·

166 2871 264 2919 raticus
288 2887 408 2933 myoparo
433 2887 510 2934 usque
531 2874 565 2919 ad
581 2870 672 2933 sorum
689 2876 714 2919 ct
756 2873 857 2920 tiburte.
873 2870 943 2919 Idem
960 2870 1033 2932 plura
1042 2871 1161 2934 exempla
1172 2872 1204 2918 ad
1216 2872 1238 2920 Ι.
1251 2872 1304 2921 Sat.

166 2951 201 2995 ad
225 2965 308 2998 arrrncs
333 2951 403 2997 urbis
433 2952 576 3012 arepedincs
600 2952 713 3006 accessit,
755 2951 779 2999 6.
800 2949 839 2997 68.
869 2963 900 2997 ex
928 2949 1032 2998 Horatio
1053 2949 1133 3008 dedit,
1162 2952 1188 2998 in
1215 2950 1304 3013 quibus

166 3043 213 3090 quo
229 3043 307 3091 neque
323 3029 576 3089 Kartltapinicnsr'um
592 3031 715 3091 plectens-
754 3036 809 3092 post
833 3043 911 3090 neque
934 3029 1033 3091 ponitur
1053 3034 1108 3076 aut.
1145 3030 1181 3078 Et
1212 3030 1304 3079 habent

166 3111 245 3156 sintae
269 3109 374 3166 classes,
397 3123 453 3156 curn
482 3109 548 3155 rnart'
572 3109 713 3170 plurimum
755 3107 892 3169 particulae
908 3114 955 3157 aut
976 3108 1016 3156 vel
1033 3124 1074 3167 ve,
1095 3109 1116 3156 si
1138 3125 1217 3172 neque
1239 3118 1304 3158 ante·

165 3193 297 3248 poterant,
315 3189 402 3235 multis
419 3189 491 3236 bellis
507 3201 581 3249 saepe
597 3194 712 3247 conatae,
755 3188 837 3245 cedat,
854 3188 906 3236 rim
922 3187 1036 3249 negandi.
1065 3188 1110 3237 An
1131 3188 1238 3236 eandem
1255 3190 1303 3237 vim

167 3282 280 3329 unquam
304 3267 438 3328 adspirare
460 3270 606 3326 patuerunt.
640 3265 714 3314 Unde
756 3267 863 3315 habeant
884 3273 908 3315 et
930 3281 960 3315 aa
977 3266 1112 3315 dubitatur.
1147 3266 1216 3317 Cum
1242 3269 1304 3317 Ben-

167 3346 258 3408 psrtim
281 3344 425 3408 exemplum
447 3344 521 3392 finxit
541 3349 626 3392 auctor
649 3344 714 3394 Rhe·
757 3346 815 3395 tleio
831 3346 889 3394 iacit
906 3345 1038 3396 Ruhnken.
1056 3345 1088 3392 ad
1105 3345 1237 3394 Velleium
1255 3347 1304 3395 Pa·

168 3433 214 3473 tor,
230 3426 262 3472 ad
279 3426 389 3473 Herenn.
407 3425 455 3472 IV.
473 3426 514 3473 53.
756 3431 815 3475 terc.
832 3426 867 3474 ΙΙ.
887 3427 926 3474 45.
961 3425 1011 3475 Sed
1027 3429 1080 3472 tam
1101 3425 1184 3473 mults
1205 3426 1235 3474 in
1251 3441 1305 3475 con·

201 3505 316 3553 Minucia
333 3508 380 3551 aut
398 3505 512 3552 Etrusca
525 3506 715 3552 Porsennerna·
757 3505 860 3552 trariam
880 3510 977 3568 partem
997 3504 1156 3567 reperiuntur
1177 3504 1305 3568 exempla,

167 3599 223 3631 nris,
240 3581 361 3631 Horatius
377 3581 565 3630 hicmediamin
582 3595 641 3630 voce
651 3585 715 3631 Por·
757 3591 787 3632 ut
810 3598 862 3632 non
881 3582 999 3631 credibile
1019 3583 1051 3631 sit
1076 3581 1192 3630 librarios
1214 3584 1307 3647 ubique

168 3676 229 3710 sena
247 3660 359 3722 corripit,
379 3660 438 3723 quia
453 3668 511 3708 sunt
531 3661 635 3710 Iamhici
650 3653 714 3724 puri.
757 3669 804 3711 aut
821 3663 920 3711 eiecisse
941 3668 966 3710 et
989 3662 1145 3710 substituisse
1166 3677 1209 3720 ac,
1228 3678 1306 3727 neque

169 3739 351 3803 Corripuerunt
371 3740 446 3788 etiam
467 3739 544 3788 Silius
565 3740 669 3789 Italicus
690 3747 715 3789 et
758 3758 804 3806 pro
824 3759 853 3792 oc
874 3743 999 3806 scripsisse
1020 3758 1075 3805 que.
1104 3741 1172 3790 Vide
1193 3741 1306 3791 Oberlin.

168 3818 300 3868 Martialis.
327 3819 402 3867 Unde
418 3819 520 3867 conficio
531 3820 655 3869 diversam
672 3836 714 3869 no·
759 3823 790 3869 ad
812 3822 892 3870 Taciti
913 3821 934 3868 Ι.
955 3823 1025 3869 Anu.
1043 3819 1083 3869 32.
1111 3819 1166 3868 Pro
1183 3823 1307 3871 Allobrox

169 3899 242 3947 minis
259 3899 335 3948 fuisse
351 3900 590 3963 pronuntiationem,
607 3902 679 3949 sicuti
691 3909 715 3950 et
757 3903 783 3951 in
801 3901 855 3951 MS.
873 3901 948 3950 Voss.
966 3906 1003 3948 est
1021 3899 1152 3947 Allobrox.

168 3979 271 4028 diversis
296 3979 376 4026 modis
401 3978 562 4027 scribebatur.
597 3980 715 4028 Historici
790 3981 966 4029 Abominatur.
1007 3978 1064 4028 MS.
1101 3976 1177 4024 Voss.
1214 3981 1306 4027 abanti-

168 4059 314 4123 plerumque
331 4065 453 4122 usurpant
471 4060 613 4118 Porsenna,
627 4059 716 4110 Graeci
755 4060 864 4107 nundus.

168 4139 314 4202 Πορσήνας,
350 4142 491 4203 Πορσῖνος,
522 4144 547 4186 et
576 4140 715 4204 Πορσίνας,
790 4139 910 4200 Ferisque
930 4150 1020 4184 rursus
1037 4138 1202 4198 occupabitur
1218 4139 1306 4186 solutu.

169 4217 230 4266 Vid.
248 4219 344 4267 Duker.
371 4218 402 4265 ad
428 4217 496 4266 Flori
515 4218 535 4267 Ι.
558 4220 593 4267 10.
620 4219 716 4267 Tamen
756 4214 829 4265 Ouid.
848 4217 868 4265 I.
888 4217 991 4264 Metam.
1014 4215 1070 4263 249.
1105 4217 1211 4265 Ferisne
1232 4223 1307 4279 paret

168 4302 193 4342 et
218 4296 298 4344 Tacit.
326 4296 362 4344 II.
391 4295 456 4344 Hist.
481 4299 521 4350 72.
540 4299 565 4345 in
587 4298 641 4346 loco
659 4313 717 4346 cum
754 4298 914 4357 populandas
933 4297 1035 4344 tradere
1050 4301 1142 4356 perires.
1182 4295 1213 4342 In
1232 4297 1306 4344 Voss.

168 4388 241 4421 versu
266 4374 364 4421 Horatii
386 4383 513 4436 praeterea
538 4377 716 4440 comparando:
756 4375 850 4438 legitur
867 4391 977 4424 rursum.
