2916 5220
650 329 967 392 CARMINUM

467 518 627 582 Commisit
650 520 856 600 immanesque
879 515 1017 580 Rlactos

508 621 671 705 limpidis
688 619 818 704 pepulit
840 617 1003 699 secundis,

418 723 617 808 Spectandae
640 727 674 787 in
697 725 867 787 certamine
891 722 1012 785 Martia

418 826 542 889 Decota
564 829 658 891 marti
674 834 808 910 pectora
832 823 948 888 liberae

466 930 601 1010 Quantis
611 930 775 1017 satipamt
796 933 916 994 ruinis:

505 1033 682 1098 ludunum
698 1053 804 1118 prope
826 1032 929 1117 qualis
951 1031 1056 1096 undas

418 1137 556 1199 Exercet
578 1135 711 1217 Auster,
736 1134 908 1199 Pleiadum
930 1134 1021 1198 ciana

419 1238 587 1302 Scindente
610 1237 718 1303 nubes:
742 1241 875 1323 impipcr
897 1237 1029 1301 bestium

470 1342 593 1405 Veaore
616 1351 753 1423 turmas,
777 1350 807 1405 et
817 1339 1009 1425 sternentem

505 1446 633 1510 Mittem
655 1466 764 1530 equum
786 1444 903 1509 medias
921 1466 986 1529 per
1009 1447 1102 1530 ipncs.
1165 1506 1169 1512 .

238 1577 294 1610 sum
315 1568 340 1610 et
361 1561 489 1610 Tiberium
509 1567 597 1624 partes
613 1563 739 1620 divisisse,
757 1570 786 1610 ut
828 1561 902 1609 morti
914 1561 1054 1609 devoverat.
1071 1557 1195 1621 Virgilius
1207 1558 1228 1606 1.
1241 1557 1311 1606 Aen.
1323 1560 1379 1609 712.

238 1641 322 1689 scribit
349 1641 477 1697 Velleius,
510 1648 539 1688 ut
566 1655 654 1704 porum
683 1639 784 1701 referet,
827 1642 894 1701 pesti
910 1642 999 1688 deuota
1009 1637 1191 1702 futurae:ubi
1204 1636 1378 1686 Serviusnsr·

238 1721 320 1768 utrius
338 1726 409 1782 gestu
424 1720 492 1782 prius
502 1728 677 1769 memorentur.
707 1720 787 1769 Poito
828 1725 867 1765 rot
884 1719 1032 1779 Augustum
1043 1717 1068 1765 in
1081 1715 1191 1764 emtione
1200 1714 1303 1763 funebri
1314 1716 1380 1764 Mur-

237 1806 321 1848 uutem
338 1801 446 1848 servavit
457 1800 569 1848 ordinem
580 1799 785 1862 temporis,qu0d
827 1796 884 1845 celii
909 1795 1010 1844 dixisse:
1035 1811 1091 1845 eum
1108 1800 1225 1844 mutunus
1242 1797 1324 1844 morti
1339 1797 1378 1844 dc

236 1894 267 1926 ex
286 1879 369 1927 addito
387 1894 446 1926 rrius
462 1884 570 1941 apparet.
607 1877 656 1927 Sed
673 1878 719 1925 hoc
736 1892 785 1925 non
827 1882 910 1926 uatum
922 1877 1016 1941 fuisse.

235 1959 348 2020 probem,
367 1957 445 2007 Drusi
461 1957 506 2006 vix
522 1957 574 2005 fieri
585 1958 785 2012 mentionem,in
862 1957 973 2014 Quantis
990 1953 1121 2018 satiparet
1143 1954 1236 2001 ruinis.
1272 1951 1380 2001 Liviana

236 2035 365 2085 Tiberium
376 2042 413 2084 tot
426 2050 511 2084 versus
523 2035 639 2098 impendi.
652 2035 785 2084 Praetereo
826 2036 1087 2098 suntstrupessimitis
1096 2035 1200 2093 ruimus,
1208 2034 1380 2097 ruinasundi,

235 2129 335 2163 carmen
353 2115 502 2163 destinatum
528 2120 564 2164 est
589 2115 704 2163 leudibus
729 2116 784 2164 Au·
826 2115 854 2162 in
868 2129 990 2176 praeceps
1006 2113 1108 2161 decolat.
1141 2111 1272 2169 Aliorum,
1289 2115 1380 2161 ruinae

237 2193 317 2256 gusti,
335 2194 400 2257 quod
417 2209 449 2242 ex
470 2194 539 2243 initio
560 2200 669 2256 apparet.
703 2194 735 2242 In
755 2208 785 2242 eo
804 2150 807 2255 i
825 2198 1001 2255 prosternunt,
1015 2193 1131 2255 feriunt,
1151 2194 1281 2240 obterunt.
1316 2195 1379 2241 Rui-

236 2273 346 2321 cermine
362 2273 482 2321 Horatius
500 2279 596 2336 purtem
612 2271 663 2321 iere
673 2272 784 2319 dimidiu
825 2274 867 2322 nis
882 2273 991 2337 aliquem
1000 2274 1131 2337 futipure,
1147 2287 1242 2321 novum
1260 2280 1308 2321 ost.

236 2358 287 2398 tam
314 2365 364 2399 non
389 2352 513 2400 tribuisset
538 2351 655 2399 leudibus
684 2350 784 2399 Tiberii.
861 2353 1004 2401 Indomitos
1018 2351 1377 2414 mompsuestenum

235 2430 348 2479 Drusum
372 2438 398 2480 et
422 2431 552 2481 Tiberium
578 2429 666 2478 cecinit
690 2430 716 2477 in
741 2428 784 2479 lib.
826 2431 927 2479 memini
944 2445 984 2479 me
1000 2432 1067 2493 upud
1078 2430 1171 2479 bonum
1181 2430 1284 2493 poetam
1295 2430 1379 2492 legere

235 2508 283 2557 IV.
302 2509 386 2559 Curru.
406 2512 428 2559 4.
446 2511 504 2558 datu
524 2524 599 2572 opera
627 2515 652 2557 et
677 2508 708 2556 ab
729 2509 784 2557 Au·
824 2525 903 2572 prope
918 2510 959 2559 vel
968 2510 1028 2572 sere
1047 2510 1073 2557 in
1096 2509 1289 2573 comparatione.
1324 2509 1378 2559 Hoc

236 2596 310 2652 gusto
326 2591 458 2648 invitatus,
475 2589 550 2652 idque
566 2589 624 2638 iecit
640 2589 720 2636 multo
730 2590 784 2636 bre·
826 2588 916 2636 minuit
933 2590 1090 2652 gravitatem,
1101 2589 1161 2636 odeo
1171 2594 1201 2635 ut
1211 2588 1325 2650 imagine
1334 2589 1378 2636 mi·

234 2668 289 2715 vius
307 2683 336 2716 oc
352 2670 463 2731 parcius,
487 2683 563 2732 quom
589 2667 628 2715 hio
651 2666 782 2716 Gramma·
825 2681 871 2714 nus
889 2667 1038 2728 afficiemur,
1062 2669 1160 2726 moniti,
1177 2683 1232 2716 rem
1248 2681 1378 2732 compers-

235 2747 299 2794 tiens
317 2747 373 2796 fecit
395 2748 449 2796 loco
471 2747 559 2796 alieno.
592 2746 707 2809 Denique
730 2746 782 2794 Ho·
825 2751 877 2793 tum
902 2761 952 2795 non
977 2748 1052 2811 plone
1073 2754 1157 2796 tumen
1177 2761 1232 2796 esse
1255 2747 1377 2805 similem,

234 2824 313 2872 retius
338 2826 429 2888 ubique
454 2827 583 2889 profitetur
604 2839 665 2884 seo
686 2824 784 2887 proeliis
825 2824 867 2872 sed
878 2840 953 2889 prope
964 2828 1086 2875 accedere.
1117 2827 1207 2889 Itaque
1217 2840 1307 2890 prosae
1319 2827 1377 2874 scri·

235 2903 398 2952 describendis
419 2905 553 2954 obstinere:
579 2918 632 2951 rem
657 2918 709 2952 esse
734 2919 783 2952 non
824 2909 917 2966 ptores,
943 2919 992 2954 non
1017 2911 1128 2954 amantes
1154 2904 1323 2968 hyperbolae,
1344 2906 1378 2953 sic

235 2985 319 3041 aptam
336 2995 396 3030 suae
412 2982 489 3046 lyrae.
522 2983 589 3032 Vide
610 2984 631 3033 Ι.
653 2983 738 3033 Curm.
759 2987 782 3034 6.
804 2944 806 3023 i
825 2982 969 3044 loquuntur.
1003 2983 1170 3033 Liv.11.23.
1199 2985 1290 3032 Turba
1299 2999 1378 3046 prope

235 3064 260 3106 et
276 3057 325 3110 IV.
354 3061 391 3110 15.
426 3064 543 3112 Phoebus
567 3065 686 3112 uolentem
709 3080 782 3126 proe-
824 3060 851 3107 in
862 3063 984 3111 conscionis
995 3064 1094 3112 modum
1104 3061 1270 3124 circumfuso.
1292 3062 1376 3111 Bentl.

235 3139 271 3186 lia
291 3142 417 3203 traloqui
459 3144 546 3191 Victus
567 3148 592 3190 ct
612 3145 684 3191 nrbes
704 3145 783 3192 inore·
825 3140 909 3188 scribit
928 3143 1071 3191 indomitus.
1105 3140 1140 3190 'Et
1160 3132 1208 3188 hoc
1228 3141 1304 3188 credo
1325 3155 1377 3190 csse

232 3219 299 3278 puit.
333 3218 402 3279 Quid
426 3226 510 3268 autem
531 3227 569 3268 est
589 3221 682 3282 proelia
702 3221 783 3284 loqui,
825 3217 1000 3279 Grammatici,
1017 3220 1061 3283 qui
1077 3220 1212 3282 respexerit
1229 3218 1304 3269 Ovid
1323 3220 1374 3269 He·

234 3297 255 3343 si
273 3298 319 3345 hoc
335 3303 454 3347 nonest?
824 3298 885 3346 roid.
903 3299 964 3348 XV.
981 3300 1005 3347 9.
1039 3299 1178 3348 Indomitis
1198 3300 1282 3361 ipnem
1303 3315 1373 3348 euer-

268 3381 368 3427 Deuota
384 3382 460 3429 nsorti
475 3385 577 3442 pectora
598 3381 697 3428 liberae.
731 3381 782 3427 De·
802 3370 805 3451 l
824 3379 936 3426 centibus
955 3380 1043 3427 Eurus.
1078 3377 1231 3426 Meinokius:
1257 3377 1309 3426 “In
1331 3378 1376 3426 hoc

235 3462 293 3506 uota
310 3463 369 3505 sunt
386 3458 428 3506 vel
446 3474 461 3504 u
471 3458 545 3519 sato,
563 3457 602 3505 vel
619 3472 683 3520 quse
694 3471 719 3504 se
730 3457 783 3520 ipso
824 3455 933 3504 carmine
954 3457 1035 3504 multu
1050 3455 1211 3505 iniustissime
1226 3456 1377 3504 criminetur

235 3536 393 3584 metuerunt.
427 3537 466 3584 De
482 3536 544 3598 suto
565 3537 608 3584 vix
630 3537 691 3584 bene
714 3537 780 3585 oddi—
825 3533 1070 3597 Peerlkampius,ex
1085 3549 1134 3598 quo
1148 3548 1239 3596 genere
1250 3539 1297 3591 est,
1310 3535 1376 3597 quod

235 3619 277 3660 tur
294 3615 394 3664 liberae.
427 3616 494 3664 Num
515 3631 582 3664 mors
603 3617 680 3665 libera
695 3618 720 3664 in
737 3614 782 3663 mi·
823 3628 900 3674 prope
921 3628 936 3660 u
957 3613 1028 3661 nullo
1047 3627 1159 3675 unquam
1175 3613 1249 3676 polite
1265 3615 1376 3676 positum

235 3690 279 3739 lite
295 3691 372 3741 honos
397 3700 435 3741 est
458 3700 483 3741 et
503 3693 656 3743 beneficium.
689 3695 782 3744 Fatum
823 3691 898 3751 dicit;
926 3698 952 3739 ut
977 3693 1059 3755 posuit
1084 3691 1147 3741 Coto
1172 3693 1240 3754 opud
1263 3692 1376 3743 Gellium

234 3784 293 3818 vero
318 3773 417 3820 desecet
442 3771 515 3820 rebus
537 3773 648 3821 tristibus
665 3778 690 3821 et
706 3772 781 3821 duris.
823 3771 857 3818 N.
875 3772 909 3820 A.
927 3771 976 3819 XI.
987 3774 1010 3820 2.
1043 3772 1225 3819 Vitubumunu
1239 3787 1322 3835 prope
1338 3776 1377 3821 uti

236 3849 264 3898 Si
288 3863 314 3898 se
335 3850 388 3913 ipso
409 3851 562 3900 devoverunt
583 3855 659 3900 nsorti
680 3853 783 3906 liberae,
817 3850 921 3910 ferrum
947 3857 997 3908 est,
1022 3865 1067 3899 nec
1092 3849 1190 3907 dubito,
1216 3853 1278 3913 quin
1301 3853 1376 3901 etiam

236 3930 381 3992 ambiguum
402 3938 446 3979 est.
480 3931 547 3978 Num
569 3946 635 3980 mors
652 3931 731 3979 libero
747 3937 783 3978 est
824 3929 867 3976 alii
887 3930 1037 3992 posuerint.''
1071 3930 1159 3994 Neque
1180 3930 1234 3993 ipso
1250 3930 1377 3988 dubitavi,

235 4009 275 4057 vel
291 4024 367 4072 quum
384 4010 430 4073 ipsi
446 4010 565 4072 petimus,
581 4009 652 4056 nullo
668 4015 783 4072 cogente,
825 4007 1154 4072 sfferensexemplumLivii.
1163 4007 1289 4057 Volebam
1295 4025 1376 4059 exem·

235 4088 274 4136 vel
292 4103 367 4151 quum
389 4088 500 4136 subimus
521 4087 603 4145 liberi,
624 4088 736 4136 nondum
757 4089 783 4136 in
824 4086 893 4149 plum
911 4088 969 4136 boni
985 4089 1085 4151 politae:
1105 4087 1172 4150 quod
1190 4088 1210 4135 si
1224 4088 1376 4141 inveniatur,

235 4167 380 4217 servitutem
392 4169 491 4217 reducti.
516 4167 715 4218 Grammaticum
726 4169 783 4216 scri·
824 4173 907 4215 tumen
916 4167 1121 4216 considerandum
1129 4165 1184 4223 erit,
1196 4180 1229 4214 cn
1238 4167 1289 4215 huc
1297 4167 1376 4215 fuciat.

236 4243 313 4304 psisse
340 4253 414 4308 puto:
451 4249 548 4295 Deusta
581 4248 656 4296 morti
682 4253 783 4308 pectore
804 4289 806 4309 1
825 4243 896 4306 Quae
905 4246 1022 4294 videntur
1030 4246 1188 4302 eedem,non
1200 4258 1298 4307 semper
1309 4252 1375 4294 sunt.

236 4324 320 4370 tibere.
354 4323 456 4372 Liberos
479 4323 600 4381 hominm,
622 4340 683 4388 quos
705 4325 784 4373 fotum
805 4347 807 4364 ε
860 4326 967 4373 Mittere
992 4338 1080 4386 equitem
1108 4324 1200 4371 medios
1225 4338 1273 4384 per
1300 4324 1376 4384 ipnes.
