2916 5220
534 329 709 392 LIBER
756 331 799 391 Il.

274 516 403 580 Pectus.
454 512 616 580 Informes
640 515 762 580 hiemes
787 515 912 579 reducit

364 616 504 702 Iupiter,
530 617 617 682 idem

274 721 474 786 Summovet
522 721 614 800 Non,
640 720 668 786 si
692 721 778 786 male
800 743 903 803 nunc,
928 728 961 785 et
984 721 1064 784 clim

274 823 327 889 Sic
352 823 428 888 erit:
453 823 618 908 quondam
644 823 769 888 cithara
792 827 954 888 tacentem

272 926 416 992 Suscitat
440 927 570 992 Musam
595 949 699 1012 neque
722 948 850 1012 semper
872 947 984 990 arcum

362 1030 480 1095 Tendit
502 1030 632 1115 Apollo.

90 1173 129 1220 Ori
155 1171 264 1232 πάντες,
293 1167 349 1217 ἀλλ’
379 1170 422 1226 οὓς
451 1169 526 1232 ἔσχεν
551 1169 639 1232 ἅτερος

89 1251 198 1314 δαίμων.
244 1249 305 1298 Vid.
333 1248 431 1297 Hemst.
460 1248 492 1295 ad
524 1247 640 1311 Xenoph.

89 1328 184 1391 Ephes.
209 1329 230 1376 I.
259 1331 294 1378 10.
330 1327 447 1378 Alterum
472 1327 498 1374 in
523 1328 568 1375 tali
592 1327 639 1375 for·

90 1406 164 1454 mula
180 1414 217 1455 est
233 1408 358 1458 diversum
375 1407 407 1456 ab
423 1407 468 1456 illo
484 1408 550 1471 quod
567 1407 639 1456 habe-

90 1500 149 1534 mus
166 1486 206 1535 vel
223 1493 345 1550 optamus.
378 1487 445 1536 Vide
462 1487 556 1534 dietum
573 1501 639 1534 arus-

89 1564 152 1627 picis
174 1565 205 1613 ad
230 1565 326 1614 Iulium
351 1565 495 1627 Caesarem,
520 1568 546 1615 in
571 1567 640 1615 Plut.

90 1644 163 1694 Caes,
182 1645 222 1692 43.
240 1643 261 1692 εἰ
277 1646 323 1709 μὲν
334 1645 359 1694 εὖ
372 1645 493 1710 πράττειν
504 1645 556 1711 ἡγῇ
566 1663 640 1694 σεαυ-

90 1723 139 1771 τὸν
151 1722 193 1770 ἐπὶ
204 1724 242 1786 τῷ
254 1724 376 1787 παρόντι,
388 1725 436 1783 τὴν
446 1725 548 1789 χείρονα
560 1741 641 1788 προσ-

90 1800 153 1850 δόκα
175 1801 266 1864 τύχην
293 1801 314 1851 εἰ
339 1801 363 1850 δὲ
388 1807 482 1864 κακῶς,
500 1803 550 1862 τὴν
570 1801 641 1867 ἀμεί-

91 1898 168 1929 νονα.
203 1879 306 1928 Asinius
328 1881 410 1930 Pollio
432 1882 497 1944 apud
520 1881 640 1931 Senecam

92 1957 194 2007 Suasor.
218 1958 253 2006 Π.
293 1961 400 2008 Utinam
428 1962 582 2009 moderatius
605 1976 640 2009 se

90 2040 187 2086 eundae
206 2052 259 2095 rea,
280 2043 306 2086 et
319 2037 421 2100 furtiua
441 2040 558 2088 aduersae
568 2039 642 2102 serre

88 2116 221 2178 potur'aeet.
255 2118 370 2180 Namque
386 2123 507 2180 atraeque
517 2133 642 2180 quantoe-

90 2201 185 2243 nerant
201 2197 237 2252 ei,
254 2197 352 2243 mutari
368 2211 408 2245 eas
425 2211 474 2244 non
488 2211 561 2258 posse
571 2198 640 2244 reba-

90 2279 144 2322 tur.
160 2273 270 2322 Iustinus
288 2272 421 2323 xxxia.
440 2272 527 2320 laudat
542 2271 639 2320 Hanni·

90 2351 186 2401 belem:
203 2368 253 2401 nan
269 2355 352 2400 asinus
363 2351 515 2400 inserendis
526 2352 641 2411 adversa,

90 2447 169 2492 quam
184 2432 213 2479 in
229 2432 342 2480 adversis
358 2431 466 2479 secunda
483 2431 640 2491 rapitantem,

124 2511 186 2558 Non
201 2511 224 2557 ei
241 2511 307 2558 male
322 2525 403 2571 nune,
421 2513 446 2557 et
457 2505 516 2556 oiim
528 2509 572 2556 Sic
583 2509 639 2556 erit.

91 2586 171 2650 Apud
191 2587 367 2637 Hildebertum
385 2586 639 2649 Philos.Moral.pag.

90 2667 149 2718 976.
170 2668 292 2717 nonnulla
316 2682 430 2731 perverse
454 2668 490 2715 ita
506 2667 639 2730 leguntur:

89 2746 207 2809 “Sperat
232 2748 260 2795 in
284 2748 403 2796 adversis.
441 2747 551 2795 Easdem
575 2760 640 2795 aaut·

91 2831 178 2874 mouet.
207 2827 306 2874 Nerei.
332 2827 371 2873 Et
391 2826 450 2873 olim
470 2840 567 2886 semper
583 2827 639 2873 erit.

92 2904 167 2952 Male
183 2909 234 2964 eat,
250 2909 275 2952 et
291 2903 393 2961 similia,
411 2904 505 2953 Graeco
520 2918 601 2964 more,
612 2911 641 2952 ut

92 2982 219 3032 Theoent.
252 2982 328 3046 Idyll.
355 2983 402 3031 IV.
421 2984 460 3031 41.
478 2981 534 3047 τάχ’
552 2983 641 3047 αὔριον

91 3061 173 3111 ἔσσετ’
200 3062 311 3127 ἄμεινον.
355 3062 457 3112 Sueton.
479 3063 573 3111 Domit.
599 3064 639 3111 23.

91 3141 210 3189 “Cornix
240 3142 267 3189 in
300 3140 426 3204 Capitolio
460 3144 557 3190 elocuta
591 3147 638 3189 est:

91 3220 165 3268 ἔσται
183 3218 272 3268 πάντα
289 3220 380 3276 καλῶς.
416 3223 470 3270 Νοο
486 3220 580 3283 defait,
596 3222 641 3281 qui

91 3303 217 3346 ostentam
238 3299 275 3346 sic
296 3299 525 3360 interpretaretur:
551 3298 640 3360 Nuper

92 3376 200 3439 Tarpeio
230 3391 295 3440 quae
319 3377 382 3426 sedit
407 3377 517 3425 culmine
541 3377 640 3434 cornix,

92 3457 222 3513 Endera,
235 3470 285 3508 nou
292 3456 373 3518 potuit
380 3454 471 3511 dicere,
485 3455 558 3503 dixit:
568 3456 640 3504 erit.''

91 3534 181 3596 Neque
196 3535 280 3596 video,
301 3549 346 3583 cur
362 3535 388 3582 in
405 3535 558 3583 Menandreo
574 3532 641 3597 μένει

92 3614 143 3677 γὰρ
158 3617 253 3676 κακῶς,
272 3615 338 3677 apud
359 3614 453 3663 Athen.
478 3613 513 3661 X.
533 3614 575 3662 65.
597 3613 640 3661 ali-

91 3691 155 3755 quid
175 3698 309 3741 mutemus.
342 3693 377 3740 Et
398 3698 458 3740 nota
477 3699 515 3740 est
534 3690 642 3740 formula

91 3770 118 3817 in
131 3769 243 3818 oraculis.
264 3770 343 3833 Saepe
353 3770 447 3832 legitur
456 3772 523 3833 apud
532 3771 641 3820 Livium.

91 3845 165 3897 Conf.
183 3846 298 3910 Xenoph.
315 3849 346 3896 de
358 3848 458 3912 Vectig.
471 3850 494 3898 6.
511 3849 642 3915 daipertus

92 3928 155 3984 τοὺς
175 3927 262 3989 θεοὺς,
286 3926 307 3976 εἰ
329 3929 400 3992 λῷον
420 3930 461 3977 καὶ
483 3929 588 3992 ἄμεινον
604 3929 641 3988 εἴη

90 4020 128 4068 sq.
163 4005 281 4053 Latinam
306 4005 439 4053 formulam
466 4006 642 4055 restituendam

91 4083 200 4132 arbitror
221 4083 343 4133 Sallustio
367 4084 397 4133 B.
423 4084 482 4146 lug.
508 4085 547 4133 41.
582 4089 642 4143 Ita,

90 4164 160 4226 qaod
184 4164 212 4210 in
240 4165 352 4212 advorsis
379 4167 453 4212 rebus
481 4160 643 4226 optaverant,

681 1168 795 1217 nifestam
812 1168 928 1231 glossam.
946 1166 1039 1225 rolin,
1056 1167 1116 1216 dicit
1133 1168 1229 1218 Sallus-

682 1248 743 1305 tius,
759 1254 840 1297 metus
858 1247 953 1295 hostiIIs
972 1247 1097 1295 civitatem
1115 1248 1140 1295 ln
1158 1248 1228 1296 bonis

682 1327 776 1375 artibus
801 1327 929 1376 retinebat.
974 1326 1025 1375 Ubi
1054 1326 1100 1374 illa
1125 1326 1229 1375 formido

682 1407 797 1465 decessit,
813 1406 917 1455 lascivia
933 1412 1007 1469 atque
1024 1405 1137 1468 superbia
1153 1406 1229 1455 inces-

682 1500 741 1535 sere.
775 1486 827 1545 Ita,
843 1491 973 1549 postquam
990 1485 1071 1547 adepti
1083 1492 1152 1542 sunt,
1163 1487 1230 1548 quod

681 1571 828 1627 optaverant
843 1565 868 1612 in
885 1564 958 1612 rebus
976 1563 1097 1618 advorsis,
1114 1578 1163 1610 non
1180 1579 1229 1612 mc-

682 1644 743 1703 lius,
764 1644 813 1691 imo
830 1643 899 1705 peius
917 1642 987 1690 fuit.”
1021 1641 1142 1690 Afranius
1164 1643 1229 1704 apud

682 1721 778 1772 Charis.
792 1736 848 1783 pag.
865 1722 919 1769 185.
944 1721 1043 1768 Nemini
1055 1721 1161 1768 nimium
1173 1723 1231 1769 berre

681 1807 724 1850 eat.
759 1801 828 1848 Idem
854 1799 919 1863 apud
944 1799 1064 1847 Priscian.
1090 1813 1146 1861 pag.
1172 1799 1229 1848 804.

684 1879 748 1927 Cum
764 1880 848 1926 sulvus
864 1879 943 1934 amris,
954 1879 1101 1940 ,arctiusque
1119 1880 1167 1926 tibi
1183 1885 1229 1927 est.

682 1954 754 2005 Ovid.
785 1955 846 2004 XV.
877 1955 976 2003 Heroid.
1006 1956 1059 2006 177.
1098 1958 1231 2020 Quidquid

682 2038 743 2093 erit,
768 2037 856 2085 melius
877 2051 953 2098 quam
975 2050 1043 2083 nuno
1063 2038 1118 2084 erit.
1154 2035 1230 2086 Adde

682 2115 816 2164 Ruhnken.
835 2114 866 2162 ad
884 2115 983 2163 Terent.
1001 2129 1025 2176 p.
1042 2116 1081 2163 50.
1100 2121 1124 2163 et
1140 2116 1197 2164 200.

719 2195 851 2252 Quondam
867 2195 968 2243 cithara
980 2199 1103 2243 tacentem
1117 2196 1230 2243 Suscitat

683 2272 795 2322 Musam.
821 2273 852 2320 In
866 2271 1131 2321 unoMSsureitacit.
1157 2272 1230 2320 Unde

681 2352 819 2400 Burmann.
830 2350 972 2399 coniiciebat
982 2349 1100 2407 suurltit,
1111 2351 1231 2411 producta

683 2432 771 2479 ultima
787 2430 896 2493 syllaba,
913 2430 982 2477 utin
1004 2428 1070 2486 abit,
1090 2429 1169 2490 petit,
1186 2443 1230 2491 pro

683 2512 757 2570 abiit,
777 2511 860 2573 petiit.
895 2509 944 2559 Sed
969 2508 1016 2557 hoc
1040 2522 1090 2555 non
1115 2509 1230 2557 conuenit

682 2602 739 2636 cum
764 2588 874 2649 sequenti
898 2588 987 2636 tendit.
1029 2587 1068 2634 Ne
1093 2587 1173 2634 dicam
1199 2589 1230 2636 de

681 2668 781 2716 insolita
797 2666 888 2724 forma,
914 2681 989 2729 quam
1015 2666 1066 2728 lpse
1090 2666 1230 2716 Burmann.

682 2747 713 2794 ad
730 2746 823 2809 Virgil.
841 2746 890 2796 III.
909 2746 974 2794 Aen.
992 2746 1015 2793 3.
1033 2745 1168 2802 damnavit,
1186 2746 1229 2793 ubi

682 2826 780 2874 Probus
797 2827 896 2874 volebat
913 2825 944 2872 ad
961 2825 1150 2874 discernendum
1168 2832 1228 2874 tem-

681 2921 728 2968 pus
746 2907 861 2954 ultimam
884 2906 954 2954 verbi
969 2905 1059 2968 faurdt
1080 2904 1229 2953 circumflec-

682 2992 745 3043 tere,
771 2984 911 3047 refragante
937 2985 1013 3033 ctiam
1037 2985 1131 3034 Servio.
1164 2985 1228 3033 Ben-

681 3062 754 3110 tleius
771 3077 784 3111 e
802 3063 878 3113 MSS.
896 3063 957 3126 legit
973 3066 1098 3120 citharae,
1109 3069 1138 3110 ut
1150 3064 1229 3110 Musa

681 3143 796 3190 citharae
812 3142 844 3189 sit
861 3142 914 3205 ipsa
938 3142 1044 3190 cithara:
1070 3148 1094 3188 et
1120 3142 1153 3188 sic
1179 3140 1229 3189 sere

681 3220 724 3267 alii
740 3221 895 3283 interpreter,
906 3235 1057 3284 quamquam
1068 3221 1168 3268 cithara
1180 3234 1229 3267 sor·

683 3306 775 3347 ventes.
809 3299 865 3361 Ego
890 3299 989 3347 omnino
1009 3298 1143 3360 legendum
1165 3298 1228 3345 arbi-

682 3383 744 3425 tror:
767 3381 868 3427 cithara
889 3383 999 3427 tacentes
1030 3379 1145 3426 Suscitat
1169 3376 1227 3424 Μο-

680 3472 730 3505 aaa.
763 3456 883 3505 Horatius
905 3456 970 3504 hanc
990 3455 1125 3518 imaginem
1143 3456 1230 3503 sumsit

681 3551 713 3584 ex
730 3536 833 3584 Homeri
849 3535 922 3583 Iliad.
932 3536 966 3584 A.
984 3534 1026 3582 ubi
1036 3535 1114 3582 iratus
1127 3535 1230 3598 Apollo,

682 3616 748 3663 nocti
777 3614 875 3674 similis,
902 3613 1010 3664 Graecos
1035 3614 1131 3676 sagittis
1156 3614 1230 3676 petit,

682 3695 749 3754 δεινὴ
767 3694 792 3743 δὲ
810 3694 908 3760 κλαγγὴ
920 3692 998 3758 γένετ’
1010 3691 1140 3758 ἀργυρέοιο
1152 3692 1230 3754 βιοῖο.

683 3776 756 3823 Τιιοο
779 3773 856 3836 igitur
876 3789 964 3822 arerem
989 3774 1106 3820 tendebat
1129 3770 1230 3832 Apollo.

684 3853 732 3902 Sed
749 3868 799 3901 non
814 3868 916 3915 semiper.
940 3852 966 3900 Ν
967 3867 1008 3898 arn
1019 3850 1087 3898 brevi
1098 3856 1153 3912 post
1166 3849 1231 3896 idem

683 3930 777 3993 Apollo
788 3932 813 3977 in
830 3929 942 3978 convivio
955 3930 1066 3977 Deorum
1084 3927 1233 3975 suacithara

684 4011 771 4058 Musas
788 4015 896 4056 tacentes
913 4009 1023 4055 suscitat.
1056 4008 1119 4054 Erat
1140 4019 1234 4066 magna

683 4088 822 4137 iucunditas
844 4086 980 4151 φόρμιγγος
1003 4083 1178 4149 περικαλλέος,
1200 4086 1234 4144 ἣν

685 4166 720 4231 ἔχ’
747 4165 894 4225 Ἀπόλλων,
922 4162 1051 4212 Μουσάων
1076 4161 1111 4223 τ’,
1137 4163 1164 4209 di
1183 4163 1233 4209 ἄει-

91 4243 186 4300 otium,
200 4247 335 4304 postquam
345 4243 432 4304 adepti
442 4248 516 4302 aunt,
528 4245 645 4306 asperius
685 4246 730 4295 δον
748 4243 911 4310 ἀμειβόμεναι
928 4242 973 4288 ὀπὶ
989 4241 1064 4304 καλῇ.
1090 4238 1186 4287 Eodem
1197 4252 1233 4286 re-

92 4321 256 4382 aeerbiuaqne
265 4319 332 4382 suit.
358 4320 432 4370 Tolle
448 4314 539 4378 utitem,
554 4329 582 4370 nt
593 4338 644 4372 ma·

686 4326 777 4388 spicere
793 4328 884 4386 putant
901 4321 1003 4369 Pindar.
1021 4320 1042 4368 I.
1062 4319 1138 4382 Pyth.
1159 4319 1179 4366 I.
1192 4318 1234 4366 nbi

1065 4405 1105 4463 10
