2916 5220
559 339 582 400 lt
596 340 612 400 l
625 340 650 401 B
664 338 689 401 E
703 341 730 402 lt
777 340 802 401 l.

504 548 694 613 OARMEN
741 549 848 612 XXV.

291 720 433 804 Parcius
458 738 585 803 iunctas
612 739 766 823 quatiunt
790 739 948 804 fenestras

294 842 419 909 lctibus
443 843 562 907 crebris
593 843 726 908 iuvenes
750 843 911 928 protervi,

278 946 356 1012 'Nec
380 946 442 1012 tibi
466 947 597 1011 somnos
622 947 794 1028 adimunt,
819 952 972 1031 amatque

381 1051 485 1114 Ianua
508 1049 629 1131 limen,

292 1152 381 1231 Quae
404 1152 495 1237 prins
521 1153 666 1217 multum

690 1152 798 1217 facilis
823 1155 976 1218 movebat

290 1255 454 1321 Cardines.
489 1255 595 1320 Audis
619 1255 729 1321 minus
754 1262 787 1320 et
810 1256 920 1322 minus
945 1258 1029 1321 iam:

293 1359 370 1423 “Me
395 1365 452 1423 tuo
477 1359 592 1443 longas
616 1364 772 1443 pereunte
796 1365 924 1439 noctes,

380 1462 499 1544 Lydia,
525 1462 690 1526 dormis?'’

256 1673 408 1723 CARMEN
424 1674 512 1723 XXV.

143 1769 362 1854 [antuman.
379 1803 657 1867 MSS.a'uctibaa‚quod

108 1883 270 1947 Oudendorp.
295 1889 381 1931 natum
402 1883 506 1946 putabat
526 1896 558 1930 ex
582 1882 657 1931 inter·

109 1962 247 2025 pretatione
263 1961 381 2018 Acronis,
399 1962 453 2024 qui,
475 1967 541 2008 utet
560 1961 656 2011 Comm.

109 2041 187 2105 Cruq.
213 2041 268 2090 voci
295 2042 385 2090 ictibus
408 2039 503 2088 addidit
536 2043 655 2103 lapidum.

110 2121 181 2169 Idem
205 2121 236 2168 ad
256 2118 349 2183 Appul.
366 2119 415 2168 IX.
434 2121 537 2168 Metam.
558 2134 582 2181 p.
599 2120 656 2168 630.

110 2203 181 2250 Saxo
191 2200 264 2262 sores
280 2203 408 2258 macerat,
423 2212 452 2247 eo
468 2198 609 2246 confirmari
622 2197 656 2246 di·

108 2279 143 2326 cit
159 2274 444 2327 Horatianumiootr'tas
453 2279 557 2327 eretria.
583 2276 656 2325 Conf.

107 2357 214 2406 Observ.
232 2356 336 2406 Miscell.
354 2356 432 2405 VIII.
453 2357 510 2404 241.
528 2362 552 2403 et
568 2355 667 2404 Heius..

108 2437 140 2484 ad
151 2436 243 2500 Virgil.
258 2436 292 2485 V.
305 2435 370 2485 Aen.
386 2437 426 2484 88.

159 2517 474 2578 Amatqnelunnaltmen,
495 2514 567 2572 Quae
580 2515 656 2574 petas

107 2595 312 2659 srrnltnmfaclle'a
316 2596 426 2643 noveoat
433 2592 562 2641 Cerdines.
572 2594 655 2642 Audis

107 2677 201 2733 trainae,
210 2679 236 2721 et
243 2676 328 2722 ruinas
336 2675 395 2720 iatri.
407 2671 596 2720 Fortasselocus
605 2682 654 2719 non

108 2753 175 2802 male
186 2753 221 2801 sic
234 2752 440 2815 distingueretur,
453 2757 477 2799 et
485 2764 530 2813 pro
538 2753 612 2799 nadis
621 2751 654 2799 le-

107 2839 209 2894 geretur
225 2834 306 2881 andit.
329 2834 455 2894 Amotqne
472 2831 559 2878 Ianua
571 2831 653 2878 limen.

111 2913 184 2971 Quae
188 2913 263 2976 prins
267 2910 470 2974 multnmfncilt's
474 2911 585 2958 monebat
592 2909 654 2958 Cor-

107 2992 187 3048 dines,
194 2991 268 3039 ondit
277 2991 362 3038 minae
372 2995 398 3038 et
405 2990 490 3036 minae
500 2990 565 3036 iuna:
576 2988 656 3035 Ianua

107 3076 175 3117 amat
183 3069 271 3128 limen,
283 3075 311 3117 tu
327 3069 444 3133 quiescis,
456 3068 533 3116 ianua
544 3067 654 3130 quiescit.

107 3148 165 3207 Illa,
174 3164 238 3213 qnae
246 3150 314 3212 prius
323 3146 655 3209 tamsaepefaailescardines

106 3229 234 3286 movebat,
258 3229 307 3276 iarn
332 3228 414 3276 minus
438 3228 570 3290 minusque
587 3227 657 3275 audit

105 3313 195 3355 notum
205 3307 267 3356 illud
284 3306 535 3373 παρακλαυσίθυρονε
554 3308 656 3357 Metuo

104 3387 192 3450 touque
213 3393 333 3449 pereunte
349 3391 432 3436 noctes
454 3392 515 3434 caet.
532 3386 655 3435 Amantes

105 3479 178 3529 saepe
194 3465 295 3515 ianuam
316 3464 513 3528 alloquebantur.
540 3463 654 3527 Propert.

105 3546 126 3595 Ι.
148 3547 185 3595 16.
204 3547 242 3594 13.
260 3545 303 3593 ubi
320 3545 394 3592 ianua
410 3543 481 3592 dicit:
502 3544 573 3592 Haec
588 3547 655 3594 inter

104 3628 224 3688 movibus
240 3640 311 3688 copor
328 3625 419 3687 deflere
433 3625 541 3686 querella
554 3623 653 3685 Suppli-

104 3708 142 3754 cis
159 3707 207 3754 ab!
224 3706 309 3766 Imaona
326 3704 425 3752 tutatae
441 3704 566 3751 exeamas.
588 3701 652 3751 Rem

105 3785 206 3847 egregit}
236 3783 372 3832 illustravit
406 3782 544 3830 Burmann.
588 3781 653 3832 Con·

105 3862 210 3909 structio
225 3861 278 3924 ipsa
294 3867 331 3910 est
340 3859 487 3924 elegantior:
504 3876 568 3923 quoe
577 3864 653 3923 prins

104 3943 230 4001 noeoeane,
247 3942 328 3988 ondit.
362 3940 448 3989 Aaron
463 3939 554 4002 sociiis
571 3941 652 3990 ¹inter·

104 4025 219 4082 pretatur
244 4026 332 4080 uncto,
358 4035 389 4069 ne
414 4028 538 4068 resonaret
555 4020 653 4068 assiduo

104 4114 154 4146 usn
180 4098 333 4162 frequentius
361 4099 499 4162 aperiendo.
537 4097 652 4148 Oudend.

104 4179 217 4241 “inepte,
242 4178 290 4226 nisi
314 4177 346 4225 sit
370 4179 522 4241 corruptus.''
555 4178 653 4240 Inepte,

104 4258 188 4306 credo.
211 4255 378 4320 corruptum,
393 4271 444 4304 non
455 4258 535 4306 credo.
554 4257 653 4320 Inepte,

104 4337 166 4399 quia
183 4336 221 4383 nte
238 4336 282 4384 tali
298 4334 491 4398 interpretationi
500 4350 550 4385 non
566 4343 603 4385 est
619 4337 654 4385 lo·

675 1647 747 1695 *cus
781 1649 891 1697 Volebat
917 1662 1004 1711 nempe
1026 1649 1124 1706 Acron,
1145 1646 1245 1695 ianuam

698 1741 749 1776 esse
766 1734 879 1784 unctam,
888 1727 928 1776 vel
946 1742 961 1774 a
974 1726 1068 1790 Lydia,
1080 1726 1120 1775 vel
1138 1728 1168 1775 ab
1177 1743 1244 1776 ama·

698 1806 799 1854 toribus.
817 1807 898 1869 Lydia
914 1821 963 1854 non
974 1811 1110 1868 urgueret,
1126 1806 1244 1869 quianon

697 1891 750 1933 erat
772 1885 819 1933 sub
840 1884 954 1942 custode,
977 1885 1019 1933 sed
1040 1883 1079 1931 sui
1102 1885 1174 1933 iuris:
1200 1900 1245 1934 nec

697 1977 811 2013 caussam
833 1964 916 2020 video,
939 1978 984 2013 cur
1001 1970 1122 2012 amatores
1139 1965 1180 2013 hic
1196 1980 1243 2013 un·

698 2049 807 2105 guerent.
842 2043 977 2091 Faciebant
1001 2050 1084 2090 tamen
1106 2043 1244 2102 interdum,

697 2120 739 2169 sed
756 2122 806 2169 alio
823 2122 902 2170 modo.
928 2120 994 2170 Vide
1010 2137 1034 2169 v.
1046 2135 1066 2169 c.
1084 2122 1185 2172 Lucret.
1195 2124 1242 2172 IV.

700 2201 769 2252 1173.

733 2280 804 2338 Quae
818 2283 893 2342 prins
910 2284 1018 2329 nrnltnm
1028 2280 1123 2344 facilia
1134 2283 1245 2330 monebat

699 2357 830 2415 Continet
856 2359 1008 2434 Schraderus
1018 2357 1119 2407 editioni
1131 2372 1189 2406 suae
1201 2374 1244 2407 an·

697 2442 825 2485 notaverat
843 2438 937 2485 reicitis.
963 2437 1004 2485 Ita
1023 2450 1120 2499 quoque
1137 2439 1244 2485 correxit

695 2516 833 2564 Burmann.
851 2517 882 2564 ad
899 2516 1012 2579 Propert.
1031 2516 1066 2564 II.
1089 2517 1125 2564 15.
1144 2517 1166 2564 5.
1194 2517 1243 2566 Sed

697 2596 777 2658 Lydia
793 2596 852 2644 olim
870 2595 950 2645 furerat
963 2608 1082 2658 arrogans
1095 2603 1119 2644 et
1130 2597 1242 2658 superba.

697 2673 766 2722 Talis
775 2690 824 2724 non
837 2677 923 2724 multis
932 2676 1044 2724 vacabat.
1061 2675 1158 2723 Verum
1171 2676 1244 2724 credo

696 2757 803 2804 nrnltnm
814 2758 913 2821 faciles.
939 2756 1033 2814 Ianua,
1054 2769 1117 2818 quae
1133 2755 1245 2803 nuncil·

696 2846 752 2880 men
762 2842 841 2892 amat,
850 2835 929 2884 limini
940 2835 1063 2891 inhaeret,
1077 2833 1136 2897 quia
1148 2835 1244 2896 parcius

696 2915 812 2974 aperitur,
837 2916 897 2964 olim
922 2914 1037 2963 movebat
1057 2913 1169 2962 cardines
1185 2915 1244 2962 satis

696 2990 787 3052 faciles,
798 2992 928 3053 faciliores,
938 2994 1003 3057 quia,
1015 3006 1168 3056 quamquam
1176 2992 1244 3041 haud

696 3071 731 3118 ita
750 3070 876 3135 frequens,
894 3079 978 3120 tamen
996 3071 1147 3135 frequentius
1168 3086 1243 3134 quarn

697 3151 945 3213 nunc,aperiebatur.
965 3150 1072 3213 Propter
1080 3149 1184 3197 similem
1201 3163 1243 3196 an-

696 3229 796 3277 tithesin
812 3231 992 3293 comparandus
1009 3235 1046 3278 ast
1063 3229 1162 3277 Terent.
1192 3229 1243 3276 IIu-

696 3308 770 3356 nuch.
788 3309 823 3357 Π.
842 3311 864 3358 2.
883 3310 923 3358 53.
960 3311 1012 3368 Qut
1028 3311 1090 3357 arilei
1110 3323 1177 3356 nune
1195 3323 1244 3356 nno

696 3389 802 3450 dipitalo
812 3389 886 3452 fores
903 3390 987 3451 aperta
997 3389 1166 3451 fortunatos,
1186 3388 1244 3435 Noe

696 3472 725 3514 tn
742 3468 817 3525 ntae,
829 3468 909 3532 faxo,
926 3468 1036 3517 cazarus
1043 3480 1116 3529 saepe
1132 3468 1241 3514 inanita-

695 3547 732 3595 bt'a
742 3546 858 3608 frustra.

728 3626 774 3675 Me
785 3632 828 3675 tuo
839 3629 925 3690 leopos
931 3631 1051 3690 pereunte
1058 3631 1148 3674 noctes.
1167 3620 1242 3674 Bent-

694 3703 757 3752 leius
774 3707 872 3768 lorcyum
882 3712 989 3763 nectent,
1001 3705 1098 3768 quiade
1109 3718 1160 3751 una
1172 3711 1242 3752 nocte

694 3785 785 3847 agitur.
798 3785 836 3834 At
847 3785 959 3833 redibant
970 3799 1041 3847 saepe
1052 3782 1147 3832 exclusi
1158 3797 1241 3829 aman-

693 3868 741 3921 tes,
759 3868 784 3911 et
800 3862 884 3925 plures
900 3877 975 3926 quam
997 3877 1073 3910 unam
1095 3867 1192 3908 noctem
1210 3861 1241 3907 ad

693 3939 795 3989 ianuam
811 3941 917 3989 stabant.
931 3942 1019 3990 Horat.
1037 3939 1086 3987 III.
1106 3938 1189 3989 Carm.
1204 3940 1240 3988 lo.

694 4021 752 4068 Non
770 4021 814 4068 hoc
830 4035 926 4082 semper
938 4021 988 4067 erit
1001 4020 1097 4066 linteata
1107 4022 1154 4064 out
1162 4033 1243 4079 equae

695 4098 813 4146 Coelerna
821 4100 921 4160 potiens
930 4100 1006 4146 latua.
1015 4097 1072 4144 Non
1083 4109 1241 4157 semper,non

693 4191 777 4226 omnes
794 4183 887 4236 noctes,
903 4182 1024 4239 quotquot
1045 4182 1110 4224 eunt.
1145 4176 1180 4224 Et
1196 4175 1242 4224 hoc

693 4257 819 4319 proprium
836 4264 873 4305 est
889 4256 1046 4319 quotidianae
1061 4255 1242 4312 consuetudini,

694 4342 734 4391 nt,
758 4350 907 4399 quamquam
930 4352 1006 4384 annm
1027 4342 1121 4385 noctem
1138 4343 1161 4383 ct
1178 4337 1242 4383 diem

1057 4419 1074 4477 o
1087 4416 1106 4452 r·
