2916 5220
531 316 706 380 LIBER
751 317 796 378 Il.

271 506 421 575 Etnrihi
444 505 573 587 forsan,
598 503 660 569 tibi
684 503 771 588 quod
794 501 939 587 negarit,

286 631 289 636 ·
361 608 511 694 Porriget
533 608 620 672 hora.
780 602 783 607 ’

271 713 314 776 Te
336 732 451 796 greges
475 714 608 775 eentum
634 709 825 795 Siculaeque
848 708 975 773 circum⁴

272 814 429 899 Mugiunt
451 834 586 894 vaccae,
611 812 673 876 tibi
697 812 787 877 tollit
810 809 980 901 hinnitum

269 919 359 1002 Apta
382 905 549 1001 quadrigis
574 928 681 999 equas
696 921 728 980 te
751 914 802 979 bis
827 911 908 977 Afro

360 1019 484 1084 Murice
508 1018 630 1084 tinctae

270 1123 428 1215 Vestjunt
449 1121 563 1187 lanae:
587 1121 671 1185 mihi
693 1143 794 1207 parva
817 1140 892 1184 rura
924 1121 958 1181 et

270 1227 431 1312 Spiritum
455 1225 573 1290 Graiae
597 1224 730 1290 tenuem
755 1224 918 1290 Camenae

270 1332 373 1396 Parca
395 1351 461 1394 non
485 1328 628 1393 mendax
651 1328 742 1394 dedit
773 1334 807 1392 et
829 1324 1013 1410 malignum

358 1434 514 1518 Spernere
538 1431 667 1516 vulgus.

125 1628 162 1677 Et
178 1629 241 1676 inihi
251 1628 361 1690 forsan,
383 1627 429 1674 tibi
445 1626 510 1687 quod
526 1625 639 1687 maarai,
680 1623 760 1684 brevi,
778 1627 821 1674 iile
837 1626 882 1674 diu
898 1626 968 1674 sivit.
996 1627 1072 1675 Forte
1088 1632 1113 1676 te
1130 1628 1233 1691 lcaqior,

88 1707 210 1769 Porripet
226 1708 295 1754 horu.
329 1705 361 1753 In
378 1704 433 1752 aliis
450 1695 523 1752 rebus
541 1706 638 1753 ozihiet
681 1719 719 1752 me
735 1706 831 1753 trador
847 1706 900 1753 uita
916 1712 1009 1755 moreat.
1044 1708 1180 1770 Porriqere
1195 1714 1233 1756 est

88 1785 138 1831 tihi
153 1786 210 1832 satis
227 1783 407 1848 frequentatur,
429 1782 485 1831 vide
506 1784 548 1831 vel
564 1784 637 1831 inter-
680 1786 820 1832 extendere.
845 1783 905 1834 Vid.
930 1783 1069 1833 Burmann.
1096 1786 1127 1833 ad
1152 1785 1231 1835 Rutil.

88 1869 171 1924 pretes
192 1864 224 1911 ad
244 1864 339 1912 Lucani
356 1864 403 1911 IX.
422 1862 478 1910 985.
496 1876 576 1925 neque
593 1862 638 1910 hoc
681 1860 739 1909 Itin.
757 1862 779 1910 Ι.
800 1863 853 1911 133.

88 1939 122 1985 ad
143 1940 287 1988 hodiernam
312 1940 461 2002 elegantiam
485 1940 638 2003 exigendum
717 1943 753 1990 Te
770 1948 976 2004 prepotestatem.
998 1942 1159 2003 anuctilian.
1177 1944 1230 1992 De·

87 2024 139 2066 est:
162 2008 237 2067 'nunc
260 2018 380 2067 Horatius
405 2033 436 2066 ne
461 2019 514 2067 ioco
539 2019 639 2082 quidem
681 2023 755 2070 clam.
773 2020 850 2070 XIII.
871 2022 907 2069 13.
945 2021 1004 2068 Tibi
1024 2035 1095 2068 omae
1111 2023 1232 2070 armentia

87 2097 204 2146 dixisset:
222 2097 363 2145 humanitas
379 2098 446 2145 enim
467 2097 589 2160 postulat,
610 2102 640 2144 ut
681 2101 774 2162 muqict
790 2113 889 2156 nemas,
915 2104 944 2147 tu
964 2100 1078 2162 precibus
1097 2115 1160 2148 arua
1178 2101 1230 2148 sul·

87 2176 116 2222 in
146 2175 192 2223 tali
216 2176 246 2225 de
270 2175 361 2225 futuris
387 2177 460 2226 rebus
485 2177 638 2238 coniectura,
680 2180 756 2228 cubis.

87 2255 159 2302 nobis
175 2255 222 2318 ipsi
236 2256 351 2315 adversa,
362 2256 447 2304 amieis
458 2270 576 2319 prospera
587 2270 639 2305 esse
715 2257 843 2319 Spiritum
866 2256 963 2304 &aiae
982 2260 1079 2303 tenuent
1098 2256 1230 2305 Gaianae.

87 2341 210 2383 eventura
226 2351 385 2399 augurcmur.
419 2337 581 2400 Legendum:
600 2340 639 2385 Et
680 2334 783 2383 Hieron.
808 2333 889 2397 Epist.
910 2333 964 2384 107.
1001 2334 1095 2381 Tenuis
1115 2335 1177 2382 nati
1193 2340 1230 2382 est

87 2416 137 2462 titi
146 2415 256 2478 forsan,
272 2419 335 2465 milri
356 2419 422 2479 quod
441 2419 552 2480 uepurit,
572 2420 636 2466 Por·
679 2415 787 2476 spiritam
807 2416 842 2462 ad
861 2413 1015 2474 implendum
1035 2413 1088 2460 eius
1105 2417 1158 2460 tam
1174 2429 1228 2461 ma·

86 2495 153 2553 riqet
176 2496 244 2542 hora.
287 2496 357 2557 Quae
383 2496 467 2554 aliter,
489 2501 562 2559 atque
585 2496 638 2544 fieri
678 2492 796 2556 qniJieum
812 2493 911 2540 ditandi
927 2492 1020 2538 tubam.

87 2571 172 2629 video,
195 2571 380 2636 interpretanda
403 2573 492 2622 iudico.
525 2574 637 2636 Nempe:
714 2574 803 2620 Parca
819 2585 869 2618 aon
885 2571 1001 2619 cimaea.
1037 2568 1185 2616 Tertullian.
1199 2568 1230 2617 de

86 2650 164 2707 nihil,
190 2666 260 2700 nenio
281 2654 359 2712 plane
384 2655 471 2701 emtus
495 2658 541 2701 est.
585 2655 639 2701 Hr'c
681 2649 764 2699 Pallio
781 2663 834 2710 cap.
851 2649 876 2696 2.
910 2648 1009 2710 Sibylla
1026 2662 1076 2697 non
1092 2647 1208 2696 mendas.

577 2795 741 2817 ..φοῦ-,-

458 2959 703 3023 OARMEN
750 2958 859 3022 XVII.

267 3096 340 3176 Cur
363 3134 416 3177 me
440 3111 580 3198 querelis
604 3112 773 3177 exanimas
799 3111 885 3176 tuis?

267 3214 335 3280 Nee
359 3215 419 3281 DIs
444 3215 587 3280 amicum
611 3221 662 3280 est
689 3237 748 3280 nec
771 3213 869 3296 mihi,
895 3218 927 3278 te
950 3212 1040 3298 prius

312 3316 428 3401 Obire‚
454 3319 642 3401 Maecenas,
667 3340 814 3382 mearum

230 3472 383 3522 cARMEN
401 3473 490 3523 XVII·
675 3450 791 3503 nartem
812 3459 860 3506 pro
880 3447 954 3494 cuius
971 3443 1067 3506 affectu
1088 3447 1114 3490 et
1131 3456 1228 3512 umore,

675 3523 740 3571 dicit
759 3537 786 3571 aa
806 3525 829 3571 ei
850 3528 947 3571 mortuo
968 3522 1226 3584 attemperatum,

120 3565 247 3651 Carmen
266 3601 414 3665 pulchrum,
440 3603 460 3650 si
481 3603 537 3666 plus
558 3618 633 3666 quam
675 3604 720 3649 aed
743 3602 850 3664 quodum
875 3603 949 3664 quasi
968 3605 1125 3651 sacramento
1141 3600 1227 3648 deuia

85 3678 215 3727 dimidiam
224 3686 321 3742 partem
333 3681 456 3730 demseris.
482 3682 557 3730 Nunc
568 3682 634 3731 enim
675 3687 756 3738 ctum,
774 3684 801 3730 iu
819 3686 897 3730 inerte
913 3682 1066 3738 sociandum,
1082 3681 1124 3728 cai
1134 3679 1229 3742 fuerat

85 3759 191 3822 turpiter
212 3765 294 3808 atrum
315 3760 405 3808 desinit
426 3760 451 3807 in
468 3761 560 3823 piscem
577 3775 632 3808 mu·
677 3763 705 3809 in
721 3764 776 3809 vita
792 3760 962 3809 coniunctus.''
984 3759 1055 3809 Nihil
1072 3757 1113 3805 hie
1130 3757 1161 3806 de
1171 3770 1227 3804 eon-

85 3836 132 3884 lier
152 3835 259 3885 formosa
282 3852 394 3900 superne.
428 3838 537 3902 Antiqui
559 3839 634 3887 Scho-
677 3839 816 3888 stellatione
837 3838 882 3886 illa
902 3838 1000 3886 Horatii
1021 3843 1048 3886 et
1063 3836 1227 3895 Maecenatis,

85 3913 174 3963 liastae
195 3930 245 3964 non
267 3916 383 3964 videntur
403 3923 528 3979 postrema
544 3931 634 3980 cogno-
675 3918 754 3967 altera
778 3919 853 3966 totius
874 3917 1001 3973 carminis,
1024 3921 1052 3963 ut
1071 3929 1138 3963 nune
1166 3914 1227 3978 legi·

85 3993 156 4042 visse.
199 3995 242 4043 Ex
266 3994 373 4058 antiquis
398 4002 483 4044 autem
508 3995 635 4044 fluxerunt
676 4001 725 4053 tur,
741 4002 818 4058 parte.
846 3995 874 4045 Si
883 3995 1001 4043 vidissent
1018 3993 1171 4043 Scholiastae
1184 4009 1227 4042 an-

85 4069 264 4121 Commenturii
285 4073 357 4123 hodie
377 4074 527 4136 superstites.
567 4074 635 4123 Vide
676 4076 748 4136 tiqui,
766 4076 818 4123 sine
835 4073 911 4121 dubio
927 4073 1078 4121 addidissent
1094 4072 1135 4120 vel
1153 4073 1226 4132 haee,

84 4149 133 4198 hoc
150 4158 328 4213 argumentum
338 4151 521 4218 Commcruq.
544 4152 634 4202 “Mae-
676 4153 717 4202 vel
733 4154 771 4201 his
788 4153 890 4201 similia:
920 4153 994 4211 Quod
1008 4152 1142 4214 confirmat
1158 4153 1227 4201 simi·

84 4231 168 4277 cenati
184 4230 285 4287 scribit,
302 4234 462 4294 aasumensi·
479 4235 509 4282 de
521 4233 635 4295 periculo
677 4234 786 4281 titudine
801 4233 935 4294 utriusque
950 4231 1089 4293 partiturae.

83 4321 142 4366 saco,
168 4312 195 4355 et
212 4322 261 4368 pro
285 4311 414 4370 praesenti
438 4317 510 4359 statu
535 4313 636 4373 optanti
713 4313 789 4359 Obire
809 4308 948 4360 Maecenas.
981 4308 1031 4357 Hic
1053 4323 1100 4371 ogo
1125 4307 1226 4358 mallem
