2916 5220
524 320 698 383 LIBER
743 321 806 383 ΙΙΙ.
1169 321 1231 385 197

272 507 407 573 Allricis
429 516 523 572 entra
546 503 639 571 lintea
663 505 821 591 Apuliae,

323 611 416 676 Luolo
426 610 664 697 fatipotuuuque
686 630 808 691 somno,

362 715 488 780 Fronde
511 735 591 780 uoou
607 735 745 799 puerum
762 711 928 798 palumbes

90 866 182 915 Omnis
199 866 285 914 fabula
301 868 332 915 de
347 865 506 930 palumbibus
518 862 594 911 nimis
607 864 642 910 in·
685 866 748 912 barre.
784 865 834 913 Sed
850 868 880 911 tu
897 866 996 926 syllaba
1012 870 1147 914 contumax
1159 880 1231 928 repu-

91 952 150 1008 cpta
165 951 191 993 et
206 959 290 994 crassa
306 951 356 1007 est,
372 959 448 1007 quam
465 949 495 991 ut
511 942 541 990 de
555 943 643 1004 seipse
683 957 753 1003 puae.
779 941 855 990 Adde
869 941 992 992 Sirmond.
1006 943 1037 990 ad
1050 943 1134 992 Sidon.
1152 942 1231 1005 Apol-

91 1024 155 1072 aerio
172 1030 292 1072 narraret.
684 1019 726 1068 lin.
744 1036 800 1084 pag.
821 1021 875 1069 103.
892 1027 918 1070 et
934 1021 1038 1071 Bentlei.
1052 1021 1181 1070 adMauil.
1194 1022 1230 1070 ΙΙ,

127 1105 238 1153 Attaleia
255 1109 330 1153 ectra
341 1103 416 1151 liuzen
430 1103 548 1163 Apuliae.
566 1100 642 1149 Modo
682 1099 738 1147 898.
774 1101 859 1148 Etiam
876 1102 979 1151 seriores
996 1103 1082 1165 poetae
1098 1102 1123 1149 in
1141 1102 1187 1149 hac
1205 1117 1231 1150 re

91 1182 200 1244 primam
216 1182 243 1230 in
266 1184 367 1244 Apulus
384 1180 515 1242 produxit,
533 1179 573 1227 hic
590 1193 642 1227 cor-

91 1262 176 1324 ripuit.
209 1262 265 1311 Hoc
288 1268 326 1310 est
346 1259 447 1308 liberius
464 1273 541 1321 quam
555 1257 640 1323 Ἀρες,

90 1341 164 1404 ipre,
182 1355 197 1388 a
213 1340 326 1388 Martiali
343 1344 465 1387 notatum.
487 1337 588 1385 Eruditi
605 1338 640 1385 in·

90 1424 211 1482 terpretes
228 1419 286 1467 huic
297 1416 455 1466 incommodo
465 1430 509 1480 per
518 1417 641 1465 coniectu-

93 1513 136 1546 ras
153 1499 245 1547 mederi
261 1504 390 1547 conantur.
423 1495 472 1546 Sed
490 1495 529 1543 fac
548 1510 590 1544 eos
607 1494 640 1544 fe·

90 1577 134 1625 lici
142 1577 285 1627 coniectura
302 1576 443 1636 sustulisse,
453 1575 519 1638 quod
536 1589 587 1624 non
603 1575 636 1623 fe·

88 1662 191 1714 cerunt,
214 1656 264 1704 alia
284 1657 309 1705 in
332 1656 370 1705 his
387 1662 412 1704 et
428 1655 586 1718 sequentibus
603 1669 639 1702 re-

683 1179 812 1241 uutiquam
829 1180 974 1244 religionem
991 1181 1133 1230 servabant.
1160 1179 1230 1230 Gun-

682 1258 744 1306 ther.
762 1258 788 1305 in
805 1258 927 1323 Ligurino
943 1261 994 1310 III.
1012 1262 1068 1310 301.
1099 1263 1230 1318 Pramnio,

682 1339 726 1400 qui
750 1355 865 1388 nummos
889 1342 995 1389 vetitum
1020 1342 1162 1402 coutinpere
1178 1356 1230 1388 uos·

682 1421 736 1465 trae
758 1418 855 1466 Nomen
876 1419 907 1466 ab
927 1420 1034 1467 innocua
1050 1420 1120 1467 elueit
1141 1420 1229 1466 lauda-

681 1496 729 1543 bile
744 1498 806 1545 uita.
842 1496 1016 1545 Innocentium
1038 1497 1131 1546 scilicet
1152 1499 1229 1546 nomi-

682 1587 741 1620 nare
758 1588 808 1621 non
824 1575 914 1638 potuit.
937 1575 1008 1623 Haec
1024 1575 1160 1624 mittamus.
1177 1576 1228 1624 Ho-

681 1653 759 1699 ratius
780 1667 851 1702 voces
871 1656 972 1716 Apulus
993 1660 1018 1703 et
1040 1657 1137 1718 Apulia
1157 1671 1229 1719 saepe

681 1738 792 1794 usurpat
826 1734 938 1782 Literam
960 1750 976 1781 a
993 1747 1088 1797 semper
1104 1735 1229 1797 producit,

680 1810 778 1860 literam
795 1829 813 1859 u
830 1827 926 1876 sempor
947 1813 1047 1875 corripit
1063 1814 1089 1861 in
1101 1813 1228 1868 adiectiv0,

88 1740 205 1794 manent,
214 1734 320 1797 ingrata,
329 1736 393 1782 dura
408 1741 437 1783 et
452 1734 567 1796 insipida.
585 1734 638 1781 Ita·

89 1828 141 1877 que
158 1814 188 1862 de
209 1815 319 1864 Vulture
340 1814 424 1879 Apulo
445 1823 470 1862 ct
487 1815 573 1862 limine
594 1828 638 1861 uu·

91 1893 166 1941 tucis
183 1891 295 1955 Apuliae
310 1891 374 1941 nihil
386 1892 493 1955 amplius
506 1893 595 1940 dicam.
612 1891 640 1942 Si
680 1891 794 1952 producit
808 1891 835 1939 in
848 1892 1010 1940 substantivo.
1034 1892 1104 1941 Idem
1116 1892 1228 1942 fecerunt

89 1969 182 2033 legeris
205 1971 287 2018 varias
308 1971 472 2034 interpretum
494 1971 640 2028 sententias,
680 1969 723 2017 alii
736 1971 829 2033 poetae.
843 1970 1040 2034 Gannegieterus
1054 1972 1085 2019 ad
1099 1972 1228 2020 Asianum

89 2047 169 2096 nihilo
186 2050 274 2098 certior
291 2052 350 2108 eris,
373 2065 449 2113 quam
470 2050 490 2097 si
507 2064 557 2098 non
574 2051 639 2113 lege·
680 2048 696 2095 l.
714 2047 731 2096 1.
749 2049 807 2098 dicit
830 2049 975 2099 Munatium
995 2050 1022 2097 in
1043 2048 1228 2113 orthographia

89 2127 134 2176 ris.
164 2127 199 2176 Et
216 2129 306 2191 quibus
332 2130 436 2192 argutiis
457 2144 519 2192 opus
542 2136 591 2187 est,
610 2135 638 2176 ut
680 2127 790 2177 docuisse
806 2129 914 2192 primam
932 2129 957 2177 in
976 2130 1075 2196 Apulia
1094 2131 1183 2193 corripi
1204 2138 1228 2180 ct

89 2206 176 2269 aliqua
192 2206 279 2256 saltem
297 2208 443 2268 declaretur,
451 2210 574 2272 quomodo
582 2210 637 2272 quis
678 2207 787 2268 produci.
805 2210 840 2257 nt
856 2209 921 2257 dixit
930 2209 1063 2258 Manutius
1076 2210 1123 2258 boc
1134 2210 1228 2272 liquere

88 2285 115 2333 in
132 2284 244 2334 Vulture
262 2289 346 2349 Apula
363 2294 439 2336 eutra
455 2290 577 2350 Apuliam
598 2288 636 2338 sit.
679 2299 710 2332 cx
727 2285 839 2336 Horatio.
874 2287 924 2337 Sed
949 2288 988 2337 hic
1009 2288 1079 2338 locus
1091 2323 1098 2349 ,
1123 2289 1152 2336 de
1178 2305 1227 2352 quo

87 2363 211 2412 Burman.
236 2363 303 2412 facili
328 2366 412 2428 gladio
437 2368 530 2415 nodum
555 2368 636 2427 solvit,
679 2363 791 2426 agimus,
821 2365 911 2413 unicus
940 2371 985 2414 est.
1020 2366 1095 2414 Alter
1124 2366 1150 2413 in
1176 2367 1225 2415 Ill.

88 2442 176 2505 legens
192 2444 271 2492 iutra.
305 2445 345 2494 De
361 2445 501 2509 quantitate
518 2448 637 2508 Apuliae,
679 2441 765 2491 Carm.
786 2444 826 2492 24.
851 2443 927 2493 Mare
946 2445 1095 2506 Apulicunr,
1115 2452 1153 2493 est
1170 2459 1225 2492 con-

88 2521 137 2569 lroc
153 2520 189 2569 ita
209 2525 339 2573 excusavit
360 2527 467 2588 Laguna
487 2525 519 2573 ad
541 2525 636 2573 Lucan.
677 2527 811 2571 troversus.
836 2523 903 2572 Nam
920 2524 944 2570 in
963 2523 1017 2570 aliis
1035 2523 1112 2573 MSS.
1134 2524 1226 2587 legitur

88 2599 128 2647 Π.
146 2600 202 2648 608.
220 2606 249 2648 ut
265 2602 367 2660 dixerit,
378 2605 462 2666 poetas
471 2605 536 2652 hanc
547 2603 638 2653 habere
679 2603 816 2651 Ponticum
824 2609 849 2651 et
859 2605 995 2652 Punicum.
1008 2603 1096 2666 Neque
1105 2617 1136 2650 ex
1145 2604 1224 2666 Epod.

88 2679 231 2728 libertatem
248 2680 273 2728 in
290 2681 430 2730 nominibus
447 2682 637 2746 propriiS,quo-
678 2679 728 2728 ΠΙ.
761 2683 910 2731 Siticulosae
932 2683 1055 2743 Apuliae,
1077 2682 1107 2729 dc
1127 2683 1224 2745 quanti-

87 2773 147 2806 rum
159 2757 221 2806 alias
232 2759 320 2807 nullus
333 2765 397 2808 esset
407 2760 434 2806 in
445 2759 558 2809 versibus
570 2773 636 2808 usus.
679 2764 730 2807 tato
746 2767 853 2821 constat,
869 2761 930 2824 quia
945 2761 1048 2810 Iambus
1066 2760 1092 2810 in
1107 2762 1156 2810 ista
1168 2762 1226 2811 sede

87 2837 186 2886 Eadem
203 2836 254 2885 fere
270 2842 308 2885 est
328 2839 450 2887 senoentia
466 2837 638 2901 Cannegieteri
678 2853 728 2887 non
739 2842 943 2889 estneocssan'us.
961 2840 1041 2889 Miror
1050 2841 1161 2889 homines
1175 2856 1225 2890 non

87 2916 121 2964 ad
138 2914 232 2964 Avian.
251 2915 341 2965 Fabul.
359 2917 400 2965 38.
435 2916 485 2967 Sed
506 2919 637 2967 necessitas
678 2916 765 2966 citasse
781 2920 968 2983 Duasquienm‚
986 2920 1072 2982 quiin
1089 2919 1224 2984 Ortbogra-

87 2995 162 3042 metri
179 2994 219 3042 hic
239 3009 290 3042 non
310 3000 364 3043 erat
384 3001 437 3042 tam
454 2995 526 3043 dura.
559 2993 638 3045 Poeta
678 2997 737 3058 pbia
754 3000 839 3047 attulit
856 3014 957 3049 versum
973 3014 1006 3047 cx
1023 2999 1157 3049 Claudiani
1173 2999 1225 3048 ΙΙΙ.

86 3073 157 3121 enim
179 3072 284 3122 scribere
306 3071 399 3136 potuit:
429 3073 538 3121 Altricis
562 3078 637 3121 entra
678 3075 877 3126 Conslionorii:
898 3081 1225 3142 TeprapterpelidisApulo

87 3156 179 3203 lirrriua
198 3153 313 3216 patriae,
334 3157 364 3199 ut
388 3151 503 3199 nonnulli
528 3150 635 3199 coniece-
678 3157 708 3204 de
724 3162 806 3205 πωπω
820 3159 944 3218 procellis.
964 3157 1014 3218 Qui
1030 3164 1114 3205 tamen
1130 3164 1167 3206 est
1183 3172 1222 3206 er-

86 3240 154 3282 runt.
189 3234 230 3283 De
245 3232 359 3281 libertate
379 3231 425 3279 illa
446 3229 467 3278 si
489 3229 569 3278 dicere
585 3229 636 3278 vel·
678 3249 717 3281 ror
726 3235 872 3298 Dausquiei.
884 3236 952 3283 Num
959 3236 984 3283 in
994 3236 1133 3286 Claudiano
1141 3238 1223 3285 ns.93.

86 3313 148 3374 lem,
164 3311 261 3374 longior
272 3311 334 3359 mihi
346 3309 498 3358 instituenda
508 3314 571 3357 esset
582 3322 635 3356 ora·
678 3326 727 3359 non
745 3313 842 3374 Apulo,
859 3314 901 3362 sod
919 3316 1011 3377 Aquilo
1028 3315 1128 3376 legitur.
1151 3315 1224 3376 Quod

86 3389 136 3446 tio,
161 3404 239 3452 quam
256 3389 296 3437 hic
312 3387 382 3436 locus
400 3386 483 3437 ferret.
519 3387 568 3437 Sed
588 3387 635 3435 viri
679 3390 803 3440 Cellarius
819 3393 844 3439 in
862 3393 1032 3455 Gcographia,
1051 3393 1175 3443 Gesnerus
1200 3401 1225 3443 et

86 3467 154 3515 docti
175 3480 247 3530 saepe
275 3466 387 3516 fecerunt
407 3469 537 3527 maiorem,
559 3483 635 3531 quam
678 3469 719 3516 alii
736 3470 823 3518 dicunt
840 3471 870 3519 dc
886 3470 958 3520 litera
974 3471 1113 3533 geminata,
1127 3479 1156 3520 ut
1167 3474 1224 3521 scri-

85 3546 133 3608 ipsi
148 3546 236 3608 poetae
251 3551 400 3596 sumserunt.
418 3545 536 3595 Horatius
548 3554 573 3596 et
583 3549 635 3608 alii,
678 3547 753 3595 batur
770 3551 897 3612 Appulus,
913 3565 946 3599 ne
962 3550 1043 3613 prima
1053 3552 1224 3615 corriperetur,

85 3625 107 3672 si
137 3625 239 3672 nomina
268 3625 367 3687 propria
401 3639 474 3673 versu
499 3628 635 3689 exprimere
677 3627 724 3675 hoc
741 3642 817 3691 aeque
834 3628 916 3677 minus
933 3644 1020 3678 verum
1037 3637 1086 3688 est,
1103 3638 1177 3694 atquc
1198 3633 1223 3680 in

84 3715 137 3750 non
148 3708 259 3765 possent,
275 3703 411 3751 utebantur
427 3704 577 3766 periphrasi,
595 3708 635 3756 vel
677 3708 806 3770 Iuppiter,
819 3709 920 3766 littora,
937 3712 1051 3768 rettulit,
1062 3716 1086 3758 et
1094 3711 1223 3760 similibus.

85 3781 250 3830 abstinebant.
294 3782 334 3830 Ne
360 3782 386 3829 in
419 3782 507 3831 Satiris
536 3786 634 3848 quidem
677 3784 769 3849 Optimi
788 3786 845 3834 libri
866 3794 891 3835 et
916 3788 1031 3851 antiquae
1055 3788 1224 3852 inscriptiones

84 3861 127 3908 hic
144 3860 191 3908 sibi
207 3860 317 3908 indulsit.
335 3861 356 3908 Ι.
380 3861 432 3911 Sat.
454 3863 476 3910 5.
490 3863 530 3914 87.
557 3867 634 3914 Mau·
677 3865 828 3927 geminatam
845 3865 943 3914 literam
959 3868 984 3913 in
1002 3870 1221 3930 ApulusetApu-

83 3941 142 3988 auri
158 3941 288 4002 oppidula,
309 3941 375 4002 quod
390 3954 464 3989 ausu
485 3943 566 3992 atcere
585 3959 635 3993 nou
676 3946 714 3992 lia
731 3945 856 4008 ignorant.
883 3944 921 3993 cf.
946 3944 1047 3993 Santen.
1069 3946 1101 3992 ad
1122 3946 1223 3996 Terent.

82 4024 130 4067 eut.
157 4016 195 4066 Ut
204 4017 384 4067 Archestratus
395 4020 462 4082 apud
472 4020 632 4070 Athenaeum
676 4024 796 4071 Maurum
818 4039 841 4070 v.
861 4024 931 4073 1420.
950 4029 974 4070 et
999 4022 1099 4072 Cottius
1120 4025 1152 4071 ad
1168 4025 1223 4073 Lu·

82 4097 147 4145 VII.
165 4111 223 4160 pag.
240 4098 280 4148 37.
303 4096 404 4160 Ἰχθύος
422 4098 585 4163 αὐξηθέντος,
603 4105 634 4151 ὃν
676 4116 729 4149 can.
748 4102 783 4149 II.
801 4101 857 4149 608.

83 4176 113 4224 ἐν
129 4173 211 4240 μέτρῳ
228 4175 438 4241 οὐθὲμιςείπεῖν.
464 4179 573 4228 Martial.
583 4181 631 4230 IX.
710 4183 854 4230 Palumbea.
885 4180 998 4229 Dubium
1021 4186 1106 4228 utrum
1117 4181 1220 4244 fabulo-

83 4254 213 4317 Epigram.
225 4256 262 4303 12.
289 4256 387 4304 Nomen
402 4259 492 4320 nobile,
500 4260 578 4316 ualle,
590 4262 631 4309 de·
674 4275 718 4309 sae
741 4261 871 4323 palumbes
898 4274 928 4306 au
949 4259 1084 4320 fabulosae
1113 4263 1223 4324 Apuliae

82 4333 197 4382 litatum.
226 4335 307 4384 Versu
328 4335 409 4384 dicem
429 4352 478 4385 uon
495 4339 555 4386 rudi
572 4341 633 4388 uole-
675 4338 865 4401 sintiungenda.
883 4338 1022 4401 iungamus
1027 4339 1163 4401 fabulosae
1172 4355 1220 4402 pa-
