2916 5220
587 313 763 378 LIBER
808 312 871 375 Ill.

539 526 785 594 CARMEN
830 525 923 590 VIII.

291 773 296 781 ι
337 676 489 766 Martiis
512 699 629 765 caelebs
652 699 842 787 quieturam
870 698 1035 781 Calendis,

343 804 430 885 Queat
450 803 544 869 oeliat
554 803 659 887 flores
687 812 717 867 et
740 824 853 867 acerra
876 802 977 867 ttaris

337 906 460 989 Plena,
484 909 632 988 miraris,
651 909 836 991 positasque
859 902 951 969 carbo
974 908 1008 968 ta

433 1010 558 1095 Cespite
579 1014 664 1092 aire,

337 1115 437 1179 Docte
459 1135 615 1179 ammones
637 1117 798 1198 utriusque
822 1112 953 1199 linquae.

292 1219 296 1224 ’
347 1217 496 1282 Vooeram
520 1216 626 1281 dulces
649 1216 761 1301 epulas
783 1226 813 1280 et
835 1215 938 1281 albara

341 1317 455 1384 Libero
478 1341 627 1404 caprum,
647 1340 752 1404 prope
763 1317 941 1403 funeratus

427 1420 562 1486 Arborio
587 1425 657 1486 tcta.

339 1523 405 1588 Hic
427 1524 511 1606 dies,
535 1545 618 1588 aaao
640 1524 803 1605 redeunte,
816 1522 927 1608 sertae

344 1624 496 1691 Cortieera
517 1627 704 1691 adstructam
721 1630 796 1710 pice
818 1623 983 1691 demoaebe't

338 1727 534 1813 Ampterae,
547 1728 678 1814 samam
700 1728 799 1793 bibere
823 1732 984 1794 institutae

430 1831 564 1896 Cereale
592 1831 692 1896 Tull.

337 1935 449 2016 Same,
474 1935 660 2016 Maecenas,
685 1934 810 2019 wathes
833 1936 927 1998 amici

340 2039 480 2123 Sospitis
502 2047 639 2120 aeratam,
664 2047 694 2101 et
717 2036 827 2124 at'qtlee
852 2036 996 2102 lucanae

309 2199 462 2249 CARMEN
479 2201 558 2250 vm·
784 2177 936 2223 Funeratus.
965 2173 1018 2221 Pro
1027 2175 1167 2235 poenisus,
1177 2175 1284 2224 interero

751 2259 801 2302 tas.
836 2253 910 2301 Nova
925 2258 950 2302 et
972 2252 1054 2301 adhuc
1073 2251 1187 2300 inaudita
1206 2252 1299 2314 signifi·

194 2295 237 2379 Si
262 2328 318 2392 quis
343 2329 390 2377 hoc
411 2343 512 2379 carmen
534 2345 591 2378 oum
613 2337 708 2379 antece·
750 2331 822 2379 catio.

157 2410 228 2458 denti
249 2423 272 2456 v.
294 2423 316 2457 c.
338 2415 364 2458 et
384 2423 441 2457 cum
462 2411 574 2474 sequenti
593 2417 708 2458 accurate
785 2411 940 2471 Amphorae,
947 2408 1300 2471 famambibereiaetitatae.

157 2490 355 2551 comparaverit,
376 2490 397 2537 is
418 2491 510 2552 optime
531 2491 632 2550 sentiet,
649 2490 708 2554 quid
750 2488 792 2535 Ex
805 2487 904 2536 Horatii
914 2487 994 2549 Epist.
1006 2485 1160 2535 adPisones:
1178 2489 1300 2549 amphora

157 2582 217 2616 aera
238 2568 330 2629 lupinis
356 2568 454 2617 distent.
489 2569 539 2618 Illa
556 2576 615 2617 sunt
631 2575 708 2627 tersa,
751 2569 830 2628 coepit
846 2567 958 2615 tremat.

157 2647 293 2708 castigata,
305 2647 404 2705 Latina,
416 2648 501 2711 qualia
511 2648 632 2697 Romanis
644 2647 708 2696 auri-
786 2644 894 2694 Consule
909 2645 990 2692 Tollo.
1011 2643 1068 2703 Quo
1082 2642 1174 2691 Tullo?
1201 2642 1301 2690 Volunt

157 2725 205 2773 bns
224 2731 305 2774 aetate
321 2726 443 2788 Augusta
459 2728 640 2790 probabantur:
662 2726 710 2773 hoe
751 2721 791 2769 vel
812 2722 957 2771 Volcatium
980 2720 1101 2778 Tullum,
1126 2721 1245 2782 quicum
1263 2721 1299 2770 M.

120 2832 132 2852 .
157 2811 196 2852 est
220 2805 307 2866 politae
331 2803 508 2864 balbutientis,
534 2805 577 2868 qui
601 2803 708 2852 colorem
751 2804 826 2851 Aem.
835 2802 931 2864 Lepido
942 2800 1038 2850 Consul
1048 2799 1095 2847 fuit
1106 2814 1171 2848 anno
1180 2806 1236 2848 aute
1245 2800 1299 2847 Ho-

157 2883 284 2946 quendam
308 2884 451 2932 Romanum
476 2884 590 2941 simulat,
610 2883 653 2931 sed
674 2882 708 2930 le·
751 2879 955 2928 ratiumnatum:
973 2878 1299 2928 aliivolunt'l'ullumcum

158 2976 215 3011 vem
231 2962 305 3009 illum
322 2969 347 3010 et
362 2961 481 3011 fucatum.
506 2963 616 3011 Videtur
626 2962 710 3010 thema
751 2956 858 3006 Caesare
871 2957 1008 3007 Octaviano
1016 2957 1160 3007 Consulem.
1169 2958 1300 3006 Bonfinius

158 3055 211 3088 esse
220 3041 422 3102 grammaticum:
437 3043 566 3090 Horatius
575 3041 708 3090 Maecena·
751 3035 851 3099 legebat
876 3039 973 3096 Tullio,
998 3037 1022 3084 h.
1049 3052 1069 3085 θ.
1094 3036 1219 3087 Cicerone.
1251 3036 1300 3086 Sed

160 3126 209 3169 tem
228 3118 347 3168 Calendis
366 3118 474 3168 Martiis
491 3123 593 3168 invitat.
751 3115 909 3173 Boniinium,
927 3115 962 3162 ait
973 3115 1071 3173 lanius,
1086 3115 1227 3165 Glareanus
1237 3116 1300 3164 bene

193 3200 292 3246 Acerra
309 3200 393 3247 tbarie
407 3201 493 3262 plena.
528 3198 658 3248 Arnobius
674 3198 709 3247 II.
752 3194 874 3257 depexum
893 3195 966 3242 dedit.
999 3195 1104 3254 Nescio,
1121 3209 1154 3241 an
1169 3195 1300 3243 Bonfinius

160 3291 218 3338 pag.
237 3277 277 3323 98.
312 3279 422 3325 Acerras
447 3293 529 3325 omnes
555 3278 640 3325 thuris
658 3279 710 3338 ple·
752 3274 896 3323 verberibus
915 3289 993 3338 usque
1010 3275 1041 3322 ad
1058 3289 1144 3323 necem
1161 3275 1192 3322 sit
1205 3290 1300 3334 caesus,

159 3357 200 3403 ais
216 3355 354 3404 coniiciottr
371 3357 504 3403 altaribus.
532 3355 711 3417 Legendumne
753 3353 863 3402 abstineo
880 3359 962 3401 tamen
980 3354 1132 3403 coniecturis.
1158 3354 1211 3403 Noc
1227 3355 1300 3418 po'e'ta

158 3434 267 3496 plotas?
752 3432 862 3494 periculo
879 3433 970 3495 dIgnus
986 3441 1032 3482 est.

195 3513 276 3560 Docte
300 3525 421 3559 sermome
445 3513 577 3573 utriusque
603 3513 710 3575 linquae.
788 3511 899 3572 Cyatbos
914 3513 990 3561 antici
1007 3514 1232 3576 Sospitacentum.
1254 3512 1298 3562 So-

161 3589 231 3637 Haec
247 3588 283 3636 sic
299 3590 366 3638 nude
382 3590 464 3651 posita
476 3589 578 3652 longius
596 3595 711 3652 separata
752 3588 835 3636 brium
851 3589 988 3639 hominem!
1014 3591 1141 3641 Numerus
1158 3599 1239 3641 certus
1256 3608 1300 3655 pro

161 3675 248 3716 sunta
260 3668 360 3715 nomine
371 3668 405 3714 M
405 3669 543 3725 aeceaatir,
561 3681 641 3730 neque
653 3681 711 3714 cum
752 3668 852 3727 incerto,
864 3669 948 3717 dicunt
960 3671 1054 3733 antiqui
1067 3671 1226 3720 Scholiastae.
1246 3672 1299 3721 Me-

162 3746 261 3809 reliqua
287 3747 397 3794 oratione
422 3746 561 3795 cohaerent.
595 3743 712 3794 Ostendit
753 3752 833 3806 trum,
854 3749 942 3808 credo,
966 3748 1031 3798 iecit.
1064 3751 1196 3799 Maecenas
1217 3750 1300 3799 bibere

161 3825 402 3888 quequeBentleiue,
416 3825 458 3888 qui
470 3831 600 3888 propterea
612 3824 711 3873 volebat
752 3840 803 3875 non
832 3833 929 3890 poterat
957 3830 1105 3876 Horatium.
1152 3828 1179 3877 Si
1207 3828 1300 3876 biberet

162 3907 245 3953 Docte
268 3905 388 3953 samonis
409 3905 541 3965 atrtuaqae
566 3903 642 3951 Cileni.
676 3903 711 3951 Et
754 3906 893 3963 Flaccum,
922 3904 1038 3967 poscebat
1070 3904 1171 3968 cyathos
1199 3911 1299 3966 septem.
1395 3966 1397 3971 Α

162 3997 213 4045 qua
228 3983 341 4031 doctrina
356 3997 418 4045 opus
435 3989 500 4041 erat,
520 3990 549 4030 ut
569 3982 645 4030 homo
661 3980 710 4029 Ro·
752 3982 808 4029 Mos
824 3983 870 4031 iste
886 3983 986 4031 bibendi
1001 3983 1041 4030 vel
1059 3982 1226 4031 Grammatico
1249 3997 1299 4030 non

163 4076 252 4109 manns
269 4062 354 4119 sciret,
373 4063 435 4125 quid
455 4068 536 4111 essent
552 4060 710 4119 Matronalia,
751 4061 865 4109 veniebat
882 4061 908 4108 ln
930 4066 1050 4117 mentem,
1071 4059 1112 4108 vel
1136 4066 1229 4124 septem
1250 4075 1299 4108 non

162 4154 228 4202 quac
244 4142 377 4203 quotannis
394 4141 525 4190 redibant?
560 4141 587 4190 Si
604 4154 664 4189 vero
680 4140 711 4186 ad
753 4139 864 4188 sufficere
880 4139 993 4202 putabat.

162 4219 189 4265 id
206 4219 333 4267 sciendum
350 4221 518 4284 requireretur
535 4220 654 4278 doctrina,
667 4233 712 4266 cur
790 4221 882 4282 Virites
904 4221 1021 4266 lucanae
1048 4217 1141 4280 Perfer
1162 4219 1190 4266 ia
1212 4219 1299 4268 lucent.

164 4297 275 4346 Graeca?
752 4299 807 4346 Hoc
828 4297 925 4347 debebit
942 4296 1094 4360 significare:
1111 4296 1227 4346 “celebra
1243 4312 1298 4346 con-
