2916 5220
667 313 984 380 (trruMJNt'M

653 556 902 622 cARMEN
964 555 1006 619 X

301 698 337 775 (l
361 709 501 776 crudelis
525 709 631 773 adhuc
654 715 686 773 ct
711 708 846 773 Veneris
870 706 1062 772 muneribus
1084 714 1220 791 potens,

304 816 475 899 Insperata
499 818 574 876 tuae
596 833 698 897 quum
722 811 831 876 veniet
853 811 969 894 pluma
991 809 1178 894 superbiae,

303 919 364 1000 Et,
390 938 472 1001 quac
496 936 583 979 nunc
607 914 752 979 humeris
776 914 971 996 incolitant,
996 913 1177 978 deciderint
1201 933 1334 992 comae,

301 1021 398 1085 Nunc
422 1028 455 1083 et
478 1018 535 1102 qui
558 1018 647 1083 color
670 1027 721 1082 est
743 1017 901 1102 puniceae
924 1015 1003 1081 flore
1025 1016 1114 1101 prior
1136 1036 1248 1095 rosae,

302 1124 452 1188 Mutatus
477 1120 673 1206 Ligurinum
696 1120 872 1185 infaciem
895 1120 1030 1185 verterit
1051 1118 1234 1204 hispidam:

302 1225 416 1307 Dices,
441 1224 518 1287 heu!
544 1223 672 1308 quoties
696 1234 729 1288 te
753 1223 885 1309 speculo
908 1222 1029 1288 videris
1053 1221 1211 1288 alterum:

303 1328 393 1408 Quae
416 1348 509 1390 mens
533 1334 584 1390 est
607 1327 723 1410 hodie,
747 1348 805 1392 cur
828 1326 942 1391 eadem
965 1347 1032 1389 non
1055 1345 1155 1410 puero
1178 1323 1265 1388 fuit?

302 1431 365 1496 Vel
389 1452 446 1495 cur
467 1429 520 1494 his
544 1429 664 1496 animis
688 1430 869 1496 incolumes
893 1451 959 1494 non
984 1428 1121 1494 redeunt
1142 1429 1271 1513 genae?

426 1618 580 1669 CARMEN
598 1619 631 1666 X.
842 1595 928 1650 ⁰0²⁰&
961 1592 1060 1640 ΕΜ
1077 1590 1194 1654 sormam
1225 1597 1250 1640 et
1269 1591 1392 1655 sequntu-

843 1672 889 1718 bns
905 1678 976 1720 utere
991 1673 1071 1720 denia
1089 1670 1226 1719 Withotins
1236 1669 1392 1717 conficiebat:

287 1715 438 1812 [inperata
455 1755 513 1797 tune
529 1764 606 1811 qnnm
623 1749 803 1809 venietplnma
839 1762 928 1808 paena.
962 1749 1035 1810 Quod
1055 1749 1211 1812 ingeniosum
1237 1755 1276 1796 cst
1296 1754 1323 1796 et
1345 1748 1392 1796 He

254 1831 392 1891 cupediae,
431 1829 552 1874 Plnmnrn
582 1825 726 1888 intelligunt
751 1824 801 1887 pri·
842 1827 906 1874 ratio
923 1827 1035 1890 dignum.
1056 1827 1163 1876 Anthol.
1171 1826 1265 1876 Lubini
1277 1827 1342 1878 VII.
1354 1829 1391 1879 70.

255 1921 322 1953 mam
334 1905 425 1953 barbae
436 1904 559 1951 nascentis
569 1903 723 1964 lanuginem.
743 1903 802 1950 Non
843 1908 896 1964 Τὴν
921 1907 1019 1965 πολιὴν
1050 1905 1131 1954 καλέω
1157 1904 1266 1970 Νέμεσιν
1292 1907 1391 1967 πόθον,

253 1984 384 2046 patiuntur
405 1982 538 2044 sequentia
572 1982 661 2044 Neque
681 1983 748 2030 enim
771 1982 801 2029 si·
843 1984 898 2033 iim
925 1983 1017 2039 δικάζει
1031 1983 1161 2048 Ἐννομα,
1186 1987 1246 2041 ταῖς
1266 1985 1392 2050 σοβαραῖς

254 2063 309 2110 mul
331 2076 416 2110 comae
436 2061 564 2118 decidunt,
588 2075 634 2109 nec
655 2061 723 2109 color
744 2076 801 2124 pur-
842 2064 944 2113 θᾶσσον
964 2063 1126 2128 ἐπερχομένη.
1160 2062 1214 2111 Pro
1235 2079 1293 2112 cnm
1315 2071 1393 2113 vemet

254 2155 345 2204 puseus
370 2147 482 2189 mutatur
507 2141 533 2187 in
554 2139 642 2188 faciem
664 2141 802 2203 hispidam,
842 2143 867 2190 in
888 2141 996 2190 Frenek.
1022 2147 1059 2189 est
1079 2143 1213 2189 conueniet.
1256 2141 1392 2190 Marbodns

253 2228 282 2268 ut
304 2235 330 2270 se
352 2220 443 2284 aliquis
464 2220 491 2267 in
513 2218 612 2282 speculo
631 2219 802 2282 contemplans
843 2222 867 2268 in
885 2220 997 2270 Carmin.
1015 2236 1072 2283 pag.
1093 2221 1163 2270 1617.
1197 2220 1341 2268 Horatiana
1352 2235 1392 2269 ex-

252 2314 302 2349 nen
323 2307 387 2349 esset
408 2300 546 2362 agniturus
584 2298 714 2346 Bentleins
735 2298 801 2362 lege·
843 2302 943 2364 pressit,
960 2301 1026 2348 unde
1037 2301 1098 2349 haec
1110 2300 1233 2348 notanda:
1254 2303 1393 2362 Inplnmes-

252 2380 307 2428 bat:
325 2384 422 2430 ercinia.
456 2380 512 2441 Ego
533 2379 689 2441 cogitabam:
712 2380 801 2441 Inspe·
843 2379 1308 2442 qneqenueqrntadnlcedineplenne.
1326 2381 1392 2428 Tem·

251 2466 312 2508 rata
334 2466 393 2509 tune
409 2459 802 2521 qnurnvenietruqnneperlriae.
841 2474 891 2520 pne
913 2462 995 2508 adnue
1016 2460 1107 2516 reniet,
1129 2472 1187 2506 cnnr
1207 2459 1296 2518 turpie
1312 2465 1339 2506 et
1355 2461 1391 2508 ln'·

253 2541 341 2589 Monet
357 2540 510 2601 Ligurinum
527 2553 558 2587 ne
569 2537 694 2600 superbiat
705 2536 801 2585 florenti
842 2540 917 2600 spida
925 2539 983 2600 fiet.
1017 2537 1166 2586 Markland„
1178 2537 1204 2583 in
1221 2535 1312 2600 Eurip.
1330 2538 1392 2601 Snp

253 2626 334 2667 aetate
355 2624 380 2667 et
402 2618 492 2666 amicos
514 2624 668 2666 contemnat:
695 2621 801 2663 aetatem
843 2617 899 2679 plic.
916 2633 973 2680 pag.
990 2618 1048 2666 259.
1066 2616 1140 2666 etiam
1157 2616 1262 2664 coniecit
1278 2633 1354 2679 ruqn,
1369 2626 1393 2666 et

252 2695 300 2742 cito
326 2695 444 2754 transire,
469 2695 553 2743 venire
579 2710 668 2758 rugas,
691 2694 801 2742 decidere
843 2699 956 2761 apposuit
985 2698 1099 2761 Propert.
1125 2697 1176 2747 111.
1200 2697 1243 2746 23.
1269 2697 1311 2746 32.
1359 2701 1392 2746 Et

253 2789 349 2831 comas,
367 2774 456 2823 faciem
473 2774 577 2836 turpari.
610 2775 738 2824 Usitatum
755 2775 802 2822 hoc
842 2779 1303 2842 uenietfermnernqacr'nistrainne.
1320 2778 1391 2827 Idem

251 2860 288 2902 est
309 2854 439 2915 po'e'tarum
462 2861 628 2917 praeceptum.
663 2853 757 2902 Tibull.
780 2853 801 2902 1.
842 2863 927 2906 tamen
942 2858 1096 2921 praelerebat
1107 2856 1309 2906 emendationem
1320 2858 1391 2906 amici

254 2933 275 2981 l.
293 2933 333 2980 69.
360 2934 475 2991 Interea,
493 2932 622 2996 durn'sntu
635 2935 734 2988 eitiunt,
745 2935 801 2982 t'un·
843 2937 882 2984 sui
897 2952 985 2998 poena.

252 3025 339 3074 qumns
362 3027 465 3060 umnec.
504 3014 563 3060 Inm
592 3014 709 3074 ertbrepet
733 3014 801 3061 iners
875 3017 925 3071 Et,
945 3030 1010 3077 qune
1029 3031 1097 3064 nunc
1113 3017 1226 3064 numeria
1242 3017 1391 3074 incolitant,

252 3096 336 3150 menn,
357 3106 401 3138 nec
418 3106 504 3138 nutare
520 3093 625 3148 decebit,
649 3093 741 3140 Dicere
756 3106 801 3141 nec
841 3095 980 3142 deciderint
996 3109 1084 3143 comae.
1114 3094 1196 3142 Nemo
1206 3093 1340 3142 Romanus
1355 3096 1391 3142 in·

250 3185 313 3218 cane
330 3171 466 3219 blanditias
482 3173 572 3231 cupite.
601 3169 673 3220 Ovid.
686 3170 723 3219 11.
740 3171 799 3219 Art.
841 3171 937 3234 telliget
953 3187 1036 3220 comas
1053 3172 1136 3219 cultro
1152 3173 1262 3220 tersorio
1278 3173 1392 3222 deciden-

251 3249 311 3297 Am.
337 3250 391 3299 116.
426 3251 465 3296 Et
483 3251 529 3297 tint
546 3251 597 3297 inm
614 3251 673 3296 cani
689 3250 799 3306 venient,
840 3257 893 3306 tes,
918 3251 965 3298 nisi
989 3250 1064 3298 cultri
1089 3250 1129 3298 vel
1154 3249 1275 3299 tondendi
1299 3251 1391 3299 diserta

243 3328 370 3389 sermone,
387 3329 492 3390 capilli:
516 3330 576 3375 lem
595 3330 693 3376 venient
710 3342 798 3388 nuque,
840 3330 933 3378 mentio
950 3329 1093 3379 accesserit:
1114 3335 1143 3376 nt
1159 3329 1286 3391 Virgilius
1302 3330 1390 3392 Eclag.

249 3422 314 3467 quae
339 3409 385 3455 tini
409 3421 499 3468 cer-pru
524 3413 605 3455 erent.
640 3408 690 3455 III.
722 3408 798 3456 Trist.
839 3408 860 3456 1.
881 3410 922 3458 29.
950 3411 1063 3458 tonnmn'
1087 3410 1166 3457 turbu
1190 3411 1304 3458 endebm.
1343 3411 1391 3472 Qui

250 3486 274 3536 7.
292 3486 331 3532 33.
366 3487 426 3532 Ista
442 3487 528 3534 decern
538 3485 798 3548 sncteelonqneitin-
839 3486 1034 3550 interpretantur
1050 3489 1198 3551 defluentes,
1217 3503 1265 3550 per
1282 3496 1391 3540 aetatem

250 3565 320 3612 bitur
331 3564 413 3621 annu,
423 3564 547 3626 Ruqnque
557 3566 584 3612 in
596 3569 704 3627 antique
708 3565 799 3628 fronte
838 3570 948 3617 rariores
952 3568 1051 3631 faetus,
1062 3567 1088 3615 hi
1098 3569 1213 3629 plumam
1228 3567 1260 3615 de
1272 3571 1391 3632 lanuqe'ne

249 3643 335 3690 senilia
363 3643 420 3690 erit.
466 3642 578 3706 Cumque
602 3645 694 3706 aliquis
719 3644 797 3692 dicet:
839 3646 930 3694 barbae
940 3660 991 3694 non
1002 3646 1112 3709 accipere
1120 3652 1230 3708 possunt.
1247 3647 1297 3695 Hic
1305 3654 1390 3696 antem

244 3722 303 3785 snit
325 3723 385 3769 nnec
399 3720 533 3782 sermone,
555 3723 659 3779 delebis,
686 3723 724 3770 Et
744 3738 798 3785 eqe—
839 3724 908 3772 locus
933 3726 959 3772 in
989 3727 1071 3773 animo
1095 3733 1149 3774 crat
1173 3725 1313 3775 Prudentia
1340 3727 1388 3776 Pe-

250 3802 334 3849 culum
346 3801 454 3847 mendax
464 3815 516 3848 eure
526 3817 629 3863 querere
640 3807 719 3851 tunm.
742 3802 797 3853 Sta·
838 3804 939 3866 risteph.
963 3805 1014 3853 ΠΙ.
1042 3805 1096 3854 151.
1133 3805 1221 3854 Cn'inie
1242 3809 1336 3855 edurne
1361 3813 1390 3855 nt

250 3877 299 3925 tius
317 3878 336 3926 Ι.
356 3877 417 3927 silv.
435 3880 459 3927 2.
479 3880 533 3928 164.
551 3896 710 3942 nunquamne
727 3885 798 3931 virili
837 3883 865 3930 in
888 3886 986 3946 inquies
1012 3886 1142 3942 Finxerit,
1176 3886 1317 3934 inuetitum
1343 3888 1388 3934 hu·

251 3957 405 4005 Submittere
425 3958 501 4020 inqu?
523 3961 603 4007 veniet
624 3961 676 4008 ium
698 3963 797 4009 tristior
838 3964 919 4010 meria

742 4164 904 4192 ⁴00—-
