2916 5220
544 307 719 373 LIBER
765 310 811 373 ll.

287 489 473 576 Composuit
495 493 599 576 unda,
626 494 752 561 scilicet
775 497 944 580 omnibus,

284 592 488 680 Quicumque
512 601 614 662 terrae
637 620 772 664 munere
795 600 975 681 vescimur,

328 697 561 784 Enaviganda,
587 701 656 766 sive
679 724 790 787 reges,

375 801 451 867 Sive
474 802 588 888 inopes
612 805 733 871 erimus
758 807 875 871 coloni.

282 903 418 969 Frustra
441 912 576 972 cruento
600 908 707 973 Marte
730 909 929 992 carebimus,

282 1005 474 1094 Fractisque
496 1009 586 1074 rauci
608 1010 764 1077 fluctibus
789 1012 951 1095 Hadriae,

327 1109 464 1176 Frustra
485 1134 543 1196 per
566 1118 760 1179 auctumnos
786 1121 956 1181 nocentem

373 1211 569 1299 Corporibus
593 1221 778 1282 metuemus
795 1218 966 1283 Austrum.

99 1375 185 1426 Carm.
209 1377 245 1426 18.
267 1392 292 1426 r.
315 1379 352 1428 15.
389 1381 519 1429 Truditur
538 1383 592 1429 dies
612 1384 652 1431 elie
693 1397 791 1430 mamm
807 1381 834 1430 in
850 1382 932 1432 Iliade
949 1384 985 1431 M.
1003 1384 1059 1433 322.
1093 1382 1124 1432 Εί
1138 1386 1245 1449 μὲνγὰρ

100 1456 234 1518 Novasque
242 1463 352 1519 perqunt
360 1460 466 1509 interire
474 1461 570 1510 Lunae.
587 1460 650 1510 Am·
693 1461 806 1524 πόλεμον
823 1461 880 1526 περὶ
898 1461 969 1510 τόνδε
990 1464 1112 1527 φυγόντε,
1135 1477 1244 1512 essemus

99 1533 177 1582 mian.
188 1534 300 1584 Marcell.
311 1535 399 1584 XXX.
409 1552 432 1599 p.
442 1538 499 1588 451.
519 1538 584 1586 Cum
599 1541 652 1588 dies
692 1538 856 1598 immortales,
876 1554 922 1602 ego
948 1555 963 1588 a
988 1556 1074 1604 pugna
1098 1542 1245 1591 abstinerem

99 1614 219 1661 cessaint
243 1620 269 1662 et
289 1628 382 1662 mermes
402 1620 427 1662 et
448 1616 518 1663 aaut.
558 1615 652 1665 Seneca
692 1625 716 1667 et
733 1633 858 1668 caverem:
884 1617 978 1668 Nivl'
1000 1620 1083 1684 ἔμπης
1104 1623 1153 1685 γὰρ
1171 1625 1244 1686 κῆρες

100 1691 132 1739 da
152 1691 226 1740 Brev.
243 1692 320 1741 Vitae
335 1693 360 1740 9.
382 1694 484 1741 Menses
501 1695 548 1741 tibi
565 1700 589 1743 et
606 1710 650 1742 aa·
692 1697 823 1762 ἐφεστᾶσιν
847 1698 970 1746 θανάτοιο
1002 1698 1112 1762 Μυρίαι,
1143 1701 1175 1756 ἃς
1200 1700 1245 1747 οὐκ

100 1785 147 1819 nos
162 1776 188 1819 et
205 1774 303 1834 lmrqam
319 1773 566 1834 seriemeaporriqis.
584 1772 650 1821 Pau·
691 1775 745 1823 ἔστι
777 1779 864 1840 φυγεῖν
888 1776 986 1839 βροτὸν
1016 1774 1068 1825 οὐδ’
1100 1776 1243 1832 ὑπαλύξαι.

100 1850 142 1898 lns
159 1851 238 1912 Epist.
256 1850 287 1898 ad
305 1849 408 1900 Galatas
424 1850 530 1899 1v.10.
556 1850 650 1914 ἡμέρας
692 1854 774 1915 Quam
795 1855 942 1904 sententiam
970 1871 1002 1904 ex
1018 1855 1129 1904 Homero
1153 1856 1244 1905 Demo-

101 1930 282 1994 παρατηρεῖσθε
311 1930 350 1977 καὶ
376 1933 459 1992 μῆνας
485 1930 526 1978 καὶ
551 1932 651 1994 καιροὺς
691 1933 803 1990 sthenes,
820 1949 853 1982 ex
869 1933 1036 1982 Demosthene
1053 1933 1096 1982 alii
1113 1941 1172 1982 sunt
1187 1933 1243 1981 imi-

99 2009 141 2056 καί
163 2008 299 2065 ἐνιαυτούς.
334 2008 411 2057 Pluto
436 2015 519 2058 autem
545 2011 649 2072 lltacrq·
691 2011 744 2058 tati.
761 2010 821 2060 Vid.
840 2011 955 2073 Bergler.
973 2011 1162 2075 adAlciphron.
1172 2012 1244 2062 125.

100 2088 215 2148 νιοίίίίίι,
236 2088 278 2149 qui
295 2088 374 2136 nullis
390 2087 508 2150 lacrymis
525 2094 650 2148 moretum
691 2091 743 2146 Ζῆν
762 2089 809 2151 μὲν
830 2089 937 2153 γὰρκαὶ
955 2088 1077 2138 τεθνάναι
1093 2091 1245 2154 μεμοίραται

99 2181 176 2229 qnam
195 2180 279 2214 vocem
297 2167 474 2216 restituendam
492 2173 553 2229 puto
571 2166 651 2216 Statio
690 2165 765 2229 ἡμῖν,
791 2167 830 2215 καί
856 2168 900 2216 οὐκ
921 2166 975 2216 ἔστι
998 2168 1026 2216 τὸ
1048 2167 1122 2231 χρέος
1145 2174 1244 2233 φυγεῖν,

99 2245 137 2292 11.
156 2245 218 2295 Silv.
238 2246 259 2294 1.
280 2246 332 2294 139.
367 2247 472 2295 Scottus
491 2247 595 2296 interrita
616 2248 649 2295 lr-
691 2243 742 2309 κςΐν
766 2245 793 2294 ἐν
819 2245 920 2309 οἰκίσκῳ
946 2264 985 2303 τις
1010 2247 1141 2311 καθείρξας
1167 2247 1245 2298 αὐτὸν

99 2326 171 2373 vavit
192 2328 281 2375 Parca
298 2339 397 2374 atauus.
421 2327 478 2383 Quo
495 2327 567 2373 Diva
578 2325 652 2388 feras
692 2326 764 2388 τηρῇ.
799 2325 855 2373 Iam
872 2342 888 2373 a
907 2325 996 2374 Marte
1012 2332 1245 2384 cavere,utear·ere

98 2406 186 2466 qratia
202 2407 297 2454 caserta
313 2407 421 2468 unques?
454 2406 513 2452 Nou
531 2405 652 2466 tesvrma
692 2405 756 2450 bella
773 2403 836 2453 Stat.
854 2405 889 2452 Π.
909 2403 971 2454 Silv.
989 2405 1013 2452 6.
1030 2405 1070 2452 30.
1088 2408 1188 2467 qualem
1201 2421 1245 2455 aec

91 2484 195 2529 movet?
215 2483 275 2531 Non
289 2488 313 2531 te
321 2483 493 2544 lacrymabills
501 2484 587 2530 aetas?
603 2483 651 2531 Le·
692 2484 757 2530 bella
778 2489 904 2532 caventem
921 2486 1009 2532 Litore
1028 2485 1136 2544 uirqiaeo
1157 2486 1245 2532 Thetis

99 2561 226 2623 gendum:
243 2563 301 2611 Noa
318 2567 349 2618 te,
359 2561 560 2624 illacrymabilis,
568 2563 652 2609 aetas?
692 2564 828 2610 occultavit
847 2564 978 2610 Achillem.
1013 2563 1047 2610 Et
1072 2563 1107 2610 sie
1128 2563 1245 2611 videntur

136 2641 293 2703 Quicumque
309 2647 392 2690 terrae
408 2656 510 2689 munere
521 2642 652 2690 vescimur.
693 2639 784 2702 legisse
805 2639 972 2698 Scholiastae,
988 2641 1189 2704 interpretantes:
1209 2645 1243 2690 vi-

99 2718 272 2768 Simonideum
305 2718 443 2785 Εὐρνεδοῦς
472 2717 528 2767 ὅσοι
553 2719 653 2782 καρπὸν
693 2724 893 2783 ίαοιιιιραρνιοο.
919 2720 1060 2768 Meinekius
1077 2722 1244 2769 coniecturam

101 2799 224 2864 αἰνύμεθα
239 2799 346 2862 χθονός,
363 2799 500 2848 illustravit
516 2797 610 2847 Valclr.
620 2798 651 2845 ad
693 2798 819 2847 Waddelii
840 2814 890 2847 non
906 2800 1001 2848 laudat.
1036 2799 1149 2848 Debebut
1165 2805 1243 2856 certe,

100 2879 190 2942 Eurip.
207 2879 309 2942 Hippol.
326 2893 362 2927 vs.
383 2879 438 2927 131.
693 2877 740 2926 ait:
766 2881 897 2928 “Frustra
918 2885 1019 2929 eruenta
1038 2895 1054 2928 a
1072 2879 1159 2927 Marte
1176 2894 1243 2927 eave·

134 2960 246 3007 Frvutra
266 2963 369 3008 aventu
394 2957 484 3005 Marte
505 2957 650 3006 carebimus.
693 2958 779 3005 Μνιιιι.
811 2956 850 3006 At
873 2957 948 3006 verbo
972 2973 1058 3008 carere
1079 2957 1125 3017 sie,
1147 2963 1176 3004 ut
1197 2958 1244 3005 hoc

100 3037 193 3086 Marte
219 3052 316 3096 carere,
338 3042 376 3085 est
395 3036 461 3085 bello
482 3035 522 3085 vel
552 3050 651 3097 pugnae
692 3035 754 3095 loco,
771 3049 830 3084 usus
842 3041 879 3084 est
895 3035 1015 3085 Horatius
1032 3037 1107 3085 etiam
1125 3036 1146 3085 Ι.
1164 3036 1243 3099 Epist.

100 3130 151 3164 non
167 3116 298 3175 interesse,
324 3130 375 3164 non
400 3129 519 3178 pugnare.
562 3113 650 3163 Valer.
695 3115 715 3162 l.
733 3116 772 3163 41.
821 3117 910 3163 Vlrtua
934 3121 971 3163 est
993 3117 1084 3164 vitium
1103 3115 1196 3178 fuqere
1219 3121 1244 3164 et

99 3196 184 3244 Flacc.
201 3195 251 3245 VI.
264 3194 431 3258 Argon750.
453 3195 652 3255 Essedoniaeque
691 3195 818 3256 sapientia
840 3194 927 3254 prima
962 3195 1081 3241 Stultitia
1109 3194 1243 3242 caruisse.''

98 3275 431 3338 phalanqesMurteeureat
447 3273 651 3335 solisqueiuvaat
692 3271 829 3333 Exempla,
846 3275 919 3333 puto,
936 3285 987 3318 non
1004 3270 1070 3319 idem
1083 3271 1175 3319 valent.
1193 3269 1244 3331 Qui

99 3356 250 3404 staurarium
265 3370 361 3417 οροιοιι.
388 3352 430 3403 Sic
438 3351 512 3412 Virg.
522 3349 571 3398 IX.
584 3351 650 3399 Aen.
692 3349 799 3397 stultitia
815 3355 893 3406 earet,
919 3348 1004 3396 didicit
1025 3350 1135 3397 multum
1160 3355 1184 3398 et
1201 3350 1243 3396 diu

100 3433 157 3482 540.
179 3436 215 3481 In
223 3439 324 3495 partem
335 3447 399 3495 qaae
408 3436 476 3494 peste
486 3436 563 3479 caret.
588 3429 651 3478 Par·
692 3429 809 3477 cavendo.
838 3428 955 3477 Studium
967 3434 991 3476 et
1002 3427 1119 3475 voluntas
1130 3428 1170 3476 hic
1181 3443 1243 3477 sem·

100 3517 152 3559 tem
180 3509 257 3558 turris
286 3509 396 3558 nondum
424 3510 558 3557 ardentem.
602 3508 651 3558 Sed
692 3521 736 3570 per
752 3521 917 3571 praecessere,
934 3514 958 3555 et
975 3513 1084 3555 manent.
1118 3480 1243 3572 Pmaque

100 3590 175 3653 longe
190 3588 293 3653 plurimi
310 3588 453 3637 mortalium
465 3589 548 3636 Marte
558 3593 651 3645 carent,
692 3603 750 3651 pars
765 3588 896 3636 homiuum
913 3587 979 3636 bello
996 3594 1076 3647 earet,
1096 3589 1138 3652 qui
1155 3589 1185 3637 de
1201 3603 1242 3637 ca·

100 3668 164 3716 nihil
180 3667 296 3717 facientes
313 3674 343 3716 ut
359 3673 468 3716 careant.
503 3666 651 3730 Significau·
692 3666 772 3714 vendo
788 3680 917 3728 nunquam
935 3666 1113 3728 cogitaverunt.
1132 3666 1243 3728 Sequun-

101 3748 149 3796 dus
166 3753 250 3795 autem
267 3747 307 3795 hic
323 3754 377 3796 erat
393 3747 524 3795 hominum
541 3747 614 3794 timor
627 3753 652 3794 et
693 3751 733 3793 tur
749 3745 815 3795 enim
832 3744 901 3793 aliud
917 3746 981 3793 vitae
999 3760 1090 3808 genus,
1107 3760 1180 3808 quam
1198 3745 1243 3792 mi-

101 3825 216 3874 voluntas
240 3825 350 3884 carendi,
378 3832 407 3873 ut
427 3839 487 3873 mox
508 3831 651 3874 metuemus.
692 3826 772 3875 litare.
807 3826 874 3875 Sunt
890 3832 987 3882 tamen,
1013 3826 1055 3888 qui
1071 3825 1177 3880 vellent,
1203 3823 1243 3872 vel

102 3902 140 3951 Ut
155 3903 230 3966 Virg.
247 3902 310 3951 XII.
328 3903 393 3952 Aen.
402 3903 458 3954 517.
486 3905 525 3952 Et
539 3907 651 3952 iuvavum
693 3904 821 3961 deberent,
842 3904 885 3953 sed
906 3918 956 3951 non
978 3903 1086 3950 audeant
1106 3909 1187 3950 castra
1207 3917 1242 3952 se-

101 3997 203 4031 eaosum
222 3998 254 4031 aa
277 3984 414 4044 quidquam
431 3983 495 4031 bella
512 3983 651 4030 Maweten.
693 3985 744 4048 qui.
778 3984 813 4032 Hi
847 3988 935 4032 eareat
966 3982 1067 4045 quidem
1094 3981 1168 4040 bello,
1198 3983 1240 4031 sed

102 4060 188 4121 Quare
207 4059 365 4108 verissimam
385 4059 467 4108 iudico
485 4059 651 4108 coniecturam
693 4065 767 4113 etiam
784 4062 879 4110 bellum
897 4065 992 4110 cavent.
1018 4059 1104 4121 Atque
1121 4060 1169 4107 loci
1186 4075 1241 4108 sen.

102 4139 240 4189 Waddelii:
263 4141 376 4187 Frustra
400 4155 417 4187 a
441 4145 545 4189 cruento
562 4140 653 4188 Marte
693 4141 771 4190 tentia
787 4139 896 4202 postulat
912 4138 959 4185 hoc
971 4138 1111 4200 significari.
1130 4138 1244 4188 Maxima

102 4221 249 4269 cavebimus.
275 4216 356 4268 Credo
371 4218 476 4267 Horatio
493 4225 550 4267 ante
566 4218 652 4267 oeulos
692 4221 757 4268 vitae
773 4217 885 4282 pericula
900 4215 1031 4264 imminent
1046 4216 1158 4274 inbelle,
1172 4219 1243 4277 mari,

102 4297 179 4346 tuisse
195 4297 331 4347 orationem
349 4297 498 4362 Sarpedonis
514 4298 580 4360 apud
596 4297 649 4346 Ho-
693 4305 717 4348 et
742 4304 851 4361 tempore
876 4295 1010 4344 auctumni.
1044 4295 1113 4344 Haec
1133 4296 1244 4358 pericula
