2916 5220
594 315 769 378 LIBER
816 316 873 378 IV.

386 503 519 583 Posset,
545 501 624 585 (prid
648 501 792 585 Augusti
815 506 970 585 paternus

432 605 472 667 ln
495 625 612 688 pueros
636 604 766 668 animus
790 604 944 668 Nerones.

341 706 455 771 Fortes
480 711 630 771 creantur
654 705 793 771 fortibus
818 711 851 770 ct
873 706 986 770 bonis:

339 808 402 874 nst
426 809 462 872 in
484 807 650 891 iuvencis,
675 808 783 873 estin
807 807 899 893 equis
921 814 1055 893 patrum

384 912 517 994 Virtus,
541 935 601 977 nec
624 912 793 977 imbellem
815 912 937 977 feroces

371 1019 373 1024 ’
429 1016 653 1101 Progenerant
675 1016 804 1101 aquilae
827 1015 1021 1081 columbam.

341 1118 499 1183 Doctrina
523 1119 580 1184 sed
603 1119 672 1183 vim
695 1123 866 1205 promovet
889 1118 1041 1201 insitam,

341 1222 499 1307 Rectique
523 1222 632 1287 cultus
656 1227 789 1306 pectora
813 1223 984 1287 roborant:
1013 1304 1015 1308 Ι

383 1324 572 1410 Utcumque
596 1324 740 1390 defecere
762 1347 888 1407 mores,

432 1427 629 1492 Indecorant
650 1428 734 1493 bene
758 1433 838 1492 nata
861 1427 985 1512 culpae.

343 1528 430 1608 Quid
453 1530 592 1612 debeas,
617 1552 635 1595 o
659 1531 784 1613 Roma,
809 1530 1014 1612 Neronibus,

341 1632 444 1697 Testis
469 1633 655 1698 Metaurum
678 1634 802 1698 flumen
832 1639 865 1698 et
890 1633 1078 1699 Hasdrubal

385 1736 542 1801 Devictus
574 1743 608 1801 et
630 1737 765 1822 pulcher
787 1737 911 1822 fugatis

395 1852 399 1858 ’
432 1840 494 1904 llle
517 1841 586 1906 dies
611 1841 707 1906 Latio
731 1841 894 1924 tenebris,

347 1943 410 2023 Qui
426 1947 555 2028 primus
577 1944 663 2008 aima
685 1949 759 2009 risit
781 1945 917 2026 adema,

340 2047 446 2112 Diuus
462 2070 527 2132 per
552 2047 643 2113 urbes
665 2047 750 2134 Aser
773 2058 808 2113 ut
830 2049 936 2113 Italae

194 2186 348 2234 Indecarant
364 2188 423 2234 bene
438 2192 502 2234 nata
523 2187 618 2248 eulpae.
652 2185 707 2232 Hoc
781 2187 832 2234 Ille
848 2187 900 2234 dier
921 2187 995 2234 Latia
1013 2185 1127 2233 terebris.
1163 2183 1225 2245 Quis
1246 2183 1297 2231 fue·

160 2263 191 2312 de
209 2261 303 2312 Graeco
314 2264 441 2327 Euripidis
453 2272 563 2312 sumtum
576 2265 707 2321 est,cuius
747 2263 780 2310 rit
796 2263 860 2320 dics,
880 2264 939 2325 quid
960 2277 988 2311 co
1014 2270 1124 2325 gestum,
1150 2262 1298 2324 intelligitur

159 2356 262 2391 versum
282 2344 391 2392 servavit
412 2343 567 2392 Plutarchus
585 2345 615 2392 de
631 2344 707 2392 Nobi·
746 2356 778 2389 cx
793 2343 910 2390 Metauro
926 2349 951 2390 ct
966 2340 1134 2391 Hasdrubale.
1175 2343 1227 2389 Ille
1242 2343 1296 2389 dies

159 2420 197 2470 lit.
214 2434 267 2484 cap.
288 2423 325 2472 16.
352 2424 381 2472 τὸ
407 2426 455 2489 γὰρ
483 2424 567 2481 καλῶς
594 2425 708 2488 Πεφυκὸς
747 2420 852 2482 pulchre
881 2436 910 2469 ac
939 2422 1029 2470 Latine
1057 2434 1102 2482 pro
1127 2421 1208 2468 nobile
1231 2421 1298 2468 illud

159 2499 242 2557 οὐδεὶς
259 2501 293 2550 ἂν
308 2502 425 2565 paduanae
440 2504 527 2567 λόγος.
561 2503 646 2552 Schol.
666 2503 707 2551 Iu·
746 2502 866 2561 proelium
891 2507 916 2550 ct
940 2503 1054 2550 victoria.
1097 2499 1158 2547 Dies
1181 2499 1246 2547 enim
1272 2505 1296 2546 ct

159 2579 242 2628 venai.
259 2580 290 2627 ad
309 2580 361 2630 Sat.
379 2581 454 2630 XIV.
474 2583 496 2630 l.
517 2581 592 2629 verba
616 2583 707 2630 citavit.
747 2594 797 2626 aaa
821 2585 953 2627 sumuntur
977 2593 1022 2642 pro
1049 2579 1123 2626 rebus
1156 2576 1296 2639 gravissimi

160 2657 211 2707 Sed
228 2668 345 2721 corrupta
361 2666 429 2709 sunt:
447 2667 579 2723 utcumque
595 2662 709 2709 dedecere
748 2658 867 2707 momenti
883 2659 922 2708 die
938 2658 978 2707 rcl
1000 2664 1070 2706 nocta
1091 2657 1174 2719 gestis.
1208 2656 1296 2706 Cicero

159 2751 239 2785 marea
264 2740 424 2788 Dedeccraut
448 2742 507 2788 bene
531 2745 595 2787 nata
612 2741 707 2800 eulpae.
749 2738 779 2784 ad
805 2738 921 2786 Atticum
946 2737 980 2785 X.
1006 2737 1030 2784 8.
1074 2738 1131 2785 Nau
1151 2734 1247 2797 suisset
1271 2741 1296 2784 et

159 2815 231 2864 Idem
253 2817 284 2865 ad
306 2817 354 2867 XI.
374 2819 429 2867 154.
446 2818 472 2865 in
490 2817 573 2866 animo
590 2818 707 2868 habebat:
748 2818 799 2884 illa
818 2833 868 2865 aaa
893 2823 946 2865 tam
971 2819 1061 2865 acerba
1085 2814 1222 2877 Africano,
1247 2830 1296 2863 aaa

158 2896 262 2957 iuqeuui
277 2898 375 2954 uultur,
391 2897 506 2954 modesti,
528 2897 590 2946 bene
607 2897 682 2945 nati.”
749 2901 801 2944 tam
818 2898 890 2944 duaa
906 2898 949 2944 iile
965 2896 1016 2944 dier
1038 2896 1161 2944 Sullanus
1184 2893 1213 2941 C.
1236 2893 1295 2939 Ma-

194 2974 276 3022 Teatr's
300 2973 449 3023 Metaurum
466 2976 575 3037 flumen.
617 2977 707 3026 Latine
748 2978 792 3024 rio.
821 2975 913 3024 Caesar
928 2975 958 3023 Β.
977 2973 1044 3022 Gall.
1055 2972 1091 3022 V.
1103 2973 1143 3021 43.
1174 2973 1227 3020 Hie
1243 2973 1296 3020 dieu

157 3050 208 3099 dici
224 3052 322 3101 videtur
339 3053 477 3104 Metaurus
498 3063 523 3103 et
546 3054 707 3117 Metaurum,
748 3057 843 3103 uostris
860 3057 929 3116 lonae
948 3053 1112 3115 praematurus
1130 3051 1197 3113 fuit
1231 3051 1293 3101 Vel·

157 3129 234 3178 etiam
251 3145 301 3179 non
317 3131 401 3181 addito
415 3133 521 3195 fluraeu.
555 3135 707 3197 Pomponius
748 3131 788 3181 lci.
814 3132 912 3181 Patere.
939 3131 974 3180 ΙΙ.
999 3131 1039 3179 86.
1085 3129 1155 3186 Quid
1177 3130 1221 3176 ille
1245 3131 1297 3179 dier

158 3208 229 3257 Mela
245 3209 281 3259 Π,
299 3211 322 3259 4.
357 3213 392 3259 Ia
404 3213 571 3260 Brutioeuut
584 3211 708 3261 Columna
749 3210 886 3272 (Actiucus)
909 3215 1036 3258 terrarum
1056 3209 1109 3256 arbi
1127 3209 1295 3267 praestiterit.

157 3289 240 3350 reaia,
258 3290 396 3352 Rbeatam,
414 3292 515 3352 Scylla,
535 3293 708 3351 Taurianum,
748 3289 808 3339 Viri.
826 3291 933 3352 Interpr.
952 3288 984 3336 ad
1000 3286 1070 3336 Flori
1096 3286 1131 3335 II.
1157 3287 1181 3335 6.
1207 3287 1294 3336 Valer.

159 3366 319 3417 Metaurum.
337 3369 386 3417 vid.
403 3369 557 3417 Arntzcnius
574 3369 605 3416 ad
618 3370 707 3419 Aurei.
748 3368 832 3416 Flacci
849 3369 884 3418 11.
901 3369 957 3420 573.
969 3373 993 3415 et
1004 3364 1086 3414 Taciti
1097 3364 1243 3426 Agricolam
1254 3366 1294 3414 34.

159 3445 257 3495 Victor.
273 3446 329 3496 Vir.
347 3447 445 3496 Illustr.
463 3448 503 3496 48.
784 3449 837 3506 Qui
867 3449 967 3510 primus
1000 3447 1069 3494 alara
1101 3446 1161 3493 risit
1194 3446 1294 3492 adorea.

192 3527 322 3575 Devictus.
356 3526 388 3574 In
413 3541 464 3573 uno
489 3532 574 3573 nostro
591 3528 707 3574 revictus.
749 3522 1129 3589 GlossapoiticaGrammatici,
1146 3524 1296 3571 illumdiem

158 3604 306 3666 Elegantius
327 3605 460 3654 arbitrarer
485 3607 602 3655 deiectus.
638 3607 708 3653 Deii-
748 3606 901 3668 explicantis.
923 3607 957 3654 Et
974 3602 1296 3665 observa,plurimasglos-

157 3698 224 3738 cere,
257 3683 443 3746 καταβάλλειν,
476 3692 642 3748 prosternere,
677 3684 707 3732 de
748 3700 787 3733 sas
805 3702 820 3734 a
836 3701 895 3735 voce
912 3687 955 3748 qui
971 3685 1088 3746 incipere,
1113 3683 1184 3730 cuius
1210 3683 1245 3730 rei
1269 3683 1295 3729 in

157 3761 303 3821 rictoribua,
333 3764 403 3813 hoste
433 3767 536 3823 deiecto,
562 3764 705 3827 praesertim
748 3764 853 3813 Horatio
869 3765 951 3812 multa
967 3763 1074 3811 vidimus
1090 3761 1216 3823 exempla,
1234 3761 1295 3809 etin

157 3841 221 3890 duce
250 3842 339 3905 aliquo.
382 3843 465 3906 Nepos
500 3842 623 3905 Thrasyb.
655 3842 706 3892 ΙΙΙ.
747 3843 794 3890 hoc
818 3844 870 3905 ipso
895 3843 1004 3890 carmine
1028 3857 1064 3889 vs.
1093 3841 1131 3889 18.
1149 3847 1173 3888 ct
1189 3855 1213 3888 v.
1231 3854 1252 3888 c.
1269 3841 1295 3886 in

158 3921 218 3968 Hoc
240 3920 339 3984 (Critia)
357 3924 456 3971 duecte.
490 3921 540 3971 Ubi
564 3921 645 3969 multa
669 3923 705 3969 in·
747 3921 857 3970 Phaedri
873 3921 935 3970 Feb.
960 3921 996 3969 11.
1014 3921 1037 3968 5.
1064 3921 1086 3968 9.
1115 3921 1152 3968 10.
1177 3919 1222 3981 qui
1245 3932 1294 3965 non

157 4005 284 4061 terpretes.
318 4000 420 4050 Curtius
437 4001 488 4049 ΠΙ.
505 4003 528 4050 5.
564 4002 706 4059 Querebau·
747 4006 805 4047 sunt
820 3999 933 4047 auctoris.
958 3999 1046 4060 Neque
1061 3997 1122 4045 mihi
1136 3997 1295 4060 placctabrm

157 4084 202 4126 tur
225 4093 273 4127 aaa
297 4082 325 4127 iu
341 4081 395 4128 acie
419 4082 508 4128 saitem
525 4094 574 4128 aaa
591 4081 622 4128 ab
639 4081 707 4129 imate
748 4081 851 4135 adorea,
868 4092 948 4140 neque
965 4077 1047 4139 glossa
1068 4091 1127 4125 rere
1147 4083 1191 4125 est.
1225 4075 1295 4124 Dicit

156 4159 279 4207 deiectum
297 4158 484 4218 Alexandrum,
504 4161 548 4207 red
567 4160 707 4207 abluentem
746 4157 813 4205 enim
830 4163 928 4213 auctor,
953 4156 1082 4204 victoriam
1108 4156 1173 4219 apud
1194 4157 1293 4204 Metau-

157 4251 225 4298 aqua
251 4251 340 4298 cerpus
363 4243 476 4300 ereptum
501 4253 550 4286 ease
571 4245 596 4286 et
612 4240 706 4286 euntia·
747 4252 804 4285 rum
821 4237 896 4285 fuisse
912 4238 1034 4299 primam,
1051 4250 1127 4298 quam
1138 4234 1247 4284 Romani
1258 4249 1295 4283 re·

156 4322 234 4365 etune.
726 4316 909 4379 portaverint,
935 4330 966 4363 ex
987 4330 1035 4377 quo
1057 4315 1183 4363 Hannibal
1201 4315 1226 4362 in
1243 4314 1293 4362 Ita·
