2916 5220
580 305 757 369 LIBER
803 305 868 370 ΙΙΙ.

379 494 577 579 Robiginem
607 499 665 558 aut
687 493 798 558 dulces
822 493 949 558 alumni

427 596 590 663 Pomifero
613 618 712 682 grave
736 601 867 682 tempus
892 619 987 662 anno.

334 702 420 766 Nam
449 722 531 787 quae
555 699 659 765 nivali
682 699 828 785 pasoitur
849 700 972 786 Algido

333 806 462 871 Devota
485 825 621 890 quercus
646 803 731 868 inter
754 809 787 868 et
810 803 902 870 ilices

380 909 450 973 Aut
473 907 589 973 crescit
611 907 752 972 Albanis
775 907 811 970 in
835 907 945 973 herbis

425 1010 589 1092 Victima,
614 1008 814 1073 Pontificum
839 1031 965 1076 secures

337 1114 469 1180 Cervioe
493 1113 632 1198 tinguet.
682 1112 724 1176 Te
747 1112 833 1176 nihil
856 1113 977 1179 attinet

335 1219 472 1283 Tentare
495 1217 602 1282 multa
625 1215 722 1281 caede
745 1215 931 1282 bidentium

381 1323 503 1386 Parvos
528 1326 739 1386 coronantem
761 1319 888 1384 marino

425 1425 509 1488 Rore
533 1423 620 1489 Deos
643 1421 819 1507 fragilique
842 1429 961 1507 myrto

338 1530 492 1593 Immanis
515 1549 607 1592 araca
629 1529 659 1590 ai
682 1528 783 1612 tetiyc't
806 1547 938 1610 maaca,

340 1632 417 1696 Noa
440 1639 599 1696 samtaoaa
622 1627 767 1694 blandior
790 1629 893 1696 hostia

158 1788 245 1849 rabia
265 1786 386 1846 repetitas
406 1783 496 1847 obfuit.
531 1782 583 1833 Ubi
606 1783 707 1830 Iuretus
749 1779 828 1828 ratius
844 1781 893 1831 1v.
911 1781 996 1833 carm.
1015 1785 1036 1834 l.
1054 1800 1090 1835 vs.
1108 1787 1148 1835 31,
1183 1789 1300 1837 Ncccer·

158 1863 293 1914 Horatium
309 1863 429 1912 laudarit.
749 1865 807 1910 tare
822 1863 895 1911 iacet
912 1879 985 1913 mero.
1020 1864 1297 1915 Taraunites.

192 1942 322 2006 Pomtscro
334 1949 514 2005 praeetempar
526 1956 599 1990 anae.
616 1940 708 1989 Inuno
750 1941 830 1990 Nemo
851 1941 878 1989 in
898 1942 947 1990 illa
967 1944 1029 1991 aula
1047 1945 1176 2006 probitate
1196 1949 1244 1992 aat
1260 1947 1299 1992 ia·

158 2023 216 2072 MS.
238 2027 322 2070 nostro
343 2026 489 2069 annotatum
510 2026 559 2068 est:
582 2019 709 2082 Pome'seri
749 2020 850 2068 ἀυπνία
867 2023 982 2070 certauit.
1016 2021 1109 2086 Sulpit.
1130 2022 1237 2073 Sevems
1254 2022 1298 2071 Hi·

157 2103 227 2150 aam'.
260 2100 317 2148 Hoc
343 2101 417 2148 etiarn
438 2100 542 2148 coniecit
563 2099 707 2149 Markland.
749 2104 807 2147 stor.
825 2116 848 2162 p.
862 2100 919 2151 475.
936 2102 1025 2164 quibas
1035 2107 1082 2150 aar
1092 2103 1205 2152 eradium
1214 2101 1300 2152 inerat

158 2183 191 2230 ad
208 2180 283 2232 Statii
299 2179 320 2227 1.
339 2179 403 2229 silv.
420 2181 443 2228 3.
460 2181 484 2228 8.
751 2179 878 2242 lectionis,
895 2185 941 2228 aut
955 2182 1113 2243 propositam
1129 2185 1186 2230 crat
1202 2187 1301 2230 certare

191 2265 300 2311 Decota.
336 2258 421 2309 Valer.
443 2261 527 2310 Flacc.
547 2259 583 2308 11.
609 2257 708 2320 Argon.
749 2259 856 2306 ieiunia.
874 2258 936 2308 Alio
944 2260 1018 2307 modo
1031 2258 1220 2308 dixitValerius
1228 2261 1300 2309 Flac-

159 2342 216 2392 487.
250 2344 310 2391 Iam
324 2340 708 2400 ccicaadentescotivoe'apra·
750 2351 793 2385 cus
811 2338 845 2388 V.
860 2339 917 2388 645.
932 2341 979 2388 tibi
987 2340 1208 2388 darwmacertant.
1241 2338 1300 2401 Ipsa

159 2422 227 2470 ariae
245 2423 329 2484 pascit
356 2420 508 2482 Cornipedes
532 2418 641 2480 conitor,
666 2431 708 2465 reo-
751 2417 853 2465 donaria
873 2418 938 2466 inter
962 2418 1079 2482 aequasi
1100 2419 1130 2466 de
1150 2419 1300 2482 praestantia

158 2505 228 2549 atrae
249 2507 321 2549 stata
344 2503 409 2549 dona
429 2500 531 2546 calatia
566 2497 653 2558 Atque
669 2495 709 2542 hic
750 2502 853 2545 certant.
887 2497 919 2545 In
944 2497 1048 2560 vulgata
1071 2498 1176 2547 lectione
1201 2502 1301 2548 tentare

159 2595 210 2627 non
235 2580 345 2628 alienum
365 2586 426 2642 puto
447 2590 569 2640 apponere
591 2576 709 2626 Scholion
751 2575 798 2623 hoe
817 2577 893 2625 etiam
912 2575 1041 2640 ingratum
1061 2577 1161 2636 accidit,
1177 2578 1244 2640 quod
1260 2591 1300 2626 co·

160 2660 300 2722 interpretis
326 2657 433 2707 Statiani
458 2657 489 2705 ad
511 2656 532 2705 1.
555 2656 634 2705 Theb.
651 2656 708 2707 507.
752 2654 836 2717 gimur
858 2655 967 2718 accipere
988 2659 1058 2705 Deos
1075 2662 1174 2706 tentare
1189 2663 1214 2705 et
1231 2659 1300 2706 Deos

159 2741 313 2788 “Lustralc'a
322 2752 411 2801 pecora
421 2743 494 2797 sunt,
511 2750 574 2799 quae
584 2750 628 2798 per
639 2736 709 2798 quin·
751 2739 918 2782 coronantem.

159 2818 284 2880 quennele
300 2823 397 2879 tempus
414 2816 502 2864 devota
518 2813 643 2862 sacnticiis
660 2828 707 2861 nu·
793 2814 893 2862 Parcas
923 2820 1080 2864 caecantem
1108 2817 1207 2865 mamae
1233 2819 1301 2865 Rore

162 2898 283 2954 triuntur,
300 2903 325 2944 et
341 2896 395 2944 ideo
410 2894 542 2957 piaauia.”
752 2894 828 2940 Deos.
867 2892 946 2941 Parvi
969 2893 1018 2942 Dei
1043 2901 1102 2942 sunt
1121 2910 1214 2957 parvae
1234 2895 1299 2944 Deo·

197 2978 307 3025 Tentare
317 2977 399 3022 malta
409 2975 483 3022 caede
491 2973 636 3021 bidaetiam.
648 2970 710 3032 Quis
753 2985 809 3019 rum
833 2971 967 3034 imagines,
991 2979 1021 3022 ut
1044 2973 1070 3020 in
1091 2988 1198 3037 paupere
1219 2974 1300 3022 domo.

161 3067 273 3116 unquam
293 3052 424 3115 usurpavit
448 3056 547 3099 tectore
567 3053 648 3109 Deos,
665 3064 711 3113 pro
752 3051 843 3099 Monui
867 3058 967 3114 propter
991 3052 1131 3102 Burmann.
1161 3055 1192 3101 ad
1218 3052 1301 3103 Ovidii

159 3133 279 3193 placare?
307 3131 438 3189 Qaaeatte,
456 3129 542 3177 dicunt
558 3128 710 3192 interpretes.
753 3129 829 3179 XIV.
853 3131 956 3179 Metam.
982 3131 1039 3180 589.
1063 3137 1193 3193 putantem
1207 3147 1301 3194 parvos

162 3211 263 3260 Vellem
288 3208 408 3272 exemplis
432 3208 584 3271 probassent.
623 3207 711 3256 Unum
753 3212 821 3258 Deos
836 3223 888 3258 esse
906 3213 1028 3267 Penates,
1049 3209 1172 3273 oppositos
1191 3212 1301 3273 macab,

163 3289 306 3352 exemplum
327 3288 394 3351 apud
414 3301 455 3335 me
474 3286 553 3348 pluris
570 3292 620 3343 est,
635 3302 711 3350 quam
754 3289 822 3344 Ioci,
839 3288 948 3337 caeteris.
982 3286 1116 3351 cogitabat
1133 3303 1193 3351 ergo
1204 3289 1234 3338 de
1245 3290 1301 3339 Diis

163 3368 254 3417 centies
271 3366 317 3416 ille
332 3366 437 3430 repetita
453 3366 578 3428 quaesite,
592 3369 711 3429 pulchre,
753 3366 875 3414 maiorum
891 3373 916 3416 et
932 3366 1057 3414 minorum
1074 3367 1195 3430 gentium.

155 3448 244 3508 felicia
262 3447 392 3502 audaciae,
410 3444 507 3492 similia.
532 3445 649 3495 Fortasse
659 3447 711 3494 Ho-
785 3449 913 3495 [inmanis
939 3463 1013 3496 aram
1040 3449 1064 3496 ai
1091 3449 1175 3511 tetipe't
1201 3463 1299 3498 manaa.

164 3526 242 3574 ratius
267 3523 380 3587 scripsit:
409 3523 515 3572 Cartare
537 3526 620 3572 malta
640 3529 713 3576 ecem
753 3526 1133 3579 HaeccitanturiuHildeberti
1142 3529 1300 3579 PhileaMo

163 3606 308 3654 belamiam.
334 3603 441 3652 Cartare
451 3609 489 3651 est
500 3617 599 3650 summe
610 3618 654 3666 ope
666 3605 712 3653 niti
753 3607 800 3655 rali
816 3622 874 3670 pag.
885 3608 941 3665 972.
962 3610 1023 3658 Hac
1033 3611 1130 3658 virtute
1140 3608 1299 3671 (innocentia)

164 3690 193 3732 ut
209 3683 302 3746 aliquid
318 3681 483 3745 consequaris.
512 3682 627 3730 Lucilius
645 3685 711 3746 apud
753 3690 813 3737 dant
827 3690 981 3750 placantur,
1001 3689 1122 3737 inaneaaia
1139 3704 1213 3737 aram
1228 3690 1250 3737 si
1267 3693 1301 3737 te·

163 3763 278 3812 Lactant.
295 3761 329 3810 V.
346 3763 369 3810 9.
408 3764 490 3810 Verba
510 3763 572 3810 aare
592 3768 623 3810 at
639 3769 714 3813 caute
754 3769 813 3829 aaa
837 3781 937 3824 maara,
962 3781 1012 3814 aon
1035 3773 1165 3816 sumtuosa
1186 3768 1303 3816 blandior

161 3842 268 3904 possim,
282 3856 396 3904 papaare
412 3842 499 3898 dolose,
512 3842 713 3890 Blaadittacer·
754 3845 847 3906 boetii,
863 3846 970 3893 mollibit
986 3847 1102 3894 adversos
1118 3848 1235 3895 Percotes.
1253 3846 1301 3894 Ta·

165 3926 234 3981 tare,
250 3922 340 3968 emam
355 3922 477 3970 simulare
495 3923 579 3968 ciram
595 3936 628 3969 se.
662 3921 713 3969 Lu·
754 3939 811 3973 men
836 3938 886 3972 non
910 3924 984 3972 credo
1008 3939 1060 3973 esse
1084 3924 1197 3983 Horatii,
1221 3938 1302 3988 neque

164 4005 225 4047 eret.
242 3997 278 4045 11.
299 3999 337 4047 ll.
370 3999 476 4048 Cartare
492 4000 601 4062 inperito,
617 4006 714 4049 conten·
754 4003 869 4051 credebat
886 4002 999 4052 Guietus.
1031 4002 1090 4066 Ipsa
1110 4005 1232 4053 sententia
1248 4011 1302 4054 erat

165 4081 224 4127 dere
239 4079 379 4127 nobilitate.
412 4077 505 4141 Virgil.
523 4078 560 4127 11.
572 4079 660 4142 Eclog.
674 4081 715 4131 57.
756 4081 895 4141 notissima,
925 4081 1063 4131 aGraecis
1090 4083 1158 4132 varie
1178 4083 1303 4146 explicata

167 4158 239 4215 Nec,
264 4159 288 4206 si
312 4161 456 4208 maneribus
480 4164 571 4216 certes,
599 4162 715 4209 concedet
756 4168 781 4209 et
797 4160 885 4209 deinde
901 4176 916 4208 a
935 4160 1012 4223 poetis
1028 4161 1149 4210 Romanis
1167 4163 1302 4212 celebrata:

165 4237 245 4284 Ioles.
272 4235 368 4286 Statius
385 4237 408 4285 Ι.
426 4237 488 4286 Silv.
506 4239 530 4286 2.
548 4239 605 4290 247.
639 4240 717 4289 Nunc
757 4241 806 4289 vid.
832 4240 947 4303 Xenoph.
972 4240 1077 4289 Memor.
1104 4241 1211 4291 Socratis
1235 4241 1258 4290 1.
1278 4243 1302 4290 3.

165 4329 229 4376 opas
245 4316 351 4366 arcaea
367 4322 466 4367 certare
482 4319 566 4368 acca.
593 4318 650 4381 Ipse
665 4319 716 4368 Ho-
757 4319 897 4369 casaubon.
916 4319 947 4368 ad
964 4319 1044 4369 Persii
1071 4320 1123 4371 Sat.
1149 4320 1303 4373 111.7s.ct
