2916 5220
239 317 301 378 146
644 314 957 377 (JAltMlNUbl

420 501 528 564 liebus
554 501 704 584 angustis
730 500 897 564 aniniosus
923 507 1021 584 atque

419 603 527 668 Fortis
552 625 689 687 appare:
715 602 879 687 sapienter
903 602 989 666 idem
1041 665 1051 671 .

420 706 599 772 Contrahes
623 715 722 771 vento
746 707 886 771 nimium
911 706 1054 771 secundo

506 811 648 896 Turgida
670 811 751 875 vela.

239 922 374 986 alloquitur
402 923 523 985 citharam
553 922 692 986 Apollinis,
716 922 787 969 ouius
828 923 874 970 riv
891 921 1044 970 Ἀπόλλωνα
1068 926 1115 982 τῆς
1136 921 1236 986 χορείας
1257 922 1378 986 ἡγεῖσθαι

238 1002 346 1050 citharae
368 1003 502 1052 πείθονται
525 1001 545 1051 δ’
567 1002 648 1051 ἀοιδοὶ
666 1002 786 1064 σάμασιν.
828 999 984 1064 ἀρχόμενον,
1003 1001 1058 1048 τότε
1076 999 1155 1049 πλέον
1172 1000 1188 1059 ἢ
1207 1002 1333 1065 πρότερον
1350 1002 1378 1049 τὸ

239 1081 337 1131 Clarius
354 1081 451 1145 Appul.
469 1083 532 1131 Met.
545 1097 602 1145 pag.
615 1082 671 1133 427.
694 1083 788 1131 Macae
826 1078 904 1141 μέλος
925 1079 1065 1128 tertianam
1086 1081 1152 1143 ἦχον
1168 1078 1226 1128 τινά
1244 1080 1377 1143 παναρμό-

237 1176 294 1210 voce
310 1177 403 1211 canora
417 1163 595 1223 permeabant.
629 1163 719 1223 Apollo
729 1176 787 1209 can·
827 1175 885 1206 νιον
896 1156 952 1206 καθ’
963 1156 1099 1214 Ἑλικῶνος
1108 1156 1287 1220 ἐκπέμπουσιν.
1305 1157 1377 1205 Idem

239 1241 305 1288 tavit
321 1241 356 1288 ad
371 1241 505 1288 oitboram.
539 1238 589 1288 Ubi
606 1238 697 1287 similia
713 1253 786 1302 quao-
827 1249 884 1297 pag.
907 1235 972 1286 720:
1001 1233 1028 1282 '0
1054 1233 1187 1283 Ἀπόλλων
1212 1233 1318 1284 ἐπειδὰν
1344 1234 1379 1294 εἰς

239 1318 297 1365 dam
322 1318 450 1367 annotavit
475 1318 675 1380 Oudendorpius.
712 1319 787 1368 Adde
826 1312 902 1376 μέλος
922 1312 1019 1379 ἁρμόσρ
1043 1315 1091 1373 τὴν
1115 1315 1211 1378 λύραν,
1230 1316 1378 1380 separav-

239 1395 349 1445 Pausan.
374 1398 408 1446 V.
436 1398 473 1446 18.
511 1399 669 1458 Πεποίηνται
694 1395 719 1446 a
746 1397 787 1445 sai
827 1411 868 1441 rat
884 1394 931 1456 μέν
947 1394 1028 1442 αὐτὸν
1046 1393 1211 1456 πανταχόθεν
1226 1394 1378 1456 niblatam,

239 1473 346 1538 ᾄδουσαι
363 1479 478 1538 Μοῦσαι,
495 1477 537 1525 καὶ
554 1475 690 1525 Ἀπόλλων
714 1475 785 1540 &Erip-
827 1471 868 1518 καί
885 1473 960 1535 >topic
983 1491 1014 1536 fv
1035 1471 1100 1536 lopo
1122 1473 1245 1537 γίνονται·
1281 1471 1378 1536 GOgbV-

238 1572 293 1616 χων
315 1557 362 1613 τῆς
382 1552 459 1618 ιμ’δῆς,
480 1555 521 1603 καὶ
538 1555 623 1619 σφίσιν
640 1554 787 1618 ἐπίγραμμα
828 1551 963 1600 Praeterm.
980 1567 1037 1615 pag.
1055 1553 1095 1600 28.
1114 1552 1211 1600 volebat
1227 1553 1332 1602 attera
1342 1555 1378 1600 ia·

239 1631 387 1697 γέγραπται.
422 1632 548 1691 Λατοΐδας
560 1632 635 1691 οὗτος
646 1632 704 1697 τάχ’
720 1634 787 1688 ἅναξ
827 1637 927 1680 centem.

240 1709 357 1774 ἑκάεργος
374 1710 520 1761 Ἀπόλλων·
556 1715 657 1761 Μοῦσαι
682 1711 702 1760 δ’
728 1712 787 1778 ἀμφ’
863 1711 949 1758 Fortis
958 1726 1061 1773 appare.
1080 1710 1120 1760 Sis
1130 1709 1207 1759 sortia.
1216 1710 1276 1759 Vid.
1289 1710 1379 1758 Ruhn-

240 1789 320 1838 abrbv
346 1790 442 1855 χαρίεις
463 1791 553 1854 χορὸς,
584 1789 637 1839 αἷσι
661 1790 786 1856 κατάρχει.
828 1789 884 1838 ken.
902 1791 934 1837 ad
951 1790 1076 1838 Rutilium
1087 1789 1187 1852 Lupum
1196 1789 1217 1837 Ι,
1226 1804 1250 1851 p.
1258 1790 1297 1838 62.
1308 1790 1379 1838 Male

241 1867 306 1917 Stat.
326 1867 375 1916 VI.
399 1868 478 1917 Theb.
497 1869 554 1916 355.
581 1871 686 1917 Interea
709 1876 787 1919 canta
830 1868 983 1918 Scholiastae
1000 1872 1148 1930 obtempera.

240 1948 379 1996 Masaram
400 1949 479 1996 nobile
499 1949 611 1998 mulceres
634 1948 788 2011 Concilium,
864 1949 1005 1998 Contrabee
1029 1954 1102 1996 vento
1131 1949 1238 1996 naniam
1262 1951 1378 1997 secanda.

239 2029 400 2089 citharaeque
410 2042 500 2076 manae
510 2027 620 2077 innatas
630 2029 719 2089 Apollo
728 2030 788 2090 Spe·
832 2028 928 2076 Totum
942 2029 1025 2077 locum
1037 2027 1097 2075 citat
1108 2025 1270 2074 Hildebertus
1282 2026 1378 2075 Philos.

239 2110 333 2156 ctobat.
367 2108 493 2157 Himerius
511 2106 579 2157 Orat.
597 2123 654 2171 pag.
666 2108 722 2156 689.
735 2123 788 2156 sen·
829 2104 1301 2179 Moral.pag.979.sineullavarietate.
1320 2106 1379 2154 Imi-

240 2187 343 2234 tentiam
370 2201 455 2235 versus
478 2187 615 2237 Simonidoi
636 2188 671 2234 ita
691 2187 788 2237 retulit:
830 2194 898 2235 tatur
916 2187 1053 2235 Marbodus
1069 2185 1117 2247 Ep.
1138 2184 1158 2233 l.
1181 2184 1282 2233 Memor
1298 2187 1380 2246 ἐρίοιο·

240 2262 288 2313 Ἀεὶ
316 2268 363 2328 μὲν
388 2265 414 2313 ai
444 2268 545 2314 Μοῦσαι
570 2266 720 2331 χορεύουσι,
746 2269 789 2315 καὶ
828 2268 977 2316 calcatione
987 2263 1380 2326 hantonae,inlpetamsetaidae

240 2343 314 2406 φίλον
339 2344 391 2392 ἐστὶ
416 2349 472 2403 ταῖς
496 2347 581 2407 θεαῖς,
608 2346 636 2394 ἐν
661 2345 738 2410 ιμ’δαῖς
763 2363 789 2394 τε
828 2347 969 2394 iuventatis
985 2359 1119 2405 compesce,
1135 2342 1262 2405 etiaflata
1272 2343 1380 2391 nantium

241 2422 303 2468 εἶναι
325 2423 366 2470 eal
389 2423 533 2487 κρούμασιν.
558 2422 660 2472 ἐπειδὰν
677 2423 702 2472 δὲ
719 2423 789 2473 ἴδωσι
830 2425 950 2474 secandae
960 2423 1086 2485 fortunae
1103 2427 1174 2471 vento
1186 2422 1240 2470 nelo
1252 2424 1379 2472 contrahe.

725 2581 888 2603 -ψ-

639 2723 885 2787 CARMEN
935 2723 995 2787 XI.

423 2859 521 2968 Quid
541 2882 700 2949 bellicosae
728 2884 884 2949 Cantaber
911 2895 941 2950 et
964 2887 1108 2971 Septbes,

418 2988 560 3072 Hirpine
586 2987 713 3067 Quincti
719 3036 727 3070 ,
752 2993 875 3074 capitol,
900 2991 1032 3055 Hadria

404 3152 556 3202 GARMEN
574 3153 622 3201 XI.
827 3142 891 3190 quae
907 3128 1025 3176 orationis
1041 3130 1164 3186 castitate,
1184 3128 1322 3192 imaginum
1340 3146 1379 3178 va-

827 3213 926 3255 nustate
943 3221 1111 3270 sensuumque
1123 3209 1227 3256 veritate
1239 3223 1299 3270 prae
1313 3219 1378 3258 oete·

274 3249 400 3334 Carmen
416 3283 521 3332 Horatio
537 3283 675 3348 indignum.
698 3285 788 3332 Voluit
829 3286 861 3333 ris
879 3286 1107 3335 commendantur.”
1138 3287 1211 3336 Adeo
1227 3302 1316 3335 veram
1334 3298 1380 3344 est,

241 3362 331 3425 aliquis
347 3362 465 3426 experiri,
486 3362 545 3425 quid
566 3362 592 3410 in
612 3363 733 3412 imitando
750 3379 788 3411 ar·
829 3366 896 3427 quod
914 3365 1008 3413 addidit
1023 3366 1062 3413 vir
1073 3365 1279 3416 humanissimus:
1297 3367 1379 3424 “vide,

241 3450 360 3504 gumento
376 3443 482 3498 valeret,
503 3443 568 3505 quod
590 3443 679 3492 Graeci
695 3443 787 3492 Roma·
829 3459 904 3506 quam
929 3444 1026 3493 diversa
1049 3444 1099 3493 sint
1120 3445 1249 3492 hominum
1270 3446 1379 3508 palata.''

241 3521 315 3583 nique
331 3522 428 3583 poetae
454 3521 573 3569 Horatius
588 3523 732 3584 praecipue,
753 3522 789 3570 di·
831 3524 950 3588 Singulas
970 3524 1075 3573 rabones
1096 3538 1163 3573 meas
1180 3523 1219 3571 illi
1234 3525 1379 3574 examinare

241 3601 319 3648 versis
342 3599 421 3647 modis
445 3605 621 3649 tractaverunt.
663 3601 711 3651 Sed
737 3609 789 3650 tam
830 3618 880 3651 non
901 3605 1010 3661 vaeavit,
1034 3618 1114 3666 neque
1134 3617 1191 3650 eum
1212 3604 1315 3654 oonsilio
1334 3619 1379 3653 suo

241 3679 365 3736 ieiunum,
390 3684 441 3727 tam
467 3693 482 3726 a
506 3679 629 3728 suavitate
650 3686 674 3728 et
694 3681 791 3731 urbana
830 3689 884 3730 erat
899 3682 1067 3730 coniunctum.
1101 3681 1172 3742 Quae
1193 3683 1379 3742 animadvertit,

241 3757 286 3805 illa
296 3757 423 3806 hilaritate
432 3762 566 3816 remotum,
583 3757 646 3806 nihil
658 3761 723 3821 apud
734 3761 787 3810 Ηο-
830 3761 961 3810 annotabo.

241 3839 333 3886 ratium
357 3837 472 3900 legimus.
504 3837 539 3885 Et
558 3836 703 3887 universum
724 3840 790 3889 male
873 3842 984 3904 Hirpine
1012 3840 1123 3897 Qenneti.
1165 3842 1208 3890 Ad
1233 3841 1378 3902 Quinotium

242 3917 362 3965 cohaeret.
390 3917 456 3966 Sunt
468 3915 581 3974 laciniae,
592 3917 650 3964 hine
662 3918 719 3966 inde
732 3933 789 3967 eon·
830 3920 928 3983 scripsit
943 3919 1082 3982 Epistolam
1099 3919 1128 3967 16
1136 3918 1207 3967 Libri
1214 3919 1236 3968 Ι.
1260 3919 1288 3969 si
1301 3918 1379 3980 Quin-

242 3995 387 4046 sarcinatae.
422 3995 450 4047 Si
470 3994 596 4058 legeretur
611 4012 635 4043 v.
652 4011 673 4044 o.
691 3997 717 4044 in
734 3997 788 4046 An·
830 3998 894 4046 otius
904 3999 951 4047 iste
962 3996 1048 4046 fuisset
1058 4002 1141 4046 noster
1153 3997 1284 4060 Hirpinus,
1301 3998 1378 4045 dixis-

240 4073 302 4123 thol.
327 4076 479 4136 Burmanni,
500 4090 549 4124 non
574 4076 657 4124 addito
682 4078 789 4125 auctoris
830 4083 883 4125 sent
907 4077 996 4126 saltem
1022 4075 1179 4126 scholiastae.
1220 4077 1255 4125 Et
1280 4077 1380 4140 Hirpini

241 4154 352 4210 nomine,
373 4168 445 4203 nemo
462 4155 594 4217 antiquiori
611 4155 687 4203 alicui
704 4157 789 4219 po'e'tae
828 4156 854 4204 in
872 4161 944 4218 gente
961 4155 1080 4216 Quinctia
1097 4155 1179 4203 adhue
1194 4155 1274 4218 ignoti
1290 4164 1359 4204 sunt.

242 4231 367 4281 tribueret.
408 4233 563 4281 Meiuekius:
593 4234 717 4283 “Carmen
741 4235 788 4283 hoo
862 4237 969 4283 Hadria
995 4237 1102 4283 Divisae
1118 4236 1215 4284 obiecto.
1241 4235 1301 4285 Sive
1317 4237 1381 4285 ata·

242 4324 292 4357 non
306 4311 413 4359 diffiteor
428 4326 468 4360 me
481 4313 506 4360 in
518 4311 547 4358 iis
558 4327 654 4375 semper
665 4314 787 4374 habuisse,
829 4330 873 4364 saa
884 4313 974 4363 referas
986 4314 1016 4362 ad
1025 4314 1179 4376 Quinctium,
1187 4314 1239 4363 siae
1247 4315 1278 4363 ad
1287 4315 1379 4364 Cantu-
