2916 5220
635 314 952 378 CARMINUM

409 501 559 586 Pimplea
582 501 703 566 duleis!
751 502 808 565 Nil
832 502 902 566 sine
927 508 959 567 te
982 501 1047 566 mei

405 605 550 670 Possunt
572 605 719 669 honores.
769 605 868 670 Hune
891 605 1011 670 fidibus
1036 603 1148 685 novis,

453 708 552 772 Hune
576 707 694 773 Lesbio
719 729 844 773 sacrare
867 708 1002 793 plectro,

501 810 607 896 Teque
630 815 769 896 tuasque
792 811 885 876 decet
908 832 1040 876 sorores.

221 975 284 1022 quae
307 975 380 1008 suam
402 960 455 1023 ipsa
475 974 556 1008 rorem
576 959 663 1018 habet,
688 974 771 1008 none
810 959 925 1018 Μούσαις
938 960 1096 1024 ἁνατὶθεμεν.
1114 957 1360 1008 Himer‚0rat.VIl.

221 1038 322 1088 flumine
351 1039 445 1088 haurit.
488 1038 622 1089 Caeterum
650 1039 770 1102 exemplis
809 1054 834 1102 p.
844 1040 900 1088 516.
917 1038 962 1088 'iva
980 1038 1093 1096 ἁπαλοῖς
1109 1038 1144 1087 ἔτι
1161 1037 1265 1092 suavia
1280 1036 1362 1101 ὕμνον

221 1117 321 1180 hymni,
345 1133 389 1180 per
412 1132 526 1166 eoronam
548 1117 692 1180 significati,
709 1117 772 1168 adde
810 1119 843 1184 τῇ
860 1117 932 1166 πόλει
949 1116 1117 1180 σομπλέξωσι.
1135 1117 1195 1169 vid.
1212 1116 1359 1178 Harpocrat.

221 1202 347 1245 auctorem
364 1198 440 1246 Vitae
461 1197 564 1247 Homeri
584 1189 615 1259 ps
632 1198 687 1246 403.
714 1195 771 1246 Ἐν·
810 1197 836 1244 in
858 1211 918 1246 voce
939 1199 1082 1259 στεφανῶν,
1106 1201 1131 1243 et
1154 1194 1304 1256 Wesseliug.
1329 1195 1360 1243 αεὶ

221 1274 304 1322 uuila
326 1276 410 1338 καιρὸς
431 1275 589 1324 καταπαύειν
610 1277 656 1325 τὸν
679 1275 771 1341 λόγον,
811 1274 916 1323 Diodor.
935 1273 1011 1323 sicul.
1030 1273 1106 1324 XIV.
1123 1275 1162 1323 53.

221 1352 252 1398 ’ὀν
274 1351 378 1415 ὡσπερεὶ
400 1352 526 1418 στέφανον
542 1354 568 1403 ἐκ
584 1354 706 1420 λειμῶνος
725 1373 772 1403 πο·
847 1355 958 1402 Possunt
976 1355 1086 1402 honores.
1115 1352 1193 1403 MSS.
1209 1353 1282 1400 Voss.
1299 1367 1358 1414 pro·

221 1429 351 1487 λοανὲοῦς
369 1431 411 1480 καὶ
429 1432 545 1480 ποικίλου
560 1432 707 1494 πλέξαντες,
717 1437 774 1491 ταῖς
813 1434 873 1480 οἱοί.

709 1590 873 1613 4.-

562 1733 810 1800 OARMEN
856 1735 999 1800 XXVII.

400 1886 506 1970 Natis
532 1904 566 1968 in
589 1926 687 1969 usum
711 1903 856 1970 laetitiae
880 1903 1011 1991 scyphis

401 2010 571 2094 Pugnare,
596 2008 756 2072 Thracum
780 2013 838 2072 est.
887 2006 1005 2072 Tollite
1028 2007 1201 2072 barbarum

446 2113 590 2194 Morem,
614 2111 898 2195 verecundumque
923 2109 1089 2175 Bacchum

491 2213 688 2300 Sanguineis
711 2212 881 2297 prohibete
903 2212 992 2278 rixis.

407 2320 486 2384 Vino
509 2327 539 2383 et
562 2317 698 2383 lacernis
721 2316 836 2381 Medus
858 2320 1002 2382 acinaces
1042 2379 1046 2386 .

398 2424 538 2488 Ιοοαοαοο
561 2430 710 2506 quantam
733 2419 916 2504 discrepat!
961 2421 1099 2505 [mptum

442 2526 554 2589 Lenito
577 2523 756 2604 οἰαοοοοοοο,
781 2521 921 2603 sodales,

488 2629 534 2691 Et
558 2625 657 2691 cubito
680 2634 836 2690 remanete
852 2646 977 2709 presso.

397 2729 509 2794 Vultis
534 2729 637 2794 severi
659 2750 712 2793 me
736 2748 863 2813 quoque
887 2749 1013 2793 sumere

400 2831 532 2897 Partem
557 2831 709 2896 Falerni?
733 2831 822 2896 dieat
846 2830 1011 2916 Opuntiae

446 2934 560 2999 Frater
583 2934 754 3018 Megillae,
779 2956 843 3020 quo
866 2934 982 2999 beatus

487 3037 649 3119 Vulnere,
675 3059 739 3123 qua
762 3043 874 3122 pereat
897 3038 1028 3122 sagitta.

403 3139 519 3204 Cessat
541 3140 718 3205 voluntas?
741 3162 807 3204 non
831 3139 896 3204 alia
919 3141 1031 3205 bibam

350 3303 502 3354 CARMEN
519 3303 636 3353 XXVH'
808 3281 831 3323 et
848 3276 924 3325 verba
935 3284 1040 3338 spectes,
1057 3276 1145 3324 eoloris
1156 3290 1206 3324 non
1218 3276 1357 3327 Horatiani.

807 3356 842 3403 Et
858 3355 954 3418 poculis
976 3368 1088 3417 pugnare
1113 3360 1227 3417 poterant
1252 3355 1357 3405 Romani

253 3402 309 3487 N
303 3439 354 3483 atis
378 3438 406 3484 ta
427 3450 500 3484 usum
522 3436 636 3483 loetitiae
656 3435 765 3496 scyphis.
808 3434 833 3481 in
851 3434 977 3489 convivio,
994 3435 1053 3496 quia
1069 3433 1160 3496 poeula
1176 3434 1291 3495 aderant,
1304 3437 1357 3498 gla-

220 3515 300 3564 Uuiee
317 3515 348 3562 ad
365 3529 439 3562 usum
460 3514 582 3570 laetitiae,
603 3527 652 3561 uon
675 3514 706 3561 ad
723 3528 767 3576 pu·
809 3513 854 3561 diis
871 3528 921 3561 non
938 3519 1063 3575 poterant,
1080 3514 1137 3576 quia
1154 3528 1227 3562 nemo
1243 3515 1357 3563 habebat.

221 3592 357 3654 gnandum.
396 3592 535 3642 Commeat.
562 3592 638 3654 Cruq.
666 3594 701 3640 ud
725 3595 768 3641 hoe
809 3590 959 3641 Conuiuium
967 3598 1033 3642 reete
1043 3607 1087 3655 per
1096 3591 1185 3640 vinum
1196 3593 1358 3656 significatur,

220 3672 365 3734 specialiter
392 3672 500 3720 inventis
527 3677 553 3720 et
574 3671 666 3734 suetis.
713 3671 767 3722 Sic:
810 3671 892 3719 minus
917 3677 982 3718 reete
1008 3685 1052 3733 per
1076 3671 1203 3729 lucernas,
1227 3673 1276 3720 nisi
1292 3673 1355 3721 indi-

221 3752 319 3799 animal
325 3756 429 3814 propter
437 3751 550 3798 convivia
563 3754 660 3798 mrum.
686 3750 768 3799 Lucil.
809 3763 865 3796 care
882 3749 943 3799 velis
954 3749 1018 3798 illud
1030 3765 1073 3814 per
1084 3766 1165 3800 seram
1175 3757 1273 3801 noctem
1285 3741 1356 3800 trahi.

221 3829 321 3878 Iudicia
338 3829 463 3877 Hortensi
479 3834 515 3876 est
531 3831 566 3877 ud
576 3845 631 3877 eam
642 3845 694 3878 rem
706 3835 769 3879 natu
809 3825 864 3874 Iam
886 3827 984 3890 gladius
1005 3843 1083 3892 aeque
1104 3829 1226 3892 discrepat
1243 3845 1259 3878 a
1274 3831 1357 3879 eonvi-

220 3909 360 3969 puluestra.
385 3908 462 3957 Reate
478 3906 527 3956 ille.
540 3907 615 3955 Prius
626 3908 769 3970 exemplum
810 3907 850 3955 vio
867 3908 934 3956 brevi
951 3915 1026 3972 atque
1042 3909 1167 3957 diuturno.

221 3987 290 4048 petiit
301 4002 333 4036 ex
343 3987 470 4036 Iuvenale.
482 3985 613 4036 Caeterum
626 3986 688 4035 conf.
701 3987 768 4036 Cart.
845 3986 933 4035 Cessat
949 3989 1071 4036 voluntas.
1105 3986 1207 4050 Optima
1223 3986 1300 4037 MSS.
1319 4004 1357 4035 uo

221 4067 252 4114 ad
275 4066 389 4116 Sallustii
407 4066 522 4129 Iugurth.
540 4067 579 4114 31.
597 4074 620 4114 et
639 4067 767 4115 llralrenb.
810 4067 908 4128 lupius,
927 4067 1001 4115 etiam
1018 4080 1128 4113 unume
1150 4065 1253 4121 uostris,
1274 4064 1357 4111 addita

222 4147 253 4193 ad
271 4146 315 4195 Sil.
333 4146 390 4194 Ital.
409 4146 458 4194 III.
477 4146 534 4193 335.
810 4144 892 4208 glossa
908 4143 1115 4193 bibendiseilieet.
1149 4144 1184 4192 Et
1199 4143 1245 4191 hoe
1257 4157 1356 4191 servan-

259 4228 322 4272 Vino
344 4231 368 4273 et
393 4227 502 4273 tricornis
528 4225 621 4273 Medus
646 4226 767 4274 acinaces.
810 4224 869 4270 durn
894 4222 1012 4282 arbitror,
1037 4223 1110 4270 modo
1133 4223 1202 4271 loeus
1227 4223 1358 4270 universus

221 4303 334 4352 Variatio
351 4303 483 4351 sententiae
500 4303 679 4365 praecedentis:
697 4302 768 4352 sires
811 4303 845 4351 ita
869 4309 1021 4366 exponatur:
1047 4301 1107 4350 Fuit
1136 4302 1184 4350 hoe
1213 4302 1356 4350 convivium
