2916 5220
636 301 953 364 (iriHMINUM

418 488 484 552 iarn
512 487 673 551 Daedaleo
697 487 784 550 oeior
808 488 899 550 learo

410 590 525 655 Visam
548 590 713 675 gementis
737 590 835 654 litora
859 589 996 673 Bospori

459 694 635 779 Syrtesque
659 693 833 774 Gaetulas,
858 713 998 757 canorus

504 798 600 889 Ales,
626 797 918 881 Hyperboreosque
941 816 1083 880 campos

414 902 468 966 Me
491 902 631 967 Colchus
664 908 714 983 et,
739 900 795 986 qui
819 899 1009 964 dissimulat
1031 907 1157 964 metum

415 1007 543 1071 Marsae
566 1005 735 1088 cohortis,
764 1005 872 1069 Dacus
897 1007 930 1068 et
952 1003 1064 1069 ultimi

459 1109 606 1174 Noscant
631 1108 766 1190 Geloni,
791 1130 844 1171 me
866 1107 992 1193 peritus

505 1212 618 1278 Diseet
642 1213 716 1277 Iber
739 1211 954 1296 Rhodanique
976 1216 1080 1296 potor.

271 1390 330 1436 lum
352 1390 480 1438 Daedaleo
501 1390 567 1438 oriar
583 1390 668 1438 Icaro.
698 1387 784 1437 lectio
825 1387 891 1448 quod
907 1392 945 1436 est
961 1388 1001 1435 trie
1014 1387 1126 1434 Aratus:
1143 1398 1202 1433 nam
1213 1385 1246 1433 ab
1258 1385 1378 1447 ee,quod

237 1472 354 1530 eorrupta
376 1474 401 1515 et
423 1474 502 1517 metro
523 1468 637 1524 adversa,
655 1466 701 1514 nisi
721 1467 784 1515 reiis
825 1467 920 1515 estleia
945 1468 1040 1522 Arabs,
1063 1464 1108 1512 hoe
1129 1464 1226 1522 Arabe,
1248 1465 1379 1512 :trabibus

237 1547 366 1595 admittere
383 1546 479 1594 hiatum
495 1545 568 1594 valde
585 1545 683 1592 durum.
706 1543 783 1593 MSS.
826 1542 894 1592 feeit:
913 1543 978 1591 sieut
995 1545 1108 1592 Hiberis.
1133 1541 1209 1592 Unde
1225 1548 1263 1590 est
1278 1544 1304 1591 in
1322 1544 1376 1592 Lu·

238 1623 329 1673 liabent
354 1625 466 1687 veiorque
487 1629 511 1672 et
528 1625 617 1671 notior.
650 1624 725 1672 Ocior
745 1623 782 1670 vi·
826 1636 888 1669 eane
905 1622 940 1671 ΙΙ.
958 1623 998 1670 54.
1024 1623 1142 1671 Occurrit
1158 1623 1296 1670 Hiberibns
1309 1624 1379 1669 alter

238 1703 302 1750 disse
321 1702 419 1751 videtur
435 1701 784 1764 auetorsuppositorumAm·
825 1708 850 1750 et
868 1704 987 1749 Hiberus.
1021 1700 1088 1748 Nam
1112 1699 1232 1748 Horatius
1257 1697 1324 1746 dixit
1341 1697 1379 1747 11.

238 1781 363 1843 phitryoni
389 1779 515 1828 Plautino.
554 1781 614 1827 Nan
638 1781 706 1828 orins
731 1782 784 1841 qui·
825 1781 865 1827 20.
879 1780 962 1828 Direet
975 1781 1089 1827 Hiberus
1101 1779 1267 1840 Rhodanique
1275 1777 1379 1839 pator.'‘

237 1861 274 1914 ui,
292 1861 315 1907 si
332 1875 370 1906 rue
388 1860 525 1907 Doederlein
537 1860 650 1907 tulissem
665 1860 784 1920 rernipa'ir.
827 1859 876 1908 Sed
894 1873 943 1907 nan
960 1858 996 1905 ita
1012 1857 1037 1905 in
1054 1857 1160 1906 Horatio
1180 1871 1226 1904 suo
1242 1856 1303 1918 legit
1322 1856 1380 1906 Ser·

238 1939 366 1987 Bentleius
383 1938 480 1985 coniteit
497 1939 586 1993 tutior,
603 1937 646 1985 alii
661 1940 785 1998 attentior,
826 1938 889 1985 rins.
914 1937 982 1984 Eum
1004 1951 1018 1983 a
1039 1936 1135 1984 mendis
1156 1936 1317 1984 librariorum
1343 1937 1380 1984 ita

238 2019 459 2077 castrametetur.
485 2016 617 2075 Horatius,
638 2023 709 2079 puto,
727 2016 784 2063 seri·
818 2017 970 2071 liberemus:
993 2016 1081 2066 “Sicut
1103 2018 1225 2064 Hiberus:
1250 2016 1319 2064 unde
1341 2023 1379 2064 est

239 2097 298 2158 psit:
328 2099 387 2144 Iam
412 2097 540 2144 Daedaleo
562 2097 684 2144 audacior
701 2097 784 2145 Ieuro.
828 2096 853 2142 in
877 2097 980 2144 Lucano
1005 2095 1097 2143 1120.
1126 2096 1246 2144 Occurrit
1272 2097 1380 2144 Hiberis

238 2175 269 2223 In
283 2174 377 2237 optimo
386 2172 463 2223 MSS.
473 2175 587 2223 Leidensi
600 2183 637 2224 est
646 2178 785 2224 Daedalea.
828 2175 910 2221 Alter.
923 2173 958 2220 Et
967 2174 1061 2221 Hiber:
1072 2187 1131 2220 nam
1142 2173 1262 2222 Horatius
1271 2173 1378 2221 dixitII.

240 2253 322 2315 Supra
337 2254 436 2304 literam
448 2269 562 2302 amanus
570 2254 691 2303 recentior
704 2253 785 2316 pinxit
827 2252 867 2300 20.
890 2254 977 2300 Discat
996 2254 1078 2299 Hiber
1095 2254 1263 2315 Rhodanique
1277 2253 1377 2315 pator.''

238 2349 259 2382 a.
272 2335 402 2383 Daedalea
418 2335 445 2382 in
456 2333 532 2383 MSS.
550 2335 633 2382 venire
645 2334 687 2382 vix
698 2335 785 2396 potnit,
828 2329 946 2378 Perverse
963 2329 1037 2378 etiam
1048 2331 1074 2377 in
1085 2330 1256 2379 Vocabulario
1266 2332 1379 2380 Nestoris

238 2412 286 2460 nisi
296 2427 345 2461 vox
354 2427 458 2476 sequens
471 2428 487 2460 a
497 2412 571 2460 simili
580 2413 652 2461 litera
659 2413 784 2475 inciperet.
827 2424 860 2457 ex
876 2410 981 2458 Horatio
996 2411 1087 2458 citatur
1104 2412 1223 2459 Hiberiae.
1241 2411 1379 2461 Caeterum

239 2491 269 2538 ln
279 2491 456 2541 faetoDaedali
464 2492 559 2541 etIeati
567 2492 698 2555 praecipue
707 2494 785 2540 arida·
829 2490 890 2538 Iber
906 2504 955 2537 non
967 2490 1094 2552 eleganter
1105 2489 1140 2537 ita
1150 2490 1264 2539 absolute
1279 2493 1380 2554 peritus

239 2571 786 2634 eineemebatur.Atrdaaiaoptimeeonrenit
828 2568 979 2630 appellatur,
1002 2568 1061 2631 quia
1088 2583 1120 2617 ex
1147 2583 1231 2617 rerum
1256 2571 1381 2618 sententie

240 2663 297 2696 eum
307 2650 407 2710 ingenio
415 2650 539 2698 carminis.
557 2651 649 2713 Virgil.
661 2651 785 2699 V1.Aen.
828 2661 877 2695 non
895 2653 1008 2709 apparet,
1026 2647 1096 2694 euius
1112 2648 1147 2696 rei
1162 2648 1194 2695 sit
1204 2648 1304 2710 peritus.
1322 2649 1380 2697 Hoc

243 2727 279 2774 lt.
289 2726 431 2786 Daedalus,
446 2730 607 2790 praepetibus
615 2730 787 2789 penntsansnr
829 2728 906 2775 movit
921 2725 1121 2783 Broukhusium,
1138 2732 1166 2773 ut
1182 2725 1275 2788 legeret
1288 2742 1379 2788 perus·

239 2821 266 2853 re
281 2807 383 2854 eredere
398 2808 468 2855 eaelo.
503 2804 575 2855 Orid.
593 2806 628 2853 11.
650 2807 707 2854 Art.
726 2807 786 2855 Am.
830 2812 883 2863 tue,
895 2805 1072 2853 Burmannum
1081 2808 1188 2867 petitur,
1202 2805 1297 2853 seilicet
1309 2809 1379 2855 bella.

240 2883 280 2930 22.
308 2886 436 2932 Arrdaeem
451 2887 540 2946 ‚terente
557 2885 652 2945 reperit
660 2886 704 2932 ute
712 2887 785 2933 aiunt.
828 2884 990 2931 Burmannus
998 2883 1079 2930 minor
1087 2890 1186 2946 propter
1195 2883 1300 2932 eandem
1309 2899 1380 2934 cans

241 2962 288 3010 IV.
307 2963 409 3010 Metam.
423 2963 478 3011 699.
496 2966 544 3010 atis
562 2965 694 3011 Aetherius
710 2979 787 3011 niteris
830 2978 883 3010 sam
899 2963 1007 3011 correxit
1023 2962 1136 3024 Propert.
1146 2963 1167 3010 Ι.
1184 2963 1207 3011 9.
1220 2963 1244 3013 7.
1270 2965 1318 3013 Me
1334 2967 1378 3012 do·

240 3044 343 3091 iactatis
359 3043 397 3090 ire
411 3059 457 3105 per
474 3059 558 3090 rrrrrrts.
583 3042 660 3090 VIII.
683 3043 786 3092 Metam.
830 3043 868 3090 lor
885 3048 909 3088 et
927 3045 1054 3104 lacrymae
1065 3044 1152 3090 merr'ta
1162 3043 1248 3104 secere
1256 3044 1379 3103 peritura.

241 3122 297 3170 223.
328 3122 393 3170 Cum
407 3137 472 3185 puer
488 3122 788 3182 arrdneieoepitqnudere
831 3121 880 3170 Sed
897 3122 931 3169 ibi
950 3122 1043 3184 optime
1067 3120 1216 3184 intelligitur
1231 3123 1330 3183 peritus
1347 3137 1380 3170 ex

241 3204 335 3250 uolatu.
354 3200 456 3250 XVIII.
478 3199 578 3248 Heroid.
596 3200 636 3251 47.
656 3201 732 3248 li'nne
744 3202 786 3247 dn·
830 3201 955 3263 superiore
979 3215 1064 3248 versu:
1100 3203 1159 3248 Nan
1183 3216 1222 3248 me
1250 3199 1381 3250 Chaoniae

241 3289 281 3329 ret
307 3284 414 3330 rrudaees
441 3282 540 3328 utinam
569 3281 632 3327 rnilai
657 3281 788 3327 Daedalus
829 3282 932 3328 uirtcrmt
957 3281 985 3326 ia
1010 3294 1094 3327 amare
1112 3279 1239 3326 columbae
1273 3279 1380 3341 Dicere,

242 3363 303 3408 atris.
334 3359 379 3409 Sil.
408 3360 465 3407 Itul.
492 3359 556 3407 XII.
581 3359 621 3406 92.
656 3359 788 3406 Aetherius
829 3374 889 3420 qnos
914 3361 1013 3406 iuuenes
1040 3372 1151 3420 quaeque
1179 3357 1265 3416 puella
1289 3358 1381 3405 dorset.

241 3441 324 3487 reltenn
341 3441 427 3486 tallere
437 3441 462 3485 in
475 3453 553 3485 aurae
567 3438 651 3485 tiresus
662 3451 689 3486 se
697 3452 787 3498 pererra.
831 3437 883 3484 Par
899 3436 949 3484 fere
965 3437 1028 3484 ratio
1038 3442 1076 3483 est
1087 3437 1112 3483 in
1124 3434 1238 3483 omnibus
1248 3436 1380 3499 exemplis,

243 3516 337 3565 Seneca
353 3515 438 3578 Oedip.
455 3517 513 3567 907.
538 3517 642 3577 Icariis,
653 3530 730 3564 eorrrer
741 3532 785 3562 rrrr·
831 3531 894 3580 quae
911 3516 958 3563 viri
973 3515 1054 3572 (loeti,
1071 3516 1102 3563 de
1118 3514 1164 3563 hoe
1180 3530 1230 3562 usu
1249 3515 1379 3577 disputan·

241 3596 313 3643 duris
329 3598 391 3644 stae.
409 3594 537 3642 Ausonius
545 3595 624 3658 Epist.
636 3596 673 3642 19.
692 3596 788 3642 Arrana
830 3603 878 3652 tes,
895 3595 1061 3656 collegerunt,
1082 3595 1218 3642 Torrenius
1237 3595 1270 3641 ad
1292 3593 1379 3643 Valet.

243 3676 329 3722 Ieario
345 3674 460 3736 arriserit
475 3676 577 3722 nentina
587 3680 670 3736 pereto.
688 3672 787 3721 Paulin.
831 3677 900 3724 Max.
919 3675 940 3723 1.
965 3676 985 3724 l.
1010 3676 1149 3723 Burmann.
1171 3674 1203 3722 ad
1224 3674 1335 3722 Phaedr.
1356 3675 1378 3722 Ι.

243 3752 328 3800 Poim.
345 3769 362 3816 p
386 3753 425 3801 28.
451 3753 546 3799 Audax
560 3753 647 3800 Ieario
665 3754 709 3814 qni
721 3752 789 3814 feeit
830 3755 891 3803 Fab.
908 3757 948 3804 23.
974 3753 1164 3817 Oudendorpius
1181 3755 1213 3802 ad
1229 3754 1331 3804 Caesar.
1347 3755 1379 3804 B.

243 3834 345 3880 rrarrtiua
369 3837 451 3893 ponto.
494 3829 566 3891 Quod
594 3831 626 3876 ad
646 3831 741 3878 hiatum
762 3831 787 3877 in
807 3820 810 3861 Ῑ
830 3834 885 3883 Cir,
904 3836 924 3883 I.
942 3836 982 3883 85.
1003 3841 1027 3882 et
1048 3833 1124 3882 Hirtii
1140 3835 1172 3882 B.
1188 3832 1245 3883 Afr.
1266 3848 1319 3896 cap.
1336 3835 1378 3883 31.

243 3912 373 3960 Daedaleo
391 3913 465 3966 oriar,
482 3910 642 3957 Hermannus
660 3910 684 3957 in
702 3911 784 3959 Elem.
830 3912 936 3973 Quande
952 3917 1054 3974 peritur
1071 3912 1182 3961 absolute
1196 3913 1255 3975 poni
1271 3913 1379 3970 ridetur,

243 3989 331 4038 Doetr.
348 3991 467 4039 Metricae
483 3989 567 4036 docuit
577 4003 629 4038 esse
639 3990 787 4052 legitimum.
830 3998 858 4038 ut
874 4007 898 4039 r.
915 4006 936 4039 e.
956 3993 1022 4054 apud
1040 3992 1147 4040 Phaedr.
1162 3992 1183 4040 Ι.
1194 3992 1257 4040 Feb.
1268 3993 1310 4040 23.
1328 3994 1380 4040 Re·

242 4067 365 4117 Indiearit
382 4069 503 4118 Moserus
829 4077 902 4132 pente
918 4074 1043 4128 liberalis,
1058 4074 1144 4120 stultis
1159 4077 1313 4133 pretereat,
1335 4073 1379 4119 Ve-

277 4146 322 4195 Me
330 4150 431 4208 peritus
447 4150 531 4196 Diseet
544 4150 613 4196 Iber.
633 4148 738 4198 Servius
756 4149 787 4196 ad
830 4167 886 4198 rrrrn
903 4153 996 4212 peritis
1016 4154 1104 4199 irritas
1126 4153 1207 4199 tendit
1223 4153 1301 4199 datas:
1327 4164 1379 4197 non

243 4223 306 4272 VII.
324 4225 391 4273 Aen.
401 4226 459 4274 605.
472 4227 595 4275 tratura
609 4235 714 4287 parant,
727 4229 787 4275 haec
830 4229 980 4292 intelligitur
994 4231 1029 4278 rei
1042 4231 1146 4278 alieuius
1161 4230 1268 4292 peritus,
1280 4229 1323 4277 sed
1340 4245 1379 4277 re·

244 4304 382 4352 annotarit:
410 4305 474 4352 “Hie
495 4305 594 4354 datin-ns
616 4307 730 4355 venit-ab
747 4322 787 4364 eo,
829 4326 895 4368 rrrm,
911 4311 977 4371 quod
991 4317 1016 4356 et
1031 4324 1103 4371 saepe
1119 4310 1227 4365 additur,
1244 4302 1379 4371 manere·
