2916 5220
541 319 714 385 LIBER
759 322 804 383 Il.

375 504 568 586 Sadalam,
592 508 656 570 uisi
679 507 809 570 Faunus
834 509 924 570 iatum

282 610 412 674 Deatra
435 608 580 690 levasset,
604 609 843 674 Mercurialium

288 713 399 778 Crustas
421 717 566 778 virerum.
615 711 759 776 Reddere
781 717 921 777 uictimas

274 882 277 887 ,
327 815 503 901 Aedemque
525 818 657 880 uotiuum
679 825 843 880 maueuto:

371 921 441 983 Nos
463 917 605 983 tumitem
616 917 775 1003 feriemus
797 941 919 1004 apuam.

136 1088 241 1134 Faunus
257 1086 335 1134 ictum
353 1085 457 1131 Dextra
469 1082 580 1129 levasset.
600 1081 646 1128 Le·
689 1079 749 1127 adeo
771 1087 800 1127 ut
824 1081 931 1129 amitam
951 1083 1002 1129 sats
1027 1082 1134 1144 querelis
1155 1082 1238 1129 exani-

101 1170 185 1212 eueset
201 1177 246 1226 pro
263 1162 403 1210 auertisset.
421 1158 516 1209 Contra
532 1166 648 1206 naturam
688 1166 779 1218 maret,
810 1168 878 1208 certo
907 1161 953 1209 sibi
985 1176 1038 1211 esse
1068 1161 1238 1209 moriendum?

101 1243 175 1290 vocis.
210 1243 303 1291 Mirum
321 1253 418 1303 quoque
435 1239 474 1286 hio
491 1238 648 1286 salutemtri·
689 1237 773 1298 Quare
790 1239 910 1287 Horatius
930 1240 1012 1288 feriret
1030 1243 1136 1301 agnam?
1170 1240 1239 1288 Mae-

101 1322 146 1369 bui
167 1322 268 1377 Fauno,
289 1321 314 1367 in
340 1318 449 1366 carmine
473 1316 526 1378 ipso
547 1317 578 1364 de
602 1316 649 1363 hoc
688 1319 768 1365 cenati
792 1318 902 1366 nondum
932 1319 1048 1366 restituta
1080 1316 1238 1365 valetudine?

101 1414 162 1447 casu
178 1398 271 1446 arboris
288 1398 323 1446 Π.
341 1397 378 1444 13.
395 1395 492 1443 nullam
509 1395 562 1445 fieri
579 1409 647 1443 men·
689 1396 733 1445 An
751 1398 809 1459 quia
824 1397 876 1458 ipsa
892 1396 965 1454 olim,
987 1397 1075 1445 Fauno
1097 1396 1174 1443 ictum
1201 1410 1238 1442 ar-

101 1479 193 1526 tionem
210 1477 300 1532 Fauni,
318 1473 475 1524 erinnis
499 1481 649 1522 servatorem
689 1474 753 1522 boris
783 1481 921 1532 avertente,
944 1481 1056 1522 servatus
1081 1477 1150 1521 erat?
1190 1472 1239 1522 Sed

101 1555 222 1618 appellari
238 1557 363 1604 Liberum.
689 1554 735 1601 hoo
765 1552 846 1603 facere
873 1553 986 1602 solebant
1022 1553 1075 1614 ipso
1109 1552 1147 1599 die
1183 1552 1237 1600 red-

135 1637 249 1684 Reddere
264 1635 387 1682 ammireus.
418 1631 501 1692 Quare
518 1631 649 1680 Maecenas
689 1632 755 1679 ditae
787 1631 874 1679 salutis
911 1637 1056 1680 revertente.
1098 1630 1157 1679 viu.
1188 1628 1239 1677 III.

101 1713 229 1770 redderet,
254 1713 296 1775 qui
313 1713 386 1760 etiam
407 1711 492 1758 morbo
508 1710 649 1768 laborabat,
667 1756 671 1769 ,
689 1711 773 1761 Carm.
790 1711 814 1758 8.

587 1880 749 1903 ψ

451 2038 698 2104 OARMEN
745 2039 872 2103 XVIII.

277 2199 363 2282 Non
387 2216 465 2281 ebur
488 2237 592 2301 neque
615 2237 748 2280 aureum

322 2320 397 2384 Mea
419 2319 546 2400 renidet
568 2319 604 2382 in
628 2318 725 2383 domo
748 2318 898 2383 lacunar:

277 2421 353 2485 Non
376 2421 483 2485 trabes
508 2419 699 2504 Hymettiae

324 2525 484 2588 Premunt
506 2524 675 2588 columnas
699 2522 819 2587 ultima
841 2523 960 2589 recisas

277 2604 405 2708 Africa,
430 2649 533 2711 neque
556 2626 664 2690 Attali

322 2730 461 2814 ignotus
485 2730 597 2794 haeres
621 2729 745 2814 regiam
769 2732 941 2815 occupavi,

243 2926 394 2977 CARMEN
412 2927 514 2976 XVIII¹
690 2914 777 2962 praees
806 2905 907 2948 crustae
929 2899 1050 2961 feceruut
1076 2900 1239 2948 trutinatorem

683 2978 859 3040 frugalitatis.

132 3023 218 3106 Μοα
229 3059 326 3106 renidet
337 3059 365 3106 iu
376 3060 445 3106 dorna
457 3059 571 3107 lacunar.
594 3057 648 3107 Ste·
731 3059 790 3105 Nou
815 3059 898 3105 trater
923 3057 1078 3118 Hymettiae.
1122 3054 1239 3104 Marmor

97 3137 196 3199 pharius
213 3134 289 3183 talem
305 3135 437 3184 lectionem
450 3135 524 3183 vidit:
543 3134 610 3185 ntea
621 3138 648 3183 iu
693 3137 858 3194 Thebaicum,
874 3135 961 3182 dicunt
977 3134 1046 3182 Acro
1063 3140 1087 3181 et
1099 3134 1238 3184 Commeat.

98 3217 202 3264 aeditua
217 3215 282 3264 uitet
299 3217 412 3264 lacunar.
447 3214 590 3262 Istiusmodi
607 3230 647 3261 va·
689 3213 765 3277 Cruq.
800 3213 849 3262 Sed
865 3213 999 3275 legendum
1016 3219 1065 3269 est,
1086 3214 1157 3260 utin
1174 3213 1239 3261 Por·

98 3293 228 3352 riationas,
254 3308 269 3340 a
293 3293 400 3341 librariis
421 3292 510 3350 factas,
532 3307 603 3355 saepe
624 3300 648 3340 et
688 3293 820 3355 phyriona,
839 3292 983 3340 Achaicum.
1014 3291 1138 3339 Nonnulli
1155 3306 1238 3340 recen·

31 3370 200 3419 „Aulin
229 3371 307 3434 potitis
336 3371 549 3433 deprehendimus.
582 3369 647 3418 Vul-
689 3372 762 3419 tiores
774 3371 840 3418 hunc
851 3384 959 3418 errorem
974 3370 1048 3418 latius
1060 3377 1238 3432 propagarunt,

146 3464 161 3501 ι
190 3448 325 3512 elegantior
356 3455 380 3498 et
404 3449 508 3512 probata
528 3451 646 3512 quodam·
689 3449 805 3498 addentes
823 3464 920 3512 quoque
937 3449 1010 3496 luisse
1026 3448 1123 3496 candidi
1140 3448 1238 3496 coloris.

135 3527 173 3577 do
190 3528 221 3575 ab
238 3527 351 3577 Arnobio
368 3527 415 3576 VI.
433 3543 489 3591 pag.
511 3529 564 3576 191.
587 3529 648 3577 Stat
689 3526 785 3576 ColorIs
807 3529 936 3577 diversitas
957 3543 997 3577 eos
1019 3528 1068 3576 alia
1089 3529 1174 3576 docere
1196 3542 1237 3591 po-

125 3623 156 3670 po
177 3610 236 3657 baec
256 3610 314 3656 ticet
333 3623 365 3656 aa
381 3609 486 3656 niolitus
504 3610 648 3656 ruarruoreir
687 3613 776 3655 tuerat.
805 3608 872 3656 Nam
889 3623 999 3657 marmor
1017 3611 1178 3674 Hymettium
1195 3623 1238 3657 seu

97 3691 215 3747 eructa,
245 3687 406 3748 laquearibus
440 3693 486 3734 aut
515 3689 647 3736 renideant
688 3687 827 3735 Achaicum
861 3686 977 3748 (Graecia
1010 3695 1070 3735 tunc
1111 3688 1238 3735 dicebatur

97 3768 190 3814 aureis.
213 3765 501 3815 SenecaadHelvidiam
515 3767 552 3814 10.
581 3767 646 3824 Quo-
688 3766 795 3829 Achaia)
816 3773 870 3814 erat
890 3767 988 3814 candidi
1009 3766 1111 3823 coloris,
1135 3768 1237 3813 Thebai-

96 3858 156 3891 rum
184 3848 251 3892 tecta
279 3845 389 3892 mudum
416 3859 479 3892 auro
497 3843 646 3907 fulgebant,
687 3860 759 3903 cunt,
785 3860 817 3894 ex
843 3847 974 3908 Aegypto,
1000 3847 1066 3907 nigri
1091 3844 1130 3893 vel
1156 3843 1236 3892 terrei.

96 3936 203 3983 quorum
224 3923 319 3984 tempta
337 3924 447 3970 umidum
463 3926 564 3986 genimis
580 3927 645 3972 uite·
688 3923 820 3973 Caeterum
850 3923 980 3972 marmoris
1006 3926 1112 3972 Aetatei
1140 3921 1236 3969 nullam

96 4003 165 4049 tant.
200 4001 249 4050 Ubi
273 4015 287 4049 e
309 4000 385 4050 MSS.
407 4003 496 4050 nostris
513 4003 647 4065 legendum
689 4003 755 4064 apud
776 4009 870 4050 veteres
887 4002 1019 4064 scriptores
1036 4001 1118 4049 inveni
1134 3999 1236 4048 mentio-

95 4080 249 4128 renidetuut.
279 4078 380 4127 Hieron.
402 4080 480 4142 Epist.
501 4083 541 4129 34.
576 4084 647 4132 Auro
688 4096 757 4137 nem,
783 4095 862 4143 neque
884 4080 949 4142 apud
971 4077 1129 4136 recentiores,
1147 4078 1237 4141 quide

95 4157 228 4219 splendent
245 4159 384 4219 laquearia.
402 4157 646 4219 QuinetiI.Declam.
688 4159 852 4208 marmoribus
881 4159 1014 4221 scripsere,
1043 4157 1236 4220 Caryophilum‚

97 4235 146 4284 IX.
167 4236 203 4286 17.
241 4237 298 4284 Nou
322 4251 360 4285 me
385 4244 480 4286 astrata
501 4240 645 4302 lemmata,
688 4239 857 4301 Bottigerum,
875 4238 1008 4296 Baebium,
1026 4236 1094 4286 alios.

96 4330 146 4363 riou
163 4315 293 4364 radiantes
311 4332 433 4366 irretrmore
449 4320 590 4381 eoliuuuue,
603 4338 646 4371 uec
721 4321 827 4380 Ipuotus
845 4321 930 4366 tereres
942 4318 1037 4380 rapiam
1048 4318 1174 4379 occupari.
1197 4317 1238 4364 Ita
