2916 5220
552 305 867 370 (iilliMlNUM

327 493 388 571 Qui
414 514 502 556 rnare
527 514 563 556 ac
588 497 689 557 terras
714 493 876 576 variisque
900 491 1061 554 muudum

414 595 585 679 Temperat
607 596 716 661 horis?

326 698 421 764 Unde
444 699 493 762 nil
516 699 623 763 maius
647 705 821 784 generatur
845 699 930 782 ipso,

325 802 393 866 Neo
416 801 508 887 viget
531 801 710 886 quidquam
735 801 842 866 simile
866 807 923 865 aut
947 800 1144 864 secundum:

326 904 496 969 Proximos
521 904 572 967 illi
598 911 708 970 tamen
734 905 904 989 occupavit

413 1007 523 1072 Pallas
546 1007 693 1072 honores.

325 1110 462 1175 Proeliis
486 1109 611 1192 audax,
636 1133 739 1196 neque
764 1119 795 1176 te
819 1111 938 1187 sileb0,

325 1213 438 1295 Liber,
464 1218 497 1278 et
521 1213 625 1278 saevis
651 1214 784 1279 inimica
806 1215 898 1298 virgo

325 1315 468 1398 Belluis,
493 1338 551 1381 neo
575 1323 622 1400 te,
647 1317 821 1382 metuende
845 1326 948 1398 certa,

413 1419 558 1501 Phoebe,
583 1419 713 1505 sagitta.

325 1522 441 1586 Dicam
464 1527 497 1587 et
518 1521 658 1587 Alciden
680 1544 862 1608 puorosque
887 1523 1008 1603 Ledae,

326 1628 425 1692 Hunc
445 1627 556 1712 equis,
576 1628 672 1692 illum
695 1651 845 1714 superare
868 1629 989 1713 pugnis

323 1729 495 1794 Nobilem:
519 1752 656 1814 quorum
678 1731 778 1797 simul
799 1731 874 1796 alba
894 1731 1004 1795 nautis

414 1833 517 1898 Stella
537 1833 682 1917 refirlsit,

138 2015 216 2076 fem
236 2012 337 2059 Tibulli.
371 2010 424 2058 Nec
440 2024 601 2072 quemquam,
619 2017 691 2072 puto,
771 2014 903 2075 Temperat
921 2015 996 2061 horis.
1031 2012 1126 2060 Seneca
1142 2010 1223 2072 Epist.
1238 2011 1282 2060 73.

144 2091 248 2140 offendet
273 2091 353 2138 solitis
377 2092 492 2137 lueidibus
516 2092 568 2152 qui.
606 2088 692 2139 Cicero
736 2092 790 2139 Soli
810 2092 946 2152 Lunaeque
962 2092 1104 2153 plurimum
1121 2093 1200 2147 debeo,
1220 2095 1283 2138 iern-

144 2173 222 2233 Epist.
251 2170 283 2216 ad
307 2169 378 2217 Fam.
406 2169 426 2216 I.
456 2169 493 2218 19.
532 2171 587 2217 Ille
602 2169 691 2231 furia,
733 2172 884 2231 pereuntique
900 2185 996 2217 caurum
1022 2171 1075 2217 Deo
1085 2171 1209 2231 obliquius
1218 2184 1282 2216 suver.

143 2252 194 2312 qui.
229 2249 323 2298 Seneca
347 2248 421 2297 Herc.
446 2249 506 2297 Fur.
531 2248 601 2297 1157.
636 2251 691 2296 Ee·
735 2248 822 2296 Boeth.
841 2248 940 2298 Consol.
958 2248 1052 2297 Philos.
1070 2248 1146 2297 Metr.
1160 2248 1196 2296 V,
1225 2250 1284 2295 Trea

143 2344 215 2390 uerqe
231 2329 328 2388 virtue,
345 2343 416 2390 quem
433 2343 523 2377 noceret
538 2330 601 2393 coelo
617 2335 692 2391 puter
734 2330 889 2376 viscarium
907 2332 1031 2390 temperat
1048 2343 1150 2375 anuum.

146 2409 240 2456 Geuuit
250 2409 345 2456 relicto.
362 2408 418 2455 Hoc
429 2414 478 2455 est:
495 2422 609 2471 exsurge,
618 2423 691 2470 quem
771 2409 919 2469 occupauit.
958 2407 1014 2456 Alii
1034 2407 1122 2470 legunt
1142 2407 1282 2468 occupabit.

143 2488 260 2536 virtutem
280 2501 332 2535 esse
348 2493 457 2549 oportet,
479 2488 537 2549 quia
553 2487 612 2534 vicit
628 2489 691 2536 Her·
735 2488 793 2535 Non
818 2487 906 2534 laudat
935 2487 1094 2549 Oudendorp.
1122 2486 1165 2548 qni
1190 2485 1281 2547 vulga-

143 2566 237 2614 culom:
255 2565 309 2613 vide
326 2565 434 2614 Gronov.
470 2565 510 2614 Sic
526 2572 610 2615 nostra
626 2566 691 2615 κατά
735 2572 789 2613 tum
806 2566 993 2628 interpretatur:
1015 2566 1147 2614 Proximos
1167 2565 1282 2627 quidem,

143 2645 254 2700 σύνεσιν,
280 2658 329 2691 non
351 2643 517 2699 adverbum,
543 2646 586 2692 sed
602 2644 690 2692 intelli·
734 2647 776 2694 sed
803 2646 877 2708 longo
898 2646 1040 2695 intervallo:
1066 2652 1091 2693 et
1116 2645 1177 2693 citat
1199 2644 1280 2706 Quin·

143 2725 265 2785 gentiam,
293 2730 352 2770 sunl
376 2723 510 2785 exigenda:
538 2723 597 2784 quid
623 2724 690 2785 prius
735 2724 814 2772 tilian.
840 2726 873 2773 X.
901 2726 924 2773 l.
969 2726 1108 2784 Secundae,
1132 2724 1283 2787 confessione

143 2805 236 2860 dicam,
253 2817 327 2864 quam
345 2802 429 2850 solitas
446 2802 533 2850 laudes
550 2808 690 2864 parentum,
732 2806 911 2866 plurimorum,
930 2805 1048 2852 Philetus
1062 2804 1201 2864 occupauit.
1217 2802 1283 2850 Am-

144 2883 190 2929 hoc
214 2887 263 2938 est,
288 2880 373 2939 illurn,
399 2881 440 2942 qui
461 2885 498 2928 est
519 2882 588 2940 laus,
606 2882 691 2928 laudes
734 2881 810 2929 mian.
835 2881 950 2930 Marcell.
976 2881 1052 2929 XIX.
1081 2882 1118 2930 10.
1152 2883 1223 2928 Erat
1245 2897 1281 2930 se-

143 2968 282 3024 parentum.
301 2961 412 3018 erudes,
431 2965 459 3006 ut
476 2960 541 3021 apud
552 2959 689 3022 Virgilium
733 2964 809 3010 eundi
826 2963 874 3010 loci
883 2967 942 3024 post
959 2963 1108 3021 Antonium,
1125 2967 1153 3008 ut
1170 2963 1210 3009 aii
1224 2962 1281 3023 pei-

143 3036 231 3085 Venus
243 3036 690 3101 alloquiturCupidinem:Nutemeee
734 3046 762 3087 ta
781 3043 940 3103 praeclarus,
963 3042 1032 3102 leupo
1052 3041 1184 3103 proximus
1201 3043 1281 3088 inter-

144 3119 215 3164 vires.
245 3117 352 3166 Romani
369 3119 491 3181 hymnum
504 3119 609 3181 incipere
623 3125 689 3181 pote·
733 3121 821 3168 callo..

143 3203 210 3245 rant:
228 3213 242 3246 o
259 3200 374 3260 Iupiter,
399 3205 499 3247 uosiroe
519 3200 616 3254 laudes,
637 3214 688 3247 uos·
768 3200 878 3246 Proeliis
893 3199 987 3246 audax.
1011 3197 1203 3246 Distinctionem
1213 3198 1282 3245 Ben-

144 3280 212 3322 trum
229 3291 337 3326 corruere.
369 3278 410 3326 Ex
422 3278 525 3340 epistola
542 3277 581 3327 cl.
598 3278 689 3326 Moseri
734 3276 851 3325 tleianam
875 3280 967 3325 Pullus
988 3281 1089 3327 honores
1107 3280 1218 3326 Proeliis
1234 3293 1281 3325 cie·

143 3353 173 3400 ad
190 3355 221 3403 P.
240 3354 266 3404 S.
278 3355 410 3405 Schullum
427 3357 532 3419 cognovi
548 3358 598 3404 iam
609 3357 688 3405 Bane·
734 3357 799 3405 doe:
815 3356 893 3417 rulgo
910 3371 958 3420 non
975 3355 1087 3406 laudant.
1121 3359 1210 3419 Neque
1226 3372 1281 3418 ego.

142 3446 205 3481 rum.
231 3448 253 3481 a.
277 3435 347 3486 1786.
373 3437 398 3483 in
422 3437 511 3485 Horat.
537 3437 631 3485 observ.
658 3437 689 3483 ad
734 3434 790 3483 Iam
815 3437 903 3483 Burin.
929 3437 960 3483 ad
981 3437 1042 3485 Vel.
1062 3437 1146 3486 Flacc.
1163 3437 1197 3485 V.
1223 3437 1279 3484 498.

142 3513 198 3559 edit.
216 3511 270 3559 lani
287 3515 371 3562 eodem
388 3516 460 3563 modo
472 3516 532 3564 haec
546 3530 599 3563 csse
612 3516 687 3562 inter·
735 3515 777 3577 qui
788 3521 858 3562 vocat
866 3515 995 3563 Bacchum
1003 3519 1131 3578 areensem,
1140 3516 1280 3578 scripserat,

89 3625 91 3629 ν
141 3597 272 3653 prelatum.
306 3591 419 3641 Mosorus
440 3594 482 3640 vix
505 3593 688 3650 Latinum,ne-
734 3595 818 3643 Deum
835 3594 981 3642 bellicosum
999 3594 1040 3642 hic
1056 3611 1084 3643 ea
1101 3595 1175 3642 laude
1192 3595 1279 3657 clepi-

141 3671 201 3718 dum
226 3669 392 3718 Horatianum
417 3679 501 3734 putat,
526 3678 551 3720 et
575 3673 689 3734 pruentia
734 3673 801 3721 theto
818 3687 865 3720 non
884 3686 936 3721 esse
953 3672 1111 3736 privandum.

141 3749 234 3811 probat.
262 3749 321 3796 Huc
338 3751 461 3812 pertinent
477 3752 551 3799 etiam
568 3766 631 3813 quae
647 3766 689 3799 no·
767 3753 853 3800 Saeuis
869 3754 1053 3816 iuimieauirpo
1076 3753 1185 3801 Beliuis.
1209 3752 1278 3799 Lau-

141 3829 192 3876 tavi
213 3829 244 3876 ad
267 3829 287 3876 I.
311 3828 395 3878 carm.
412 3831 436 3881 7.
470 3831 585 3879 Varietas
607 3830 688 3879 lectio·
733 3830 881 3893 datur,qua
892 3831 1001 3879 maxime
1013 3830 1159 3878 mortalibus
1170 3830 1283 3892 prodest,

141 3909 178 3955 nis
194 3909 219 3956 in
237 3909 314 3959 MSS.
333 3911 392 3958 haec
409 3917 458 3967 est,
480 3917 508 3958 ut
530 3911 579 3958 alia
595 3925 686 3972 pureu·
733 3910 870 3958 sternendis
881 3909 979 3968 belluis,
991 3908 1112 3967 leonibus,
1123 3907 1195 3955 ursis
1212 3908 1280 3956 Hinc

142 3995 202 4045 iem,
219 3989 268 4037 alia
278 3991 392 4050 porentia
403 3988 516 4038 habeant.
534 3990 608 4037 Nunc
618 3989 689 4036 video
733 3987 855 4036 montium
864 3996 889 4037 et
897 4003 1026 4037 nemorum
1035 3993 1117 4036 custos
1126 3988 1175 4036 III.
1194 3987 1279 4036 Oarrn.

141 4067 279 4116 Gesucrum
301 4069 387 4116 cadem
410 4067 460 4117 fera
482 4068 577 4117 ratione
592 4083 685 4130 pereu-
732 4067 773 4115 22.
789 4068 851 4117 vid.
871 4067 1005 4130 Spanhem.
1023 4068 1055 4114 ad
1072 4066 1173 4117 Gallim.
1185 4083 1209 4129 p.
1224 4068 1278 4116 130.

141 4153 196 4193 tum
213 4149 327 4196 leudibus
343 4150 495 4210 exposuisse,
517 4163 567 4211 qua
582 4161 629 4209 ogo
645 4163 687 4195 cx·
731 4147 789 4195 226.
828 4147 862 4195 Et
887 4147 914 4194 in
939 4145 1140 4208 inscriptionibus
1167 4147 1280 4207 Sospite.

141 4225 217 4286 posui.
246 4226 329 4274 Meam
347 4232 430 4274 tamen
441 4228 625 4276 annotationem
637 4241 686 4275 non
733 4226 1008 4289 Nemoruuieopiferu.
1036 4228 1143 4276 Victrix.
1168 4226 1278 4274 Invicta.

141 4303 226 4351 delevi.
732 4307 801 4354 Haec
818 4303 1015 4366 Oudendorpius.
