2916 5220
553 304 891 370 CARMINUM.

337 495 438 560 lllum
461 501 538 580 aget
560 517 668 580 penna
691 498 858 559 metuente
881 490 963 556 solvi

426 597 530 662 Fama
553 601 726 683 superstes.

341 700 455 767 Latius
480 721 595 784 regnes
619 698 753 764 avidum
779 695 942 762 domando

339 802 516 887 Spiritmn,
542 823 640 886 quam
665 801 694 866 si
718 799 857 883 Libyam
867 797 1014 875 semotis

339 905 486 971 Gadibus
510 905 629 988 iungas
654 909 687 968 et
710 908 846 986 uterque
870 902 999 966 Poenus

430 1008 557 1075 Serviat
580 1006 647 1071 uni.

342 1111 467 1177 Crescit
489 1110 665 1195 indulgens
690 1108 754 1174 sibi
777 1107 867 1172 dirus
890 1106 1051 1191 hydrops,

161 1303 271 1352 Aemilio
289 1302 371 1351 Paulo
385 1304 424 1351 39.
453 1302 578 1351 Aemilius
596 1299 706 1366 ἀμφοτέ-
747 1305 852 1363 spectat,
866 1300 932 1363 quod
943 1301 1018 1348 etiam
1029 1297 1147 1346 indicavit
1156 1297 1297 1346 Burmann.

163 1400 222 1448 ρους
244 1383 303 1438 τοὺς
317 1381 387 1439 υἱοὺς
400 1379 509 1429 ἀπέλιπε
526 1380 707 1444 κληρονόμους,
749 1378 1086 1441 aivirgtl.111.Ge0rg.33.
1104 1378 1298 1438 Egopraeterea

162 1461 337 1524 ὁὸὲνεώτερος
345 1460 462 1519 Σκηπίων
471 1457 614 1522 restabat
619 1459 708 1505 πᾶσαν
749 1466 926 1507 annotaveram
943 1457 1027 1508 Senes.
1050 1457 1126 1505 Herc.
1145 1453 1200 1505 Oet.
1221 1457 1296 1504 1698.

161 1540 227 1604 ἔχειν
238 1539 421 1603 συνεχώρησεν,
438 1539 516 1595 αὐτὸς
530 1536 564 1594 εἰς
581 1538 650 1586 οἶκον
667 1535 707 1584 eri·
749 1554 816 1588 meas
838 1539 924 1587 laudes
946 1540 1016 1587 canit
1042 1539 1184 1598 Utrumque
1202 1537 1299 1584 Paceni

162 1618 306 1683 πορώτερον
323 1619 370 1666 τὸν
387 1616 535 1681 Ἀφρικανοῦ
553 1614 690 1680 δεδομένος.
749 1620 820 1676 litus,
836 1623 861 1666 et
876 1617 933 1666 621.
954 1616 1028 1679 Capit
1046 1617 1085 1665 bic
1102 1616 1171 1677 pazis
1188 1615 1297 1675 implere

195 1699 302 1758 Libyam
315 1697 416 1744 remotis
428 1696 543 1744 Gadibus
552 1697 648 1756 iuncus.
664 1695 707 1741 Li·
743 1697 849 1761 samem.
877 1699 930 1746 Nec
943 1702 1026 1745 tamen
1042 1697 1123 1744 ornate
1138 1695 1216 1756 playa
1231 1708 1297 1755 yem-

162 1778 224 1837 bpcs
240 1780 352 1823 notatum
373 1775 455 1822 inveni
477 1788 509 1821 ex
526 1787 576 1821 nno
592 1772 649 1821 Ms.
668 1787 708 1821 ve·
749 1776 835 1840 miferi
860 1776 965 1838 Sufficit
990 1776 1070 1831 latri,
1100 1775 1154 1822 Nec
1178 1775 1201 1820 si
1226 1777 1298 1820 totus

161 1854 215 1903 teri.
240 1854 341 1902 Laudat
354 1853 414 1900 hacc
430 1852 589 1900 Hildebertus
606 1852 632 1899 in
649 1851 708 1899 Phi·
749 1857 845 1904 serviat
869 1857 979 1904 Hebrus.
1016 1852 1159 1901 Mamertin.
1177 1849 1295 1900 Geneilll·

161 1931 273 1994 losophia
289 1930 453 1993 Philosophia
468 1930 561 1978 Morali
577 1945 634 1993 pag.
651 1930 708 1981 987.
749 1934 863 1983 Maximi.
881 1935 904 1982 6.
926 1936 1000 1983 Vobis
1017 1935 1123 1981 Rlieaus
1139 1935 1165 1979 et
1180 1932 1252 1978 Ister
1269 1935 1298 1976 et

161 2011 204 2058 ubi
221 2011 315 2058 editum
331 2015 369 2058 cst
384 2011 505 2072 proditus
522 2024 608 2071 uncus.
750 2015 828 2061 Nilus
844 2019 869 2062 et
886 2027 943 2062 cum
954 2013 1049 2074 pomino
1064 2011 1149 2073 Tiyrts
1157 2010 1298 2071 Euphrate

200 2092 311 2152 Uterque
328 2091 429 2137 Poenus
446 2089 547 2137 Serviat
565 2089 617 2136 uni.
646 2087 708 2148 Qui-
748 2093 1067 2154 etuterque‚quusclem
1086 2090 1222 2151 accipitet
1240 2089 1296 2134 red-

161 2180 220 2214 nam
237 2166 327 2215 tuerint
344 2167 416 2216 alteri
432 2167 510 2215 Poeni
526 2174 623 2229 praeter
640 2167 706 2215 Kar·
749 2171 802 2230 dit,
830 2170 952 2218 Oceanus.
984 2169 1073 2231 Neque
1098 2166 1204 2215 aiterum
1230 2163 1296 2212 illud

162 2244 340 2306 thaginienses,
368 2246 462 2308 ignoro.
498 2246 595 2295 Dicunt
620 2249 709 2309 populi
748 2253 854 2310 uterque
875 2248 992 2295 Phoebus
1018 2245 1165 2294 auctoritate
1189 2243 1296 2292 aliorum

161 2325 326 2387 subscriptae
336 2327 431 2373 Poene.
453 2323 502 2374 Sed
514 2338 637 2387 nusquam
648 2325 707 2388 legi,
749 2326 898 2388 scriptorum
918 2331 1020 2374 careret.
1055 2323 1171 2373 Phoebus
1192 2328 1297 2384 uterque

162 2402 206 2450 hos
218 2403 341 2451 nominari
352 2406 457 2452 Poenos.
483 2403 617 2453 Praeterea
628 2403 708 2452 Poeni
748 2404 785 2452 illi
800 2405 888 2463 servit,
909 2404 935 2452 in
956 2404 1027 2451 cuius
1048 2403 1140 2450 ditione
1162 2400 1199 2449 sol
1216 2401 1296 2448 oritur

162 2481 383 2544 Karthaginienses
392 2496 441 2530 non
450 2482 556 2545 amplius
567 2482 706 2530 exstabant.
749 2489 773 2530 et
797 2483 893 2532 occidit.
919 2482 1050 2533 claudian.
1078 2481 1109 2530 B.
1128 2479 1229 2530 Gildon.
1255 2480 1296 2528 48.

162 2560 203 2609 De
219 2561 264 2609 tali
280 2561 372 2623 populo
388 2561 436 2609 dici
451 2575 502 2608 non
517 2568 610 2623 potest:
627 2563 708 2610 sitiet
750 2564 793 2611 Ad
811 2565 886 2612 solem
906 2564 1001 2611 victrix
1026 2566 1161 2622 utrumque
1184 2561 1296 2608 cucurri

162 2640 264 2686 serviat.
282 2637 423 2686 Dicendum
441 2644 505 2685 crat:
519 2638 556 2685 “si
572 2638 616 2685 tibi
632 2639 707 2686 servi·
750 2640 796 2690 Sil.
813 2640 873 2691 Ital.
890 2642 913 2690 Ι.
932 2641 985 2690 145.
1007 2639 1139 2702 imperium
1160 2637 1297 2700 Hispaniae

162 2723 200 2763 ret
215 2716 333 2779 populus,
350 2716 430 2780 qualis
443 2716 503 2764 oiim
516 2715 563 2764 fuit
580 2716 706 2765 Poenus.'’
749 2726 821 2768 vocat
840 2735 898 2782 opes
922 2722 983 2770 solis
1007 2721 1110 2769 occidui.
1140 2717 1183 2768 Sic
1211 2724 1297 2767 sutem

161 2793 282 2842 Horatius
298 2795 324 2843 in
341 2796 387 2843 hoc
403 2797 512 2844 carmine
529 2795 609 2843 utitur
624 2810 707 2845 exem·
749 2799 823 2862 plane
848 2797 920 2849 ovid.
942 2801 964 2849 1.
986 2799 1089 2847 Metam.
1115 2797 1172 2846 338.
1204 2798 1298 2846 Litora

162 2871 210 2934 piis
227 2872 407 2935 praesentibus,
424 2873 562 2932 Proculeii‚
579 2874 707 2922 etPhraa-
749 2895 804 2930 „000
818 2881 899 2941 replet
913 2883 960 2929 ,ms
972 2878 1197 2942 utroquemmtia
1214 2879 1295 2927 pam.

163 2951 207 3012 tis,
224 2951 285 2999 adeo
301 2956 329 2999 ut
340 2952 455 3002 credibile
466 2952 498 3000 sit
509 2967 567 3002 eum
578 2953 604 3001 h.
616 2953 707 3002 iidem
749 2960 784 3007 bo.
810 2959 881 3008 Idem
891 2959 940 3007 IX.
951 2958 1053 3007 Heroid.
1065 2958 1103 3006 16.
1117 2957 1236 3020 Implestc'
1250 2972 1297 3005 me-

163 3028 256 3079 fecisse.
285 3031 317 3079 ln
338 3031 416 3082 MSS.
437 3032 510 3081 nulla
529 3039 567 3081 est
587 3032 706 3091 varietas,
749 3038 811 3085 ritis
826 3039 885 3086 solis
901 3042 1036 3099 utromque
1052 3038 1158 3085 demum.
1170 3034 1296 3084 vidBur-

162 3109 211 3157 nisi
227 3110 328 3197 duodin
340 3126 391 3159 uno
401 3111 587 3161 inveniPenus.
606 3115 708 3162 Poenus
749 3129 833 3164 mann.
850 3121 875 3165 et
892 3115 1038 3179 interpretes
1055 3114 1087 3162 ad
1095 3113 1185 3162 Rutilii
1200 3114 1254 3162 Iter
1262 3114 1298 3163 11.

161 3187 238 3236 etiam
254 3195 293 3237 est
309 3191 375 3253 apud
392 3190 529 3253 Augustin.
547 3191 578 3240 de
594 3190 647 3240 Giv.
659 3190 709 3239 Dei
748 3195 789 3243 28.
823 3194 862 3244 Gi.
881 3195 994 3244 Moserus
1010 3197 1090 3255 putat,
1107 3192 1210 3240 sirecte
1232 3191 1298 3239 dica-

163 3266 197 3315 V.
211 3269 249 3316 13.
261 3269 304 3316 ubi
314 3269 359 3317 hos
370 3284 457 3318 versus
468 3270 586 3319 laudavit.
604 3270 708 3318 Dudum
749 3277 792 3319 tur
809 3273 901 3320 Litora
916 3271 980 3319 mibi
996 3271 1110 3319 servium
1130 3270 1177 3317 sab
1193 3274 1300 3330 utroque

162 3348 224 3396 milri
247 3350 274 3398 in
291 3355 399 3399 mentem
419 3357 532 3400 venerat:
554 3356 580 3398 et
604 3355 709 3413 uterque
749 3352 848 3399 Phoebo
868 3351 990 3406 iacentia,
1007 3362 1057 3396 non
1077 3348 1134 3396 inde
1150 3347 1232 3410 sequi,
1250 3345 1299 3393 dici

163 3429 293 3477 Phoebus:
313 3427 365 3488 vel,
382 3434 486 3492 uterque
500 3434 600 3491 pontus.
617 3427 709 3477 Postea
748 3442 830 3491 posse,
855 3429 917 3478 mibi
938 3429 1016 3478 servit
1041 3432 1146 3490 uterque
1174 3428 1297 3475 Phoebus.

163 3504 215 3551 vidi
231 3511 335 3566 uterque
353 3513 446 3567 pontus
466 3509 516 3555 iam
537 3523 552 3554 a
570 3506 708 3557 Schradero
748 3508 887 3570 Quominus
908 3507 957 3556 dici
981 3507 1070 3571 possit,
1096 3505 1155 3569 quid
1180 3505 1298 3568 impedit?

162 3581 238 3631 fuisse
258 3590 412 3646 occupatum.
441 3585 498 3646 Ego
514 3584 561 3631 hoc
577 3583 613 3631 ita
629 3585 707 3647 expli·
747 3587 843 3650 Figura
859 3587 906 3634 hac
917 3586 959 3634 vis
969 3586 1092 3648 procedit:
1110 3584 1199 3634 Oriens
1210 3591 1235 3632 et
1251 3582 1298 3634 Oc·

161 3660 260 3709 cabam:
282 3661 355 3710 “Eris
377 3661 513 3725 potentior,
530 3677 605 3725 quem
627 3663 648 3710 si
664 3664 708 3713 tibi
747 3665 830 3715 cidens
854 3664 916 3713 mihi
941 3663 1066 3722 serviunt,
1100 3664 1199 3721 domus,
1229 3662 1296 3710 latus

162 3739 437 3804 serviat‚quidquidest
447 3741 575 3790 Romanae
586 3741 707 3792 ditionis.”
748 3745 805 3795 solis
822 3744 921 3793 orientis
938 3750 962 3792 et
980 3742 1125 3803 occidentis,
1135 3743 1184 3792 Eoi
1194 3748 1219 3792 et
1235 3742 1297 3791 Hes-

161 3817 228 3866 Nam
236 3819 384 3868 immensum
395 3819 566 3868 Romanorum
576 3820 708 3883 imperium
746 3823 821 3886 perii,
838 3837 894 3886 opes
911 3823 1040 3885 utriusque
1056 3823 1127 3879 solis,
1144 3821 1193 3879 sol,
1213 3821 1296 3870 Phoe·

61 3931 78 3943 .
162 3913 178 3946 a
194 3900 271 3961 poetis
289 3899 414 3947 indicatur
430 3913 475 3962 per
486 3905 622 3962 utramque
630 3915 708 3959 more,
747 3902 793 3950 bus
810 3907 916 3963 uterque
932 3901 994 3950 mihi
1010 3903 1092 3951 servit.
1114 3901 1202 3951 Unum
1213 3906 1297 3950 tamen

162 3977 209 4025 hoc
225 3984 273 4026 est:
291 3977 404 4041 regiones
417 3977 590 4040 mundique-e
606 3985 666 4026 sunt
682 3979 709 4026 in
747 3981 893 4043 exemplum
910 3980 1008 4044 probati
1018 3980 1141 4044 scriptoris
1151 3979 1210 4042 plns
1222 3979 1298 4037 valet,

162 4054 264 4106 Oriente
271 4062 296 4105 et
304 4055 508 4106 Occidente:vid.
518 4056 634 4120 exempla
642 4059 707 4121 apud
748 4074 825 4122 quam
841 4059 898 4107 talis
920 4058 1110 4122 argumentatio.
1143 4058 1297 4121 Exemplum

163 4134 341 4195 Schraderum‚
359 4144 384 4185 et
400 4151 432 4185 ex
448 4137 479 4184 iis
496 4136 551 4185 dele
568 4135 632 4184 illud
649 4135 708 4187 Ovi·
748 4152 798 4186 non
813 4139 903 4187 inveni.
930 4138 1070 4188 Meinekius
1085 4135 1182 4184 coniicit
1193 4143 1299 4199 uterque

162 4212 195 4259 dii
211 4212 241 4260 1:
250 4213 308 4262 Art.
326 4214 386 4262 Am.
398 4214 452 4264 173.
481 4215 574 4276 Nempe
590 4219 621 4264 ob
638 4221 708 4265 utro·
742 4219 814 4280 fiais.

162 4306 209 4352 que
223 4293 287 4340 inari
299 4293 496 4340 iurenesvenere.
514 4293 569 4340 Hoc
578 4294 644 4342 euim
661 4294 709 4343 alio
785 4297 882 4348 Crescit
892 4298 1022 4359 indutuens
1032 4297 1081 4346 sibi
1094 4297 1167 4345 dirus
1176 4296 1297 4357 hydrops,
