2916 5220
602 289 892 355 llPODON

397 478 521 542 Lucina
544 477 628 542 veris
653 476 775 558 adfuit,

351 581 413 646 Per
437 580 497 645 hoc
521 579 619 644 inane
642 601 805 665 purpurae
829 579 927 645 decus
950 601 1080 664 precor,

396 685 459 748 Per
482 683 744 768 improbaturum
767 682 846 746 haec
871 684 998 765 Iovem,

355 786 442 866 Quid
465 791 503 851 ut
526 808 664 851 noverea
686 808 739 850 me
763 785 920 869 intueris,
945 792 1003 851 aut
1026 786 1076 850 uti

394 890 504 956 Petita
526 889 609 954 ferro
632 889 786 954 bellua?’'

350 994 398 1060 Ut
420 994 499 1058 haee
523 997 683 1057 tremente
706 997 841 1078 questus
865 1013 919 1058 ore
951 992 1103 1057 constitit

394 1097 586 1181 Insignibus
609 1097 713 1182 raptis
736 1118 834 1181 puer,

351 1201 488 1285 Impube
511 1222 645 1286 corpus,
671 1200 766 1285 quale
789 1205 901 1285 posset
924 1200 1028 1286 impia

396 1304 525 1369 Mollire
548 1304 707 1369 Thracum
730 1308 876 1388 pectora;

352 1407 505 1490 Canidia,
530 1406 682 1472 brevibus
706 1405 876 1491 implicata
898 1405 1018 1491 viperis

394 1510 507 1576 Crines
536 1516 570 1575 et
593 1509 776 1574 incomtum
799 1515 917 1594 eaput,

353 1614 449 1679 Iubet
473 1613 630 1698 sepulcris
654 1612 821 1697 caprificos
851 1617 960 1677 erutas
972 1661 981 1694 ,

397 1717 493 1781 Iubet
516 1737 688 1801 cupressus
711 1715 867 1781 funebres

352 1820 397 1883 Et
419 1825 519 1884 uncta
543 1819 649 1903 turpis
673 1840 734 1883 ova
757 1841 858 1883 ranae
884 1821 1044 1904 sanguine

396 1921 612 2007 Plumamque
636 1926 814 1986 nocturnae
840 1921 954 2007 strigis

350 2024 560 2108 Herbasque,
585 2046 665 2108 quas
690 2024 795 2090 ¹lolcos
824 2030 921 2110 atque
949 2026 1056 2090 Iberia

395 2128 521 2211 Mittit,
545 2150 745 2193 venenorum
768 2128 875 2210 ferax,

352 2232 398 2296 Et
421 2253 495 2296 ossa
518 2233 559 2296 ab
582 2253 636 2296 ore
658 2237 753 2316 rapta
776 2232 905 2298 ieiunae
928 2233 1019 2298 canis

398 2335 558 2400 Flammis
583 2335 676 2400 aduri
702 2335 874 2402 Colchicis.

350 2438 399 2503 As
421 2438 574 2522 expedita
599 2439 728 2522 Sagana
751 2460 808 2523 per
832 2443 937 2504 totam
961 2439 1094 2504 domurn

395 2541 558 2626 Spargens
581 2540 761 2605 Avernales
788 2563 890 2626 aquas

352 2646 472 2709 Horret
495 2643 624 2729 capillis
647 2649 686 2708 ut
709 2645 856 2710 marinus
880 2645 1003 2730 asperis

172 2849 264 2897 similia
287 2849 432 2910 interpretes
457 2849 488 2896 ad
513 2850 597 2898 Lucae
621 2851 719 2913 Evaug.
739 2841 742 2886 l
762 2849 915 2899 Scholiastae
940 2850 1039 2897 dieunt:
1064 2863 1109 2912 per
1133 2849 1256 2898 veneficia
1279 2850 1313 2897 in·

173 2927 221 2976 XI.
248 2928 288 2980 27.
329 2926 416 2976 Cicero
441 2927 544 2975 fortasse
569 2934 623 2975 erat
647 2928 720 2976 nimis
761 2930 846 2978 censis.
871 2930 932 2978 Vid.
954 2930 1054 2991 interpr.
1079 2928 1110 2975 ad
1133 2927 1190 2976 Silii
1212 2927 1272 2976 Ital.
1293 2929 1313 2977 Ι,

173 3007 283 3063 ioeosus,
306 3020 363 3053 eum
385 3005 479 3064 Hirtio,
501 3007 544 3069 qui
566 3006 664 3055 dixerat
681 3009 718 3069 fi·
761 3008 800 3057 96.
822 3010 948 3058 inaccensi
957 3008 1077 3070 firmant
1094 3009 1223 3055 altaribus
1239 3009 1313 3069 lynea

173 3087 235 3133 lium
253 3100 269 3132 a
286 3089 368 3132 matre
382 3086 463 3133 decem
476 3086 599 3134 messibus
611 3087 639 3132 in
650 3091 721 3136 atero
797 3089 894 3136 Horret
911 3088 1025 3149 cupillis,
1047 3093 1077 3135 ut
1098 3087 1229 3142 marinae,
1247 3099 1314 3147 cepe·

172 3166 253 3213 lutum
270 3164 605 3226 erse,respouderet:quid?
616 3165 721 3214 aliaer‘n
760 3167 804 3213 ris.
847 3165 878 3212 In
903 3178 953 3212 uno
979 3164 1048 3213 Leid.
1075 3164 1191 3226 cupillis.
1235 3162 1314 3211 Credo

170 3245 262 3306 perula
278 3246 357 3292 solent
367 3243 461 3305 ferre?
494 3242 537 3291 Ad
555 3243 721 3290 coniecturam
761 3245 860 3292 Horatii
880 3258 932 3292 esse
952 3245 1057 3305 capillos
1078 3256 1189 3304 asperos.
1223 3240 1313 3299 Amat,

169 3324 297 3383 partubus
322 3323 417 3370 ventris
442 3320 499 3368 facit
525 3319 620 3369 Catulli
636 3311 735 3371 Carm.⁴
762 3328 791 3369 ut
808 3322 850 3369 alii
866 3322 966 3384 poetae,
988 3320 1051 3369 tales
1073 3320 1240 3370 Graecismos.
1258 3320 1314 3367 Vir·

170 3400 211 3450 67.
247 3401 352 3447 Falsum
378 3400 492 3448 mendaci
512 3404 598 3448 ventre
611 3415 719 3462 puerpe-
762 3400 805 3462 gil.
832 3401 865 3449 X.
892 3401 957 3448 Aen.
983 3400 1040 3451 711.
1065 3400 1196 3448 inhorruit
1225 3414 1314 3449 armos.

172 3482 247 3528 νίκην.
282 3476 603 3526 Prudent.Cathem.VII.
640 3479 720 3537 Quem
764 3477 808 3528 sil.
826 3479 884 3526 Ital.
903 3479 924 3528 1.
941 3479 997 3526 422.
1022 3480 1090 3526 hirto
1112 3479 1249 3527 Horrescit
1266 3494 1315 3527 sue·

169 3564 265 3621 portus
282 3558 334 3604 alut
350 3557 482 3618 virginalis
498 3558 616 3619 protulit.
763 3563 804 3605 tae
821 3560 900 3606 dorso.
933 3557 973 3605 Ita
997 3569 1055 3603 eum
1080 3555 1186 3603 Heinsio
1207 3557 1313 3604 scriben-

206 3638 365 3698 Horrorque,
382 3649 445 3696 quus
457 3635 545 3683 Iolcos.
574 3634 672 3684 Verum
683 3641 721 3683 est
763 3636 823 3683 dum
840 3650 886 3698 pro
910 3639 1004 3684 scetis:
1032 3635 1099 3698 quod
1124 3635 1200 3682 etiam
1228 3636 1315 3683 suadet

173 3717 262 3764 Iolcos.
295 3716 326 3764 lu
344 3713 469 3764 Servianis
482 3714 513 3761 ad
525 3715 573 3764 IX.
586 3716 651 3765 Aen.
664 3716 720 3766 587.
763 3713 840 3763 MSS.
871 3712 945 3761 lectio
973 3728 1069 3763 scema.
1102 3715 1220 3778 Φρίσσειν
1251 3716 1315 3778 apud

172 3795 278 3857 legitur:
291 3794 511 3855 herbasqueqoaai
524 3792 632 3842 Colchos.
650 3795 722 3855 Quae
763 3789 871 3840 Graecos
895 3805 991 3854 semper
1015 3791 1065 3840 fere
1090 3807 1150 3840 eum
1175 3795 1315 3842 accusativo

172 3874 245 3923 lectio
264 3873 371 3935 primam
388 3871 542 3933 corruptelae
559 3872 625 3920 viam
642 3878 722 3920 osten·
763 3869 883 3932 iungitur.
902 3870 1003 3919 Homer.
1021 3869 1095 3918 Iliad.
1107 3871 1140 3919 N.
1154 3872 1213 3923 473.
1225 3871 1314 3936 Odyss.

172 3953 216 4000 dit.
251 3950 371 4000 Similiter
392 3948 520 3997 turbatum
538 3951 616 3997 estin
633 3950 721 3998 Manil.
764 3948 794 3997 T.
813 3951 869 3998 445.
903 3949 1003 3997 Hesiod.
1026 3948 1103 3999 Scuto
1127 3949 1185 3998 391.
1220 3948 1315 4014 Ὀρᾶὰς

172 4032 206 4080 V.
232 4032 272 4080 34.
310 4031 436 4079 Colchidis
460 4035 485 4078 et
515 4029 624 4090 errarfieue
653 4036 722 4078 artes
764 4027 786 4076 δ’
804 4028 832 4076 ἐν
848 4029 926 4091 λοφιῇ
943 4028 1040 4092 φρίσσει
1052 4027 1149 4090 τρίχας.
1184 4028 1314 4077 Ausonius

172 4113 328 4173 pervertere
353 4110 447 4158 Iolcbo.
481 4107 532 4156 Ubi
557 4107 582 4154 in
607 4107 721 4155 omnibus
764 4105 826 4167 legit
849 4107 957 4167 cupillis.
991 4106 1058 4154 Nam
1080 4105 1164 4153 scribit
1186 4107 1212 4154 in
1234 4109 1314 4171 Epist.

172 4189 241 4237 libris
258 4195 312 4236 erat
330 4187 427 4236 Colcho.
764 4185 855 4234 ΧΧΙΙ,
876 4186 912 4234 ll.
948 4187 1064 4234 Horrem
1080 4186 1182 4247 capillis
1195 4193 1226 4235 ut
1239 4190 1314 4236 mari·

208 4270 330 4317 Flammis
363 4268 439 4316 oderi
475 4265 605 4315 Colchicis.
645 4264 722 4313 Recte
764 4264 1068 4326 nurosperisEcte'uus,
1091 4270 1243 4316 outcome
1262 4268 1314 4314 aare.
