2916 5220
178 319 243 383 250
584 315 902 379 ChltllllNUM

358 504 564 587 Campestres
587 500 706 567 melius
732 501 886 584 Scythae,

400 606 545 684 Quorum
568 605 717 691 plaustra
739 627 840 690 vagas
864 605 926 670 rite
949 605 1087 670 trahunt
1110 605 1246 687 domos,

356 708 483 773 Vivunt
511 714 544 773 et
566 708 666 793 rigidi
691 709 809 790 Getae,

403 811 580 876 Immetata
603 810 722 895 quibus
747 811 861 895 iugera
883 810 1002 876 liberas

362 914 488 999 Fruges
513 919 546 979 et
569 913 718 980 Cererem
741 912 870 995 ferunt,

402 1019 471 1083 Neo
495 1019 623 1083 cultura
645 1018 755 1103 placet
777 1017 907 1102 longior
930 1041 1058 1102 annua,

361 1121 627 1206 Defunctumque
650 1120 816 1186 laboribus

402 1224 544 1309 Aequali
565 1229 689 1289 recreat
712 1230 798 1289 sorte
820 1224 970 1290 vicarius.

359 1327 433 1392 Illic
457 1333 561 1392 matre
584 1327 769 1393 carentibus

402 1430 568 1515 Privignis
591 1430 710 1495 mulier
732 1436 893 1516 temperat
916 1430 1089 1514 innocens,

360 1532 428 1598 Nec
452 1533 565 1597 dotata
587 1532 673 1617 regit
696 1533 805 1598 virum

404 1635 551 1718 Coniux,
576 1658 635 1700 nec
659 1635 765 1700 nitido
788 1635 863 1701 fidit
886 1637 1044 1701 adultero.

360 1738 428 1803 Dos
452 1744 503 1803 est
525 1760 647 1824 magna
669 1739 857 1825 parentium

403 1840 517 1906 Virtus
546 1846 580 1906 et
601 1847 751 1908 metuens
775 1843 910 1909 alterius
935 1843 999 1908 viri

359 1944 456 2009 Certo
479 1943 608 2010 foedere
631 1945 786 2030 castitas,

404 2047 450 2112 Et
476 2070 611 2132 peccare
635 2049 726 2115 nefas
759 2056 817 2116 aut
838 2051 982 2137 pretinm
1005 2052 1115 2117 emori.

361 2150 390 2217 Ο
415 2149 564 2236 quisquis
587 2152 677 2218 volet
699 2153 820 2240 impias

402 2253 527 2320 Caedes
560 2261 594 2320 et
616 2256 741 2322 rabiem
765 2257 879 2322 tollere
902 2258 1057 2342 civicam,

177 2423 233 2459 mua
250 2411 320 2457 baud
336 2413 437 2471 ureret,
454 2409 499 2457 leti
516 2414 604 2457 metue.
616 2408 677 2456 Vid.
686 2409 724 2457 in·
768 2411 912 2460 Markland.
938 2412 970 2459 ad
996 2412 1070 2462 Statii
1094 2413 1115 2460 1.
1141 2413 1205 2463 Silv.
1233 2415 1258 2462 t.
1282 2415 1321 2463 49.

179 2495 254 2553 terpr.
770 2492 813 2540 Sic
830 2493 909 2539 mixto
926 2493 1069 2540 reverentia
1077 2491 1143 2554 fidit
1159 2495 1253 2540 amori.
1271 2490 1323 2540 Ubi

211 2568 321 2631 Aequali
335 2573 433 2618 recreat
449 2574 517 2617 corte
528 2567 645 2616 moerim.
665 2565 726 2615 Pro·
769 2571 844 2619 etiam
860 2571 962 2632 corrigit
978 2585 1003 2619 ae
1019 2573 1072 2619 dat.
1095 2570 1127 2617 In
1143 2570 1253 2619 Horatio
1269 2572 1322 2634 qui·

178 2654 240 2710 pert.
258 2649 308 2696 111.
329 2650 371 2697 20.
396 2650 432 2698 13.
467 2651 653 2711 Remorumque
666 2649 728 2711 pari
769 2650 826 2698 dem
842 2648 904 2697 nihil
921 2663 968 2711 ego
980 2656 1059 2696 muto.
1093 2648 1160 2696 Nam
1180 2656 1251 2699 recte
1267 2665 1323 2699 mu·

179 2728 339 2776 duciteaorte
350 2729 421 2777 vices.
438 2728 481 2777 Ex
492 2727 620 2790 praeclara
631 2725 728 2775 Heinsii
768 2729 815 2778 lier
824 2729 889 2791 fidit
906 2728 1027 2786 adultero,
1043 2727 1086 2790 qui
1102 2733 1154 2774 tam
1170 2735 1262 2791 potens
1278 2735 1324 2786 est,

180 2805 352 2854 emendatione
373 2819 418 2868 pro
432 2821 520 2867 parea,
537 2819 599 2867 quae
615 2806 728 2854 hocloco
769 2815 798 2857 ut
822 2823 877 2857 eam
898 2813 984 2856 contra
1003 2807 1122 2855 maritum
1142 2813 1167 2855 et
1186 2807 1261 2871 leges
1282 2809 1324 2858 de·

180 2884 281 2932 Horatii
300 2884 468 2932 confirmatur.
770 2887 866 2947 fendat;
888 2887 959 2934 cuius
979 2886 1015 2935 rei
1035 2885 1152 2948 exempla
1172 2893 1236 2934 sunt
1257 2887 1324 2949 apud

215 2965 484 3027 Temperetinnocena.
504 2961 590 3011 Etiam
604 2976 728 3012 venenum
770 2968 894 3016 Tacitum.
923 2965 1082 3028 Quamquam
1098 2966 1235 3026 Augustus
1252 2966 1324 3014 adul·

181 3049 344 3107 temperatur.
379 3044 494 3092 Lactant.
512 3041 547 3091 V.
561 3043 584 3090 9.
629 3044 729 3091 Venena
770 3053 835 3095 teros
859 3046 970 3108 puniret,
995 3050 1025 3091 ut
1047 3043 1225 3106 Sempronium
1247 3044 1325 3094 Grac-

180 3125 246 3173 clam
271 3129 424 3186 temperent,
449 3123 494 3186 qai
516 3135 607 3170 aceres
626 3127 729 3179 necant,
770 3125 846 3174 chum
866 3130 891 3174 et
907 3123 976 3172 ahos.

181 3208 211 3251 ut
226 3204 294 3252 dotet
310 3218 397 3251 eurum
414 3189 558 3258 lucrentur,
581 3206 628 3248 aut
649 3202 728 3249 mari-
805 3207 860 3253 Aut
875 3205 987 3267 pretium
1003 3204 1088 3252 emoti.
1117 3201 1149 3248 In
1169 3199 1229 3248 aliis
1246 3201 1324 3252 MSS.

180 3287 226 3340 toa,
235 3287 265 3330 at
275 3283 399 3331 adelicia
407 3283 511 3329 nubant.
529 3279 615 3328 Valet.
624 3279 729 3328 Maxim.
771 3284 837 3330 merl
853 3288 878 3330 et
893 3287 931 3331 est
948 3281 1019 3330 nuri.
1049 3280 1081 3328 In
1098 3279 1262 3329 Mirandulac
1278 3281 1325 3330 Vi-

180 3359 229 3409 IX.
249 3362 286 3409 12.
317 3363 417 3409 Venena
434 3364 578 3420 temperent.
602 3358 730 3407 Nouercae
772 3359 863 3409 ridario
879 3376 904 3424 p.
921 3361 978 3408 239.
998 3361 1110 3423 pretium
1129 3362 1203 3409 mori.
1223 3362 1327 3424 ιΕἠιονί,

180 3439 301 3500 imprimis
312 3440 348 3487 ita
357 3437 529 3501 temperabant
539 3437 666 3500 privignis.
681 3436 730 3486 Sed
772 3440 890 3503 grandius
915 3446 987 3487 sonat
1007 3445 1032 3488 et
1052 3438 1186 3502 antiquius.
1217 3438 1325 3490 Sallust.

181 3517 247 3579 apud
273 3517 380 3580 Scythas
400 3523 426 3565 et
450 3517 525 3568 Getas
549 3516 622 3564 nulla
642 3517 731 3564 veneni
771 3519 888 3581 Iugurth.
915 3521 952 3568 14.
979 3520 1086 3567 Utinam
1106 3519 1184 3567 euceri
1202 3519 1327 3582 fortunia

181 3597 298 3659 suspicio,
325 3597 385 3659 quia
409 3597 499 3646 mulier
521 3599 638 3646 irruerent
666 3602 728 3645 tem·
772 3599 832 3646 meir
848 3599 963 3646 honestae
978 3598 1063 3645 exitus
1079 3605 1149 3646 earet.
1171 3596 1274 3647 Amant
1283 3615 1325 3648 au-

182 3680 262 3738 perat.
772 3682 821 3724 tem
839 3682 864 3724 et
884 3674 993 3724 historici
1014 3681 1039 3724 et
1054 3676 1141 3738 poetae
1161 3676 1226 3725 tales
1244 3678 1326 3727 infini-

216 3756 290 3804 Fr'dit
305 3757 429 3804 adultero.
464 3754 617 3804 Schraderus
634 3755 729 3803 divina·
772 3755 842 3802 tivos.
859 3754 953 3817 Virgil.
962 3754 998 3802 11.
1016 3755 1082 3804 Aen.
1094 3755 1151 3804 354
1174 3759 1236 3805 Una
1253 3760 1326 3808 salua

182 3833 235 3882 bat:
252 3848 297 3883 uec
313 3835 394 3882 nitido
410 3848 437 3882 ae
452 3835 499 3882 dat
514 3834 637 3882 adultero.
671 3833 731 3883 Ele·
751 3794 753 3897 1
771 3836 858 3893 cutia,
883 3835 981 3882 nullum
1002 3849 1106 3896 apeme
1121 3837 1240 3885 salutem.
1266 3837 1324 3886 Liv.

182 3927 244 3976 gans
260 3913 357 3961 dicendi
373 3911 488 3961 formula.
506 3910 730 3974 Aristopthuit.
750 3902 753 3967 1
771 3911 834 3960 VII.
852 3913 892 3962 35.
919 3914 989 3976 Erqo
1010 3929 1062 3962 una
1077 3919 1116 3963 eat
1137 3917 1218 3972 adua,
1242 3926 1325 3966 mirr-

182 3995 283 4042 Σαυτὸν
298 3992 323 4041 δὲ
340 3993 392 4040 Καὶ
404 3990 570 4053 σκυτοτόμοις
582 3991 624 4040 καὶ
634 3989 730 4056 βυρσο-
769 4006 831 4052 pere
847 3993 906 4040 binc
922 3997 998 4055 atque
1014 3994 1090 4041 abire.

183 4071 301 4137 πώλῃσιν
318 4069 399 4128 δίδως.
433 4070 522 4120 Cicero
532 4069 571 4118 11.
585 4070 615 4118 de
627 4068 731 4119 Oratore
808 4072 830 4119 0
855 4072 975 4134 qauqaia.
1020 4069 1149 4119 Bentleius
1171 4072 1230 4134 quaa
1255 4075 1324 4136 quia,

182 4153 223 4200 44.
258 4153 289 4200 st
308 4167 334 4200 aa
354 4153 429 4208 dant,
451 4157 476 4200 et
496 4166 543 4199 aaa
563 4157 663 4214 sponte,
684 4164 732 4213 quo
772 4149 851 4208 Vere,
868 4156 936 4212 puto.
963 4151 1003 4199 Do
1018 4150 1138 4199 eiusmodi
1150 4151 1264 4213 repetitis
1283 4167 1325 4201 vo-

182 4230 729 4293 impellimuc,irteltnantatquepropeudeat.
772 4229 866 4278 cabulis
890 4230 940 4278 vid.
961 4229 1031 4280 Cort.
1058 4231 1089 4278 ad
1110 4231 1206 4279 Lucan.
1223 4230 1245 4278 Ι.
1264 4232 1325 4279 521.

182 4305 241 4354 Vid.
267 4305 363 4354 Heinsii
388 4304 526 4354 Adversar.
551 4322 608 4369 pag.
637 4309 675 4356 14.
705 4314 731 4357 et
771 4309 891 4358 Burman.
912 4309 1324 4377 acProperr„11.2.uoiMark-
