2916 5220
563 315 883 379 CARMINUM

340 507 498 571 l'aeaturn
522 504 664 568 volitant
687 527 744 588 per
768 526 856 568 mare
879 504 1029 584 navitae,

430 607 564 694 Culpari
587 607 709 672 metuit
733 607 852 689 Fides,

335 712 446 777 Nullis
470 711 631 796 polluitur
653 714 744 775 casta
764 710 884 776 domus
913 710 1061 795 stupris,

337 817 416 881 Mox
439 821 473 880 et
494 815 550 879 lex
572 815 780 879 maculosum
803 813 952 879 edomuit
974 813 1085 896 nefas,

338 919 530 984 Laudentur
553 916 656 983 simili
679 917 771 1002 prole
793 939 988 1002 puerperae,

429 1021 570 1106 Culpam
593 1042 699 1105 poena
721 1020 843 1105 premit
865 1041 983 1086 eomes.

340 1124 420 1205 Quis
445 1124 605 1188 Parthum
628 1128 766 1208 paveat,
797 1123 871 1208 quis
894 1123 1042 1208 gelidum
1067 1123 1235 1208 Scythen?

337 1227 418 1307 Quis
443 1227 624 1293 Germania
647 1248 728 1311 qnos
753 1227 885 1292 horrida
907 1225 1049 1311 parturit

340 1331 481 1412 Foetus,
508 1330 666 1395 incolumi
691 1331 850 1396 Caesare?
874 1331 948 1417 quis
971 1330 1058 1397 ferae

426 1434 556 1500 Bellum
580 1439 671 1499 curet
694 1433 847 1500 Iberiae?

159 1643 235 1691 quam
252 1626 319 1674 haud
335 1625 444 1674 multum
456 1624 569 1673 dissimili
580 1624 653 1673 modo
669 1638 707 1673 oe·
749 1624 815 1672 leam
831 1629 856 1673 et
869 1631 962 1686 partas
977 1629 1003 1673 et
1012 1624 1103 1687 foetae
1114 1625 1245 1688 ingentes,
1259 1625 1295 1674 sed

159 1708 322 1757 lebrarerunt
342 1703 464 1759 historici,
490 1703 620 1765 praecipue
645 1701 706 1752 Vel·
749 1716 799 1751 non
814 1709 929 1766 poterant
945 1704 1032 1752 timere
1047 1702 1140 1760 foetum
1159 1718 1224 1768 quos
1242 1703 1297 1754 Ger·

158 1787 221 1835 leius
231 1784 381 1834 Paterculus
393 1783 429 1833 11.
442 1783 482 1831 89.
498 1783 607 1831 Easdem
619 1781 707 1830 laudes
749 1783 833 1830 mania
846 1784 997 1845 parturibat
1012 1781 1053 1831 vel
1071 1782 1202 1845 pariebat,
1219 1792 1298 1846 ‘quum

159 1867 245 1914 iisdem
266 1879 345 1927 paene
362 1862 443 1912 verbis
461 1862 597 1911 Anastasio
622 1860 707 1908 tribuit
749 1861 868 1910 Horatius
893 1860 940 1909 hae
964 1860 1095 1910 scribebat.
1127 1861 1212 1910 Silent
1227 1861 1296 1910 inter-

159 1945 296 2006 Prooopias
313 1944 344 1992 T.
362 1942 398 1991 11.
415 1956 472 2005 pag.
490 1942 529 1990 44.
559 1940 611 1989 Kal
628 1938 707 1997 οὕτως
748 1948 837 2005 preter.
860 1940 1009 2004 Accipiunt,
1026 1940 1113 2000 credo,
1123 1940 1225 2003 foetur,
1240 1954 1296 2004 quos

159 2023 220 2088 ἡμῖν
243 2022 385 2087 προῆλᾶις,
408 2019 512 2077 πάντας
534 2018 707 2082 ἀποκρύπτων
749 2020 884 2070 Germanis
895 2019 1011 2083 protulit,
1026 2019 1188 2068 iuventutem
1200 2019 1296 2070 Germa-

159 2104 196 2167 τῷ
212 2103 334 2166 θαύματι.
361 2100 423 2151 ’ὅθεν
439 2101 500 2165 ἡμῖν
517 2099 543 2148 ai
561 2098 648 2154 πόλεις
665 2098 706 2146 ri·
749 2114 815 2150 nam.
848 2101 941 2150 Dooeri
961 2099 1060 2162 cupiam
1077 2099 1126 2148 hoc
1142 2099 1238 2148 Latine
1254 2099 1298 2147 dici

158 2181 289 2244 δαίμονες,
306 2184 394 2244 χοροῖς
411 2175 706 2243 μεμελημέναικαίπαν-
752 2182 891 2230 Germania
911 2195 951 2230 eoa
969 2181 1096 2243 parturit.
1122 2178 1228 2229 Interea
1246 2179 1298 2228 suri·

159 2261 287 2324 ηγύρεσιν.
305 2257 391 2322 εἰρήνη
411 2259 459 2323 γὰρ
476 2257 538 2321 ἡμῖν
557 2254 706 2319 τοῖςτράγ-
749 2260 823 2308 bam:
854 2261 920 2319 Quia
948 2260 1088 2309 Germania
1114 2273 1180 2321 qnos
1201 2259 1299 2308 horrida

156 2354 235 2402 μασιν
260 2337 374 2386 ἐπανθεῖ.
406 2335 486 2400 'Apris
511 2335 536 2385 δὲ
558 2335 599 2384 καὶ
617 2333 707 2391 στάσις
746 2341 865 2402 portarit
878 2338 974 2388 Motus.
991 2337 1033 2385 Ita
1047 2336 1124 2399 plane
1139 2335 1191 2385 sibi
1207 2351 1299 2401 respon-

158 2414 244 2480 πύρῤω
261 2420 313 2465 τῶν
329 2413 454 2479 ἡμετέρων
474 2415 615 2464 πλανᾶται.
635 2413 706 2462 πλεῖ·
749 2419 809 2466 dent
825 2419 881 2481 quis
904 2418 996 2466 bellum
1016 2421 1087 2464 caret
1109 2417 1228 2477 Irenae,
1247 2418 1299 2479 quia

158 2508 202 2545 ται
227 2497 274 2561 μὲν
298 2498 352 2552 τοῖς
382 2493 500 2559 ἐμπύροις
526 2492 665 2549 ἀκινδύνως
689 2491 706 2551 ἡ
749 2503 831 2546 neotus
844 2495 1017 2546 Germaniae?
1041 2495 1134 2543 Mettis
1155 2495 1207 2542 hae
1228 2494 1299 2557 signi·

157 2575 287 2626 θάλαττα.
306 2574 349 2623 ἐπί
367 2572 392 2622 δὲ
409 2572 514 2636 κούφαις
530 2569 659 2628 ἐλπίσινὴ
673 2574 706 2634 γῆ
749 2576 863 2624 fieutioue
883 2574 998 2638 frequens
1021 2580 1059 2622 est
1077 2574 1146 2636 apud
1173 2574 1301 2623 historiens

158 2656 311 2716 γεωργεῖται.
338 2651 431 2714 κράνος
449 2650 487 2710 δὲ,
513 2650 554 2697 καί
571 2648 643 2712 δόρυ,
665 2648 706 2696 καί
749 2662 774 2703 et
795 2654 914 2703 Horatius
936 2655 987 2717 ipse
1008 2653 1094 2716 posuit
1115 2651 1152 2701 H.
1174 2652 1261 2703 curm,
1280 2655 1299 2701 l,

113 2751 117 2757 ·
158 2731 243 2794 ξίφος,
265 2729 300 2787 εἰς
324 2730 418 2794 ἄροτρα
438 2727 642 2788 μετεσκεύασται,
665 2727 706 2775 καὶ
751 2731 851 2782 Motum
885 2749 916 2782 ex
938 2731 1041 2782 Metello
1066 2732 1170 2780 romule
1187 2734 1299 2783 uiuimus,

157 2808 234 2870 φίλας
252 2806 430 2871 προσηγορίας.
448 2806 559 2854 τίκτουσι
576 2804 600 2854 δὲ
617 2810 705 2869 γοναῖ-
749 2812 885 2875 Eleganter
896 2827 971 2875 poi-10
985 2813 1128 2861 Germania
1139 2817 1225 2860 motui
1237 2828 1298 2875 par.

157 2903 197 2942 κες
217 2885 316 2934 ἐοικότα
334 2882 409 2932 τέκνα
427 2885 534 2946 γονεῦσι.
561 2883 612 2932 Ubi
623 2883 706 2946 legen·
750 2893 832 2948 tui-it,
853 2891 919 2938 clam
944 2897 970 2939 et
994 2890 1154 2938 vehementer
1181 2891 1298 2941 minatur,

158 2965 218 3012 dum
244 2963 286 3013 iri
311 2961 332 3013 δ’
357 2962 387 3011 θῦ
412 2961 525 3026 ratpoti.
577 2961 707 3010 POStrema
749 2970 876 3032 Theognis
901 2984 937 3019 vs.
962 2971 1003 3018 39.
1030 2968 1129 3033 Κύρνε,
1149 2968 1207 3018 κύει
1228 2969 1298 3026 πόλις

157 3050 216 3092 sunt
233 3056 319 3091 versas
335 3041 478 3090 notissimus
495 3041 603 3090 Hesiodi.
749 3048 806 3110 ἥδε,
823 3047 922 3098 δέδοικα
934 3048 972 3109 δὲ,
981 3048 1016 3111 μὴ
1028 3046 1088 3111 τέκῃ
1101 3046 1186 3111 ἄνδρα
1203 3048 1297 3097 Eri-ivr-

191 3123 347 3172 Laudaninr
371 3123 450 3170 ainriii
471 3122 541 3184 prole
558 3136 706 3183 puerperae.
750 3130 816 3191 τῆρα
838 3130 915 3187 κακῆς
931 3126 1019 3191 ύβριος
1039 3124 1170 3190 ἡμετέρης.
1206 3125 1295 3175 Psalm.

157 3202 240 3250 Latini
257 3199 368 3249 absolute
384 3206 481 3262 ponunt
496 3201 592 3257 similis,
609 3214 655 3261 pro
671 3201 705 3248 si·
749 3204 812 3254 VII.
833 3205 870 3254 15,
889 3203 951 3265 ἰδοὺ,
965 3204 1086 3264 ὠδύνησεν
1103 3203 1222 3266 ἀδικίαν,
1240 3222 1297 3254 σνν-

157 3284 225 3331 miiia
236 3280 333 3338 iltioni
344 3279 431 3327 similis
442 3294 494 3328 ease
504 3279 580 3327 dedet.
593 3277 706 3327 Iuvenal.
749 3282 826 3344 έλαβε
854 3285 951 3344 πόνον,
986 3284 1027 3331 rai
1058 3285 1142 3332 ἔτεκεν
1176 3282 1294 3348 ἀνομίαν.

157 3361 179 3410 Ι.
197 3360 249 3410 Sat.
271 3360 295 3407 6.
315 3361 345 3408 Si
362 3361 418 3421 qaia
430 3357 706 3405 Aristotelernaimiiem
749 3362 836 3412 Cicero
853 3363 879 3410 iu
895 3362 1038 3425 Philippica
1054 3361 1090 3410 11.
1126 3364 1237 3411 Utinam
1253 3365 1296 3412 τοί·

157 3441 195 3489 vel
208 3440 331 3488 Pittacon
341 3438 408 3486 eniti.
422 3435 485 3485 Siai.
498 3433 638 3482 II.Achssl.
651 3435 706 3484 191.
746 3443 862 3503 publicae
878 3443 946 3491 dolor
970 3442 1070 3504 pariat,
1091 3443 1158 3502 quod
1179 3442 1235 3489 iam
1254 3442 1296 3490 diu

160 3519 310 3566 Similemne
326 3516 505 3563 oiditinanro.
520 3513 616 3575 Appul.
629 3513 705 3576 Apol.
745 3523 872 3582 parturit,
901 3521 956 3569 Liv,
982 3519 1058 3568 XXI.
1079 3519 1116 3568 18.
1147 3519 1225 3578 Quod
1248 3522 1296 3568 iani

159 3597 188 3645 Τ.
214 3596 249 3643 Π.
275 3608 332 3656 pag.
363 3593 418 3641 418.
446 3593 571 3643 Filiorum
596 3594 706 3642 cariores
748 3600 793 3646 diu
809 3602 925 3658 parturit
942 3601 1145 3658 animaremur,
1162 3601 1296 3662 aliqnando

159 3691 222 3733 esre,
240 3675 285 3737 qni
301 3674 394 3721 similar
411 3673 536 3720 videntur.
559 3672 599 3721 De
611 3671 706 3722 Graeco
746 3679 843 3738 pariat.
877 3677 995 3726 Ambros.
1013 3677 1044 3726 de
1061 3676 1126 3726 Cain
1143 3683 1168 3725 et
1185 3677 1255 3727 Abel
1263 3675 1295 3726 11.

158 3754 245 3820 ὅμοιος
262 3751 392 3815 Wyttenb.
414 3751 444 3798 ed
466 3750 596 3798 Plutarch.
614 3751 703 3800 Moral.
750 3756 770 3804 l.
789 3759 847 3805 Hos
869 3763 962 3820 partas
982 3759 1069 3806 anima
1093 3763 1185 3806 nostra
1204 3763 1293 3820 parta·

158 3834 190 3882 T.
204 3834 225 3882 1.
244 3831 380 3883 Animadn
398 3845 421 3891 p.
440 3830 495 3878 492.
747 3837 814 3893 rint,
831 3852 876 3886 neo
891 3839 972 3885 solnm
990 3837 1138 3899 parturiat,
1160 3838 1295 3885 sedetiam

195 3914 259 3972 Qua
282 3912 422 3960 Germania
442 3923 501 3971 quoa
522 3910 627 3958 horrida
645 3925 706 3971 por·
746 3917 842 3975 pariat.
875 3915 1007 3978 Duplioem
1032 3915 1239 3978 significationem
1264 3928 1295 3963 re·

159 3992 348 4046 tarit‚Foetaa
360 3988 479 4037 Horatius
495 3989 521 4035 in
537 3988 617 4050 Epod.
630 3988 705 4038 XVI.
747 3994 829 4056 spexit
855 3994 949 4044 Seneca
968 3995 1036 4044 Med.
1061 3995 1102 4044 25.
1123 4001 1222 4057 parta,
1248 3997 1295 4043 iarn

160 4072 213 4120 Neo
229 4071 292 4135 fera
313 4071 426 4119 οοονιιίαα
446 4071 543 4117 doninii
566 4068 707 4118 Gmniania
744 4079 824 4136 parta
845 4080 881 4122 eat
897 4076 969 4123 uitio.
995 4075 1096 4135 Peperi.
1127 4074 1199 4122 Ioan.
1218 4074 1294 4136 Chry-

155 4152 227 4210 pube.
256 4149 485 4199 Mani1.1V.713.
509 4150 591 4195 Flava
607 4164 652 4210 per·
668 4151 706 4198 in·
747 4158 804 4200 sost.
822 4150 892 4201 Orat.
914 4153 935 4201 1.
959 4153 989 4201 de
1007 4152 1106 4203 sacerd.
1127 4154 1148 4201 l.
1174 4151 1294 4218 Ἀθρόως,

157 4234 240 4289 uenter
266 4230 350 4291 inruit
374 4229 514 4277 Germania
533 4231 634 4289 partas.
672 4229 707 4275 Et
748 4233 781 4291 ἣν
799 4232 881 4281 πάλαι
908 4232 998 4283 ὼόἱνεν
1021 4233 1174 4296 ἐπιθυμίαν,
1195 4231 1294 4282 inirem

158 4307 264 4357 Romani
280 4306 366 4354 timere
383 4309 496 4366 poterant
512 4308 602 4369 pubem
619 4321 704 4356 caeru·
749 4311 811 4360 τότε.
