2916 5220
648 334 685 342 --
1149 316 1234 358 XXIII

95 479 231 536 divinum
252 497 341 553 opus,
364 478 495 535 subitum
517 487 616 534 tamen
639 497 713 554 opus
730 488 809 536 sunt.
847 480 1102 554 Explicationem,
1118 483 1230 557 quippe

94 576 134 631 ab
157 574 225 630 aliis
248 573 320 629 satis
342 581 515 644 tractatam,
539 581 703 630 retractare
727 575 832 631 noluit.
877 575 991 648 Quodsi
1012 575 1173 633 Horatium
1195 596 1231 633 eo

94 687 215 742 qnoque
239 667 363 740 consilio
384 668 478 725 semel
499 676 616 725 tantum
637 670 772 743 legisset,
796 689 899 728 versus
915 671 1078 728 adulterini
1092 671 1170 729 hanc
1185 691 1230 729 sa·

93 763 256 838 gacitatem
282 780 342 818 non
368 762 535 819 latuissent.
577 762 631 820 Bis
656 772 770 832 tamen,
798 764 829 820 ni
851 764 953 835 fallor,
976 765 1033 821 hoc
1054 783 1148 839 genus
1167 764 1231 824 Cri-

93 860 169 916 tices
190 857 344 928 adhibuit,
367 858 398 914 in
419 857 477 915 IV.
501 855 601 916 Carm.
625 858 653 915 8.
680 859 726 914 17.
769 857 831 917 Ubi
851 878 880 916 se
900 877 1068 937 agnoscere,
1091 861 1146 933 ait,
1168 880 1231 919 ver·

92 971 158 1010 sam
174 950 369 1010 Moaacbalis
378 949 470 1028 plane
481 951 562 1028 pecii
576 959 603 1008 et
618 951 740 1009 colora:
757 961 788 1009 et
801 954 832 1009 in
847 954 945 1029 Epod.
961 955 1001 1011 V.
1018 955 1067 1011 87.
1082 971 1181 1032 quem,
1196 964 1230 1013 ut

92 1048 230 1123 spurium
261 1054 289 1103 et
313 1043 542 1122 interpolatum,
570 1045 632 1103 sola
658 1048 782 1124 spoupia
806 1049 911 1106 sanari
932 1065 1030 1124 posse,
1057 1047 1138 1106 arilia
1165 1048 1230 1106 alia

93 1139 251 1198 medicina.
293 1140 396 1212 Atque
417 1140 449 1196 in
470 1142 535 1198 istis
555 1141 630 1198 locis
652 1160 727 1215 opus
747 1150 812 1198 erat
826 1143 1041 1218 explicatione,
1057 1162 1147 1216 quam
1162 1162 1229 1200 cum

92 1237 126 1292 in
155 1236 223 1292 aliis
248 1235 346 1292 minus
372 1244 507 1307 curaret,
535 1237 572 1292 de
599 1236 710 1310 spuriis
738 1237 765 1292 ei
791 1237 822 1292 in
843 1246 974 1295 mentem
995 1257 1055 1295 non
1076 1239 1227 1296 veniebat.

93 1331 143 1386 De
170 1349 230 1403 qua
250 1348 283 1386 rc
306 1331 499 1402 caeteroquin
521 1329 594 1403 quid
616 1338 767 1400 censeret,
790 1331 862 1388 satis
884 1332 916 1389 in
937 1333 1065 1389 Manilio
1087 1334 1227 1389 ostendit.

94 1424 195 1497 Quam
222 1443 326 1480 verum
358 1432 459 1482 autem
484 1425 537 1492 sit,
566 1432 704 1499 oportere
734 1425 864 1498 aIIquem
893 1427 929 1482 de
955 1427 1013 1483 ista
1038 1427 1228 1483 librariorum

92 1521 200 1577 fraude
222 1521 369 1595 cogitare,
392 1522 424 1577 ni
445 1522 619 1595 Imprudens
640 1527 672 1575 et
692 1519 774 1575 aliud
793 1538 885 1594 agens
908 1520 984 1577 falsa
1005 1540 1060 1596 pro
1082 1521 1162 1578 veris
1182 1539 1229 1577 ac-

93 1617 201 1690 cipiat,
224 1616 392 1672 testimonio
415 1625 461 1672 est
482 1613 712 1672 Valckenarius.
754 1613 952 1672 Ruhnkenius
967 1616 997 1671 in
1012 1615 1150 1689 Epistola
1165 1612 1229 1671 Cri·

92 1712 155 1767 tica
183 1711 220 1767 de
241 1710 370 1784 Hymnis
391 1710 624 1768 Homeridarum
644 1707 754 1764 multos
776 1727 881 1765 versus
903 1710 1078 1766 subditicios
1100 1710 1227 1784 expulit.

94 1802 259 1861 Consultus
281 1806 319 1861 ab
342 1823 377 1861 eo
398 1804 634 1873 Valckenarius,
657 1803 709 1875 qui
724 1811 755 1859 et
769 1803 832 1876 ipse
848 1803 985 1878 Hymnos
1001 1804 1226 1879 diligentissime

92 1900 188 1955 lectos
215 1901 308 1973 probe
334 1899 536 1973 intelligebat,
563 1899 716 1955 interdum
741 1899 911 1972 respondit:
939 1895 1066 1974 Spurios
1090 1918 1147 1957 csse
1167 1918 1227 1957 ruo·

92 1994 174 2051 uitus
193 2011 252 2050 aaa
272 1991 386 2050 dubita:
409 1991 559 2050 dubitanti
578 2009 745 2050 consensum
763 2000 925 2071 extorques.
957 1994 999 2050 Et
1017 2013 1109 2067 quum
1127 1995 1229 2051 Ruhn-

91 2088 202 2144 kenius
223 2089 324 2162 paullo
347 2088 472 2145 calidius
493 2087 675 2162 scripsisset:
698 2086 730 2144 bi
751 2105 849 2146 versus
868 2096 936 2146 suut
956 2087 1029 2146 adeo
1044 2087 1170 2166 irfieeti,
1185 2098 1228 2156 ut,

92 2184 145 2260 qui
165 2183 292 2260 aliquem
313 2182 422 2240 barura
443 2181 600 2240 literarum
619 2189 736 2258 pastam
761 2181 881 2252 babeat,
907 2200 965 2240 aaa
986 2184 1080 2259 possit
1106 2202 1163 2241 aaa
1183 2184 1228 2240 in·

92 2276 284 2353 terpolatoris
318 2295 440 2334 maurim
471 2295 638 2353 agnoscere,
671 2277 892 2334 Valckenarius
927 2278 1060 2351 placide:
1102 2276 1226 2354 Capita,

91 2391 212 2450 quaeso,
234 2380 377 2449 quautam
388 2369 491 2448 faerit
512 2369 663 2429 bominum
683 2369 964 2440 eruditissimorum,
986 2373 1038 2448 qui
1058 2371 1109 2429 boa
1130 2390 1228 2429 uersus

92 2468 225 2544 leporum
245 2475 278 2525 ut
297 2467 446 2543 penninos.
492 2464 543 2523 Ad
566 2467 671 2542 spuria
697 2463 870 2523 secernenda
897 2462 932 2522 de
956 2466 1105 2541 pecuinis,
1131 2466 1228 2524 miuus

90 2563 226 2620 acimum
246 2561 385 2620 kactenus
405 2559 604 2618 attenderunt.
647 2561 733 2617 Haec
761 2579 799 2616 ex
822 2560 956 2634 epistolis
980 2560 1176 2617 Valckenarii
1197 2571 1228 2618 et

91 2657 266 2714 Ruhnkenii
287 2677 306 2714 a
326 2657 452 2714 Mahnio
468 2676 565 2731 nuper
587 2658 686 2714 editis.
724 2657 776 2713 Ad
797 2659 875 2713 hanc
896 2657 989 2730 igitur
1012 2655 1140 2715 Critices
1162 2677 1228 2732 par·

91 2763 154 2810 tem
179 2761 261 2810 recte
283 2754 497 2823 exercendam,
525 2752 652 2826 primum
678 2753 843 2825 requiritur
865 2753 981 2809 animus
1001 2752 1102 2809 fraudi
1124 2754 1227 2828 depre-

91 2849 270 2905 hendendae
291 2849 438 2916 intentus3
466 2849 574 2904 deinde
597 2848 827 2917 consuetudine,
850 2847 959 2918 forma,
983 2857 1013 2905 et
1034 2849 1140 2906 habitu
1157 2850 1228 2906 scri·

92 2945 188 3020 ptoris
209 2945 285 3001 adeo
307 2945 452 3014 imbutus,
475 2953 521 3014 ut,
544 2944 690 3017 quidquid
712 2944 751 3000 ab
773 2943 819 2999 his
836 2943 986 3000 diversum
1004 2944 1056 3013 sit,
1074 2963 1110 3001 eo
1125 2945 1226 3001 statim

91 3042 252 3110 afficiatur,
274 3040 364 3112 idque
387 3040 506 3096 sentiat.
550 3039 641 3095 Hunc
667 3057 787 3095 sensum
810 3038 961 3113 eprIcarc
982 3047 1073 3112 atque
1095 3040 1127 3095 in
1151 3039 1225 3096 alios

92 3135 304 3193 transfundere
330 3136 482 3191 interdum
509 3135 626 3190 difficile
650 3141 704 3190 est.
748 3132 849 3205 Quare
872 3135 1008 3191 nonnulli
1029 3135 1139 3191 iudicio
1162 3153 1226 3192 sen·

92 3250 144 3288 sus
164 3230 311 3287 minorem
327 3231 465 3287 tribuunt
488 3230 711 3298 auctoritatem,
740 3247 829 3300 quam
851 3247 908 3303 par
930 3237 984 3285 est.
1028 3229 1098 3286 Non
1119 3230 1224 3303 ignoro

93 3343 269 3401 perversum
290 3326 353 3381 eius
376 3324 538 3380 adhibendi
560 3341 661 3393 usum,
694 3331 725 3379 et
745 3322 855 3379 multos
880 3324 912 3378 in
935 3342 970 3378 eo
994 3323 1085 3379 fuisse
1104 3324 1224 3379 nimios:

92 3422 145 3478 sed
171 3421 229 3476 hoc
255 3438 319 3477 rem
345 3421 442 3494 ipsam
469 3437 566 3492 neque
593 3419 702 3475 minuit
723 3437 820 3490 neque
843 3417 930 3474 tollit.
973 3418 1226 3492 Wyttenbachins

93 3515 206 3591 Opusc.
230 3515 267 3571 T.
290 3515 316 3571 I.
339 3534 408 3589 pag.
429 3515 498 3571 464.
520 3514 656 3570 homines
672 3515 703 3571 in
724 3514 781 3570 hac
798 3531 904 3570 caussa
920 3512 1113 3584 difficiliores,
1135 3515 1226 3571 veris-

92 3613 165 3668 sime
187 3610 231 3668 ita
252 3611 384 3667 monuit:
409 3606 446 3666 Si
457 3608 545 3687 sorta
565 3611 716 3667 rationum
740 3626 873 3666 mearum
894 3610 955 3665 airu
976 3609 1074 3667 suiuus
1091 3627 1226 3686 percepc-

92 3709 156 3763 riat
183 3724 219 3763 ac
243 3706 398 3776 senserint,
429 3723 525 3762 secum
551 3711 700 3780 reputent,
733 3704 809 3761 bunc
834 3721 948 3760 sensura
974 3722 1032 3761 aaa
1057 3704 1117 3760 uisi
1141 3702 1225 3782 lango

92 3799 240 3858 Auctoris
264 3817 319 3856 aaa
344 3801 534 3875 comparari,
564 3815 616 3854 aee
641 3797 810 3854 rationibus
835 3795 1018 3873 suplicandis
1042 3799 1075 3854 ia
1095 3796 1225 3854 aliorum

92 3897 209 3952 animos
230 3891 355 3972 inferri,
381 3893 431 3950 sed
455 3893 648 3952 auctoritatis
675 3893 772 3950 instar
798 3892 944 3959 obtineam
972 3893 1068 3967 igitur
1095 3893 1122 3946 ai
1142 3909 1225 3948 usura

92 4150 210 4213 reperim,
235 4147 302 4210 quod
318 4144 520 4194 Hcmsterhusius
537 4149 632 4201 noster,
657 4142 770 4191 Bentleio
790 4139 889 4203 ingenio
905 4147 930 4189 et
946 4140 1058 4189 doctrina
1073 4139 1226 4197 simillimus,

91 4229 173 4276 dicere
189 4227 294 4275 solebat:
320 4225 462 4274 Bentleium
479 4224 560 4273 multa
576 4238 675 4272 movere
691 4237 741 4271 non
758 4221 892 4269 movenda:
913 4221 955 4270 sed
971 4221 1094 4284 plerisque
1110 4220 1170 4269 locis
1187 4236 1226 4268 ve-

92 4315 156 4357 teres
173 4308 315 4370 scriptores,
333 4307 353 4355 si
369 4307 405 4354 ita
421 4304 583 4368 scripsissent,
601 4309 629 4350 ut
640 4302 767 4351 Bentleius
780 4302 913 4363 legendum
928 4302 1043 4357 decernit,
1055 4301 1142 4349 melius
1154 4301 1226 4348 luisse

92 4387 224 4436 facturos.''

1065 4463 1105 4517 U*
