2916 5220
616 309 731 371 nin
759 309 841 371 nn.
951 321 956 327 ·
1128 282 1131 287 ’
1233 316 1297 378 sca

255 493 399 578 Polypus
424 515 465 558 an
488 493 598 578 gravis
630 493 766 559 hirsutis
792 495 888 559 cubet
912 495 1021 561 hircus
1047 498 1080 561 iu
1105 499 1187 582 alis,

299 596 405 675 Quam
428 596 518 661 canis
541 618 630 679 acer,
654 597 711 662 ubi
735 597 838 662 lateat
861 620 926 663 sus.

255 699 318 778 Qui
345 701 444 764 sudor
464 699 561 765 vietis
586 705 619 764 et
642 722 741 785 quam
764 701 872 766 malus
903 703 1047 788 undique
1071 705 1226 770 membris

299 801 424 866 Crescit
448 803 536 885 odor,
562 825 663 888 quum
687 825 770 888 pene
789 805 897 869 soluto

254 905 454 970 Indomitam
475 913 627 991 properat
650 907 774 972 rabiem
801 909 932 991 sedare,
958 931 1017 975 nec
1041 911 1092 974 illi

299 1010 368 1073 Iam
397 1015 509 1074 manet
532 1009 669 1074 humida
696 1017 784 1075 creta
811 1012 962 1097 colorque

253 1113 399 1178 Stercore
420 1112 549 1178 fucatus
573 1113 745 1195 crocodIII,
773 1114 906 1199 iamque
933 1117 1080 1181 subando

295 1216 397 1280 Tanta
420 1215 542 1280 cubilia
565 1221 715 1301 tectaque
736 1218 877 1302 rumpit:

251 1318 312 1382 Vel
336 1340 409 1382 mea
428 1340 530 1403 quum
550 1318 655 1383 saevis
678 1319 784 1403 agItat
804 1320 939 1386 fastidia
959 1324 1088 1388 verbis:

296 1420 455 1485 “Inachia
477 1421 613 1505 langues
637 1422 747 1486 minus
774 1445 811 1487 ac
834 1445 906 1488 me:

252 1523 420 1588 Inachiam
449 1529 497 1588 ter
520 1530 616 1589 nocte
635 1529 745 1609 potes,
770 1525 853 1589 mihi
875 1548 1002 1611 semper
1021 1529 1063 1592 ad
1082 1551 1186 1594 unum

193 1698 480 1760 thuaarmalas.1n
497 1711 547 1746 uno
563 1696 633 1746 Laid.
651 1699 707 1760 qais
748 1696 799 1745 XI.
828 1697 893 1747 Aen.
916 1700 972 1748 406.
997 1701 1085 1763 paullo
1106 1707 1144 1750 est
1161 1701 1295 1751 difficilior:

161 1777 254 1824 malae.
752 1778 796 1824 Vel
828 1792 885 1826 cam
914 1794 940 1828 se
969 1781 1091 1842 pavidam
1119 1785 1208 1829 caretro
1241 1797 1296 1829 rica

195 1853 295 1903 Crescit
311 1857 377 1904 ador.
395 1855 452 1904 MS.
469 1855 543 1904 Voss.
560 1860 664 1905 creseat.
748 1858 832 1918 iarpia
842 1857 923 1920 finpit
949 1858 1065 1921 Artificis
1080 1860 1170 1915 saetas,
1195 1865 1220 1908 et
1233 1861 1293 1922 sar-

197 1935 282 1992 Qaam
297 1949 360 1996 pene
377 1936 465 1982 saluta.
481 1933 706 1982 Scribendumesse
749 1936 842 1984 arietina
877 1938 971 1984 crimen
1007 1940 1115 1987 acerbat.
1160 1937 1201 1986 Ac
1232 1937 1295 1987 forte

160 2013 278 2062 arbitror:
304 2030 380 2076 paam
404 2029 484 2076 paene
507 2016 600 2062 coliata.
638 2014 705 2062 Nam
747 2014 905 2062 scribendum
935 2022 983 2063 est:
1025 2016 1131 2079 Artifia
1155 2019 1244 2066 scelere
1270 2025 1295 2067 et

160 2092 282 2141 Horatius
300 2107 355 2140 eam
376 2107 426 2140 non
448 2100 551 2154 poterat.
585 2093 649 2140 Erat
665 2093 705 2141 vel
741 2092 883 2154 formidine
897 2095 990 2141 crimen
1007 2096 1117 2142 acerbat.
1144 2094 1228 2143 Schol.
1248 2096 1292 2144 Iu-

160 2173 244 2220 mollis
261 2173 296 2220 ad
312 2188 389 2220 anam
406 2187 473 2233 apae.
503 2173 599 2219 Notum
616 2173 642 2219 in
659 2171 705 2220 hac
747 2170 827 2218 venal.
843 2171 874 2217 ad
899 2170 951 2219 Sat.
974 2172 1037 2219 XV.
1058 2173 1094 2220 16,
1134 2175 1170 2221 Ut
1188 2177 1294 2223 terendae

160 2266 187 2300 re
211 2258 247 2300 est
271 2252 376 2300 verbum
400 2253 475 2300 salai:
506 2250 630 2300 sententia
655 2251 705 2300 fere
748 2251 901 2311 aretalopar,
929 2249 989 2297 citat
1018 2251 1189 2312 Virgilianum
1218 2253 1293 2301 Arti-

160 2330 258 2388 eadem,
271 2344 335 2392 quaa
345 2329 372 2377 in
384 2330 421 2377 his
431 2329 539 2377 Ausonii
550 2329 638 2392 Epigr.
650 2329 703 2378 108.
740 2328 801 2389 ficis
816 2330 902 2376 saetas.
942 2330 1047 2391 Artifex
1064 2332 1143 2377 saetas
1167 2336 1219 2378 est:
1241 2339 1294 2380 arte

162 2410 283 2457 Titittata
300 2411 368 2457 breui
384 2425 461 2471 quarn
478 2411 530 2456 iam
547 2411 593 2456 sab
602 2409 704 2470 fiaeca-
747 2412 771 2454 ct
794 2406 853 2462 ,dolo
878 2407 1051 2468 compositum,
1077 2413 1106 2453 ut
1129 2422 1210 2456 sernia
1231 2412 1294 2457 arti-

161 2491 247 2551 taptaa
265 2491 362 2537 Fervet.
741 2485 1026 2547 sea,sar1na,caltas.
1051 2484 1111 2533 Vid.
1134 2486 1220 2535 Heins.
1239 2488 1293 2535 Ad-

196 2571 241 2617 Vet
258 2583 313 2615 mea
332 2583 409 2630 qaam
428 2569 507 2616 saeuis
526 2570 610 2628 apitat
622 2567 703 2628 fasti·
747 2579 837 2611 versat.
856 2565 890 2612 II.
909 2567 931 2612 6.
966 2565 1053 2626 Vulgo
1070 2565 1193 2626 accipiunt
1214 2569 1294 2614 scalas

159 2649 203 2695 dia
220 2649 307 2695 rerba.
329 2646 480 2708 Interpretes
501 2646 585 2693 locum
601 2645 705 2693 fortasse
747 2645 857 2706 artificia
876 2651 906 2690 ut
928 2645 1007 2692 caelas
1035 2645 1148 2690 terranis.
1188 2643 1237 2692 Sed
1261 2660 1294 2693 ex

159 2740 209 2772 non
226 2731 293 2773 recte
309 2731 463 2788 acceperunt.
496 2724 705 2772 Mitscherliehius
746 2723 846 2784 ingenio
879 2722 1022 2770 Latinitatis
1053 2721 1175 2784 signifieat
1200 2723 1292 2782 scelus,

159 2813 244 2852 tamen
262 2804 355 2866 aliquid
372 2805 441 2851 vidit.
468 2803 615 2866 Legendum
632 2810 703 2865 puto:
747 2803 812 2866 quod
837 2805 891 2865 ipae
917 2803 1015 2865 artifex
1036 2810 1060 2849 et
1087 2808 1171 2848 auctor
1196 2802 1293 2851 sceleris

163 2886 208 2933 Vel
224 2900 278 2932 mea
295 2899 371 2946 quam
388 2887 468 2932 saevis
489 2886 573 2944 apitat
588 2883 704 2944 fastidia
747 2882 863 2944 patravit.
897 2883 962 2931 Ecce
986 2883 1066 2944 ipsum
1097 2881 1232 2943 Virgilium
1257 2882 1292 2930 II.

159 2966 256 3012 verbis!
290 2964 331 3011 Ac
356 2962 412 3009 vide
437 2963 496 3010 mihi
524 2962 704 3024 impudentiam
747 2962 813 3010 Aen.
826 2964 879 3011 124.
898 2965 962 3010 caiti
972 2964 1023 3010 iam
1040 2963 1115 3009 raalti
1131 2964 1230 3010 crudete
1250 2976 1291 3010 ca-

159 3041 277 3089 mulieris.
303 3041 385 3098 Haec,
402 3056 466 3103 quae
486 3041 567 3089 adhuc
585 3040 649 3099 dixi,
667 3041 701 3089 fe·
747 3044 839 3088 aebaat
857 3043 974 3103 Artificis
991 3043 1078 3089 saetas.
1097 3039 1138 3088 sie
1156 3040 1292 3089 Sallustius

158 3121 220 3170 cisse
245 3135 294 3168 non
319 3121 379 3168 satiS
400 3120 482 3169 habet.
521 3120 608 3168 Audet
630 3121 704 3168 etiam
746 3121 776 3168 B.
805 3121 864 3182 Ing.
890 3123 931 3168 35.
962 3121 1061 3167 sicarios
1090 3119 1199 3180 appellat
1233 3123 1293 3168 tatis

158 3199 221 3247 mihi
237 3214 321 3248 meum
338 3199 464 3247 fastidium
482 3200 639 3261 exprobrare.
653 3199 703 3247 Vel
746 3201 838 3260 capotii
863 3201 982 3262 artifices.
1010 3198 1069 3245 Vid.
1091 3198 1239 3246 Rittershus.
1261 3199 1292 3246 ad

158 3279 292 3341 exprobrat
304 3279 377 3336 mihi,
394 3285 419 3326 et
430 3293 506 3341 quam
518 3279 596 3326 saevis
609 3278 702 3326 verbis!
747 3276 869 3326 Gunther.
900 3279 989 3340 Ligur.
1016 3277 1050 3325 V.
1077 3277 1133 3327 217.
1172 3279 1293 3340 Artifices
1339 3340 1341 3343 ι

158 3359 262 3416 talibus,
279 3359 383 3415 scilicet,
408 3372 471 3421 quea
492 3358 601 3421 exempli
617 3372 704 3408 caussa
750 3359 878 3405 sceterata.
917 3358 956 3405 De
973 3356 1095 3420 particula
1116 3359 1153 3403 cet
1174 3356 1292 3416 legantur

158 3437 267 3487 afferam.
294 3437 379 3485 Plant.
402 3435 457 3485 Mil.
478 3435 548 3485 Glor.
582 3436 604 3485 Ι.
625 3438 646 3485 l.
663 3438 703 3485 59.
746 3450 809 3497 quae
842 3436 961 3498 scripsere
990 3434 1155 3484 Ruhnkenius
1185 3435 1216 3481 ad
1242 3435 1292 3484 Te·

157 3519 255 3566 Anraat
274 3524 298 3566 te
314 3532 395 3565 enices
411 3519 541 3574 mulieres,
559 3533 637 3579 reque
651 3519 702 3565 her·
747 3521 809 3562 rent.
830 3515 946 3563 Eunuch.
971 3513 1021 3562 III.
1050 3515 1070 3562 l.
1098 3514 1122 3565 7.
1141 3521 1164 3562 et
1190 3513 1282 3562 Sueton

157 3599 194 3644 cle
218 3598 330 3654 iniuria,
368 3597 420 3654 Qui
445 3597 478 3642 sis
509 3602 561 3643 tarn
585 3597 703 3658 pulcher,
747 3607 803 3654 pag.
821 3593 878 3641 248.
893 3600 918 3642 et
934 3592 1092 3641 Tursellinus
1114 3593 1143 3640 de
1157 3592 1292 3640 Perticalis

157 3680 187 3720 at
203 3677 241 3723 vel
258 3677 329 3732 illae,
344 3691 408 3738 qaae
425 3677 482 3723 here
497 3677 578 3736 patilo
606 3673 651 3722 Me
666 3691 703 3722 re·
746 3686 804 3733 pag.
832 3672 902 3723 1047.
937 3673 974 3722 cd.
1005 3673 1159 3723 Sclrwartzii.
1201 3673 1292 3720 Libens

155 3755 352 3812 prehenderunt.
378 3753 484 3802 Poenul.
502 3753 550 3802 IV.
572 3754 592 3800 l.
610 3755 633 3801 2.
651 3759 704 3801 sta·
747 3758 829 3799 autem
850 3752 876 3798 in
897 3753 1035 3800 istiusmodi
1057 3752 1153 3800 dIcendi
1179 3750 1293 3798 formulis

157 3834 201 3880 dea
209 3833 276 3880 hanc
291 3834 401 3881 lenonem
407 3833 518 3894 perdere.
540 3833 615 3879 Velut
624 3848 704 3879 coeam
746 3831 850 3878 laudare
867 3831 1208 3892 soleoRuhnkenium,q11ia
1219 3845 1292 3878 nemo

158 3911 246 3958 heram
267 3912 384 3958 miseram
402 3915 532 3961 macerat!
558 3909 646 3960 Cleero
674 3910 704 3958 de
747 3923 787 3957 eas
804 3915 855 3955 tam
878 3910 1004 3972 eleganter
1024 3916 1049 3957 ct
1069 3910 1197 3971 perspicue
1218 3922 1291 3971 expo-

157 3989 264 4040 Oratore
298 3990 334 4039 II.
362 3992 402 4042 70.
432 3994 503 4040 caira
536 3992 703 4038 incaluerant·
747 3988 790 4035 nit.
818 3989 964 4035 Fastidiose
975 3990 1085 4050 apitare,
1103 3987 1153 4034 alia
1169 3988 1290 4049 significa-

157 4069 195 4115 lta
220 4075 279 4117 sant
304 4073 430 4133 ecempla,
446 4073 485 4118 ael
503 4071 584 4133 Appii
602 4071 705 4118 maioris
747 4068 813 4114 tione
837 4064 960 4127 reperitur
983 4066 1049 4127 apud
1065 4065 1154 4114 Iustin.
1172 4066 1249 4114 VIII.
1268 4069 1291 4116 4.

157 4148 235 4195 itlius.
258 4147 359 4196 Terent.
380 4148 471 4197 Heaut.
488 4148 537 4197 1v.
555 4149 578 4196 6.
605 4149 650 4195 Vet
667 4165 705 4196 me
746 4160 834 4208 nempe
851 4160 896 4207 pro
907 4146 1040 4208 fastidire.

157 4227 217 4273 haec
233 4229 402 4275 deambialntr'o
422 4245 498 4290 priam
515 4243 564 4275 aaa
581 4230 703 4276 laboriosa
780 4227 813 4272 M
816 4229 852 4274 ilii
869 4242 965 4287 semper
982 4227 1016 4272 ad
1028 4242 1106 4274 renam
1116 4227 1207 4274 Mollis
1221 4242 1291 4287 opas.

156 4308 191 4352 ad
211 4309 354 4367 lanpaarem
383 4309 459 4356 dedit.
493 4307 573 4354 Lacus
601 4305 705 4368 Virgilii
748 4307 804 4355 Non
823 4313 886 4355 recte
903 4307 1034 4368 interpres:
1056 4308 1100 4353 cic
1125 4322 1174 4354 saw
1191 4308 1292 4354 darvaco
