2916 5220
649 331 688 342 ω-

375 474 489 530 HENR.
510 473 592 529 CAR.
612 473 696 528 ABR.
717 473 964 528 EICHSTADIUS

394 583 423 637 P.
444 581 657 636 HOFMANNO
678 580 945 636 PnanKAMPIO

542 705 609 740 vino
632 704 794 741 cusarssmo

602 792 631 846 S.
650 794 682 846 P.
702 793 737 847 D.

141 953 275 1024 Vereor,
301 953 473 1009 Hofmanne
500 951 708 1026 Peerlkampi,
730 954 778 1008 vir
799 953 976 1024 clarissime,
999 974 1036 1011 ne
1058 955 1235 1013 insolentius

97 1051 157 1107 tibi
178 1068 268 1124 agere
289 1049 407 1118 videar,
431 1048 496 1120 qui,
519 1065 596 1120 quae
619 1048 765 1104 adversus
786 1056 817 1105 te
838 1049 962 1123 scripsi,
985 1050 1023 1105 ad
1042 1057 1071 1106 te
1088 1050 1153 1124 ipse
1171 1051 1235 1107 mit·

97 1152 164 1201 tere
186 1144 323 1199 audeam.
360 1142 434 1211 Sed,
456 1159 550 1214 quum
570 1142 680 1198 dubius
695 1161 792 1216 nuper
807 1143 975 1214 haererem,
998 1145 1070 1216 quid
1086 1163 1141 1218 par
1156 1154 1235 1200 esset

96 1257 147 1295 me
169 1237 286 1309 faeere,
307 1237 453 1294 hodierno
475 1236 523 1293 die
546 1237 733 1293 confirmavit
754 1237 886 1293 animum
908 1238 947 1309 is,
965 1239 1016 1311 qui
1031 1240 1086 1296 has
1101 1240 1156 1297 tibi
1171 1240 1236 1296 lite-

98 1352 151 1391 ras
172 1334 287 1405 reddit,
318 1334 392 1390 civis
414 1333 485 1390 olim
506 1333 690 1389 Academiae
707 1341 843 1403 nostrae,
866 1351 1042 1391 asseverans
1058 1335 1234 1404 firmissime,

100 1429 256 1486 doctrinae
284 1429 391 1499 laude,
428 1446 518 1501 quam
546 1428 603 1485 tibi
631 1446 750 1502 semper
781 1445 926 1484 summam
951 1429 1143 1486 tribuendam
1169 1447 1235 1486 esse

99 1524 221 1600 putavi,
243 1541 303 1579 uon
324 1523 470 1578 minorem
491 1540 557 1578 esse
579 1523 700 1578 laudem
721 1521 925 1578 humanitatis.
962 1523 1070 1596 Itaque
1088 1541 1176 1597 spero
1192 1523 1236 1579 fu·

99 1630 216 1689 turum,
243 1627 278 1675 ut
302 1619 378 1675 haec
405 1636 473 1674 mea
499 1617 661 1674 Paradoxa
687 1634 784 1689 aequo
810 1617 909 1673 animo
936 1618 1076 1693 accipias.
1120 1617 1236 1692 Quodsi

99 1715 168 1772 fieri
188 1722 307 1789 posset,
334 1721 368 1770 ut
388 1731 449 1770 una
471 1731 603 1770 essemus
625 1713 741 1784 aliquot
762 1712 839 1781 dies,
863 1712 899 1768 de
920 1712 1050 1769 Horatio
1072 1719 1237 1792 συμφιλολο-

101 1817 232 1884 γοῦντες,
254 1809 335 1865 haud
356 1809 477 1878 dubito,
499 1809 572 1881 quin
593 1807 712 1864 facilior
733 1807 811 1863 foret
833 1808 1052 1864 sententiarum
1068 1817 1237 1866 nostrarum

100 1913 134 1961 et
153 1905 320 1961 animorum
342 1905 523 1960 conciliatio.
564 1903 754 1978 Quamquam
774 1901 858 1960 meus
880 1903 1001 1976 quidem
1022 1905 1139 1962 animus
1161 1907 1236 1962 adeo

101 2020 121 2056 a
141 2009 172 2056 te
194 2019 254 2056 non
276 2009 321 2056 est
337 2000 545 2069 abalienatus,
569 2007 602 2055 ut
624 2000 818 2055 vehementer
833 2016 936 2073 rogem
955 1999 985 2055 iu
1005 2000 1153 2057 mitiorem
1171 2021 1238 2076 par-

100 2107 164 2152 tem
184 2096 399 2171 interpretare,
428 2095 548 2168 siquid
576 2095 667 2164 forte,
692 2096 773 2168 quod
795 2102 829 2151 tu
851 2095 882 2150 in
905 2101 1025 2170 poetam
1047 2095 1236 2152 Venusinam

102 2193 208 2249 durius
222 2200 312 2265 atque
328 2191 465 2266 asperius
481 2192 643 2266 scripsisti,
665 2210 765 2248 meum
785 2209 904 2265 quoque
920 2193 1021 2248 stilum
1036 2193 1236 2267 exasperavit.

143 2287 253 2343 Adieoi
269 2286 413 2343 fasciculo
429 2286 504 2342 alias
521 2287 665 2358 quasdam
681 2287 835 2343 breviores
853 2286 1031 2361 scriptiones
1051 2305 1147 2357 meaa,
1168 2305 1239 2360 qua·

102 2383 147 2439 les
168 2383 239 2438 olim
256 2381 492 2456 Wyttenbachio
514 2382 633 2437 mittere
650 2382 797 2451 solebam,
824 2389 858 2436 ut
879 2382 1032 2450 meliores,
1055 2381 1086 2436 in
1109 2382 1239 2438 Batavia

103 2478 215 2547 editae,
247 2496 304 2552 per
336 2477 401 2534 eius
428 2477 669 2533 benevolentiam
691 2476 883 2532 nanciscerer
898 2508 938 2516 —
959 2476 1065 2552 χρύσεα
1087 2481 1237 2553 χαλκείων.

104 2572 194 2629 Nune
216 2573 364 2628 neminem
387 2571 499 2641 habe0‚
528 2571 579 2644 qui
601 2570 831 2646 Wyttenbachii
854 2577 956 2644 partes
979 2569 1131 2644 suscipere
1155 2570 1237 2626 velit.

102 2667 198 2741 Apud
220 2684 275 2722 nos
296 2673 397 2722 autem
419 2666 450 2721 in
473 2666 607 2722 tabernis
626 2665 757 2722 librariis
780 2664 823 2721 ita
845 2683 913 2720 raro
935 2665 1131 2721 inveniuntur
1149 2664 1240 2721 Bata·

104 2780 210 2818 vorum
236 2762 362 2836 scripta,
395 2770 429 2818 ut
459 2762 571 2818 dudum
599 2779 706 2835 magno
734 2778 801 2817 cum
829 2760 994 2830 desiderio,
1029 2761 1082 2816 sed
1110 2759 1237 2831 frustra,

105 2857 285 2930 quaesierim
306 2865 373 2926 tua,
402 2873 528 2928 quorum
555 2856 669 2913 nullum
696 2856 767 2912 dum
794 2874 864 2929 ego,
892 2865 1014 2930 praeter
1035 2855 1157 2911 Horatii
1180 2856 1240 2911 edi·

104 2953 231 3023 tionem,
254 2953 416 3027 impetrare
440 2953 534 3026 potui.

146 3047 241 3117 Vale,
268 3048 315 3102 vir
342 3032 559 3116 eruditissime,
587 3064 623 3102 ac
650 3047 675 3102 si
704 3045 827 3119 collegis
854 3046 914 3102 tuis
944 3047 1117 3121 philologis,
1141 3045 1238 3102 Bekio

105 3150 137 3199 et
159 3141 281 3212 Geelio,
305 3160 364 3197 non
381 3159 503 3215 prorsus
523 3141 692 3197 inauditum
706 3140 790 3196 venit
804 3140 948 3214 philologi
968 3141 1106 3196 lenensis
1121 3159 1238 3209 nomen,

105 3237 154 3293 fac
181 3255 233 3292 eos
258 3237 333 3292 meis
359 3236 460 3293 verbis
488 3236 577 3292 etiam
606 3243 697 3310 atque
721 3235 811 3291 etiam
833 3235 955 3291 salutes.
993 3235 1071 3293 Dab.
1094 3235 1186 3290 Ienae
1210 3235 1237 3289 d.

105 3334 124 3388 3
146 3334 276 3406 August.
302 3332 388 3388 1837.

148 3521 211 3578 Vix
232 3523 368 3579 redditae
392 3522 605 3597 Peerlkampio
629 3530 715 3577 erant
738 3522 857 3578 litterae
880 3539 978 3590 meae,
1008 3538 1099 3592 quum
1121 3520 1177 3575 hoc
1200 3522 1238 3576 ab

105 3617 157 3674 illo
180 3635 355 3693 responsum
378 3617 447 3673 tuli:

444 3781 473 3835 P.
494 3780 653 3835 HOFMAN
673 3780 898 3835 PEERLKAMP

607 3893 635 3943 S.
656 3894 687 3943 P.
708 3893 742 3942 D.

553 4016 619 4049 VIRO
637 4015 796 4050 chnutssfflo

476 4113 511 4166 H.
532 4113 560 4166 C.
581 4115 613 4166 A.
633 4110 867 4166 EIGHSTADIO.

148 4286 225 4343 Hori
251 4286 409 4360 epistolam
432 4293 512 4342 tuam
535 4294 565 4340 et
585 4287 762 4341 munuscula
784 4285 903 4359 accepi,
927 4303 1021 4357 eaque
1042 4286 1168 4343 eximius
1189 4286 1239 4343 illc

108 4382 291 4439 Academiae
318 4390 435 4438 vestrae
463 4381 533 4436 olim
555 4381 692 4436 alumnus
720 4380 792 4437 mihi
814 4381 947 4436 tradidit.
986 4381 1084 4438 Etiam
1107 4401 1144 4437 cx
1167 4382 1241 4438 celo-
