<?xml version="1.0" encoding="UTF-8"?>
<!DOCTYPE html PUBLIC "-//W3C//DTD XHTML 1.0 Transitional//EN"
    "http://www.w3.org/TR/xhtml1/DTD/xhtml1-transitional.dtd">
<html xmlns="http://www.w3.org/1999/xhtml" xml:lang="en" lang="en">
 <head>
  <title>
</title>
<meta http-equiv="Content-Type" content="text/html;charset=utf-8" />
  <meta name='ocr-system' content='tesseract 3.04.00' />
  <meta name='ocr-capabilities' content='ocr_page ocr_carea ocr_par ocr_line ocrx_word'/>
</head>
<body>
  <div class='ocr_page' id='page_1' title='image "./qhoratiiflaccic00horagoog_0184.png"; bbox 0 0 2916 5220; ppageno 0'>
   <div class='ocr_carea' id='block_1_1' title="bbox 533 329 799 391">
    <p class='ocr_par' dir='ltr' id='par_1_1' title="bbox 533 329 799 391">
     <span class='ocr_line' id='line_1_1' title="bbox 533 329 799 391; baseline -0.004 0"><span class='ocrx_word' id='word_1_1' title='bbox 533 329 708 391; x_wconf 76' lang='lat' dir='ltr'>Lissa</span> <span class='ocrx_word' id='word_1_2' title='bbox 754 329 799 390; x_wconf 91' lang='lat' dir='ltr'>Il.</span> 
     </span>
    </p>
   </div>
   <div class='ocr_carea' id='block_1_2' title="bbox 279 517 972 1428">
    <p class='ocr_par' dir='ltr' id='par_1_2' title="bbox 279 517 957 604">
     <span class='ocr_line' id='line_1_2' title="bbox 279 517 957 604; baseline 0 -23"><span class='ocrx_word' id='word_1_3' title='bbox 279 519 347 584; x_wconf 90' lang='lat' dir='ltr'>Neo</span> <span class='ocrx_word' id='word_1_4' title='bbox 371 517 463 583; x_wconf 89' lang='lat' dir='ltr'>sitim</span> <span class='ocrx_word' id='word_1_5' title='bbox 485 519 600 604; x_wconf 82' lang='lat' dir='ltr'>pellit,</span> <span class='ocrx_word' id='word_1_6' title='bbox 624 519 690 584; x_wconf 92' lang='lat' dir='ltr'>nisi</span> <span class='ocrx_word' id='word_1_7' title='bbox 714 541 830 585; x_wconf 79' lang='lat' dir='ltr'>caussa</span> <span class='ocrx_word' id='word_1_8' title='bbox 853 519 957 584; x_wconf 87' lang='lat' dir='ltr'><strong>morbi</strong></span> 
     </span>
    </p>

    <p class='ocr_par' dir='ltr' id='par_1_3' title="bbox 282 621 856 810">
     <span class='ocr_line' id='line_1_3' title="bbox 282 621 856 706; baseline 0.005 -23"><span class='ocrx_word' id='word_1_9' title='bbox 282 621 419 705; x_wconf 76' lang='lat' dir='ltr'>Fugerit</span> <span class='ocrx_word' id='word_1_10' title='bbox 441 621 534 686; x_wconf 87' lang='lat' dir='ltr'>venis</span> <span class='ocrx_word' id='word_1_11' title='bbox 559 628 592 686; x_wconf 91' lang='lat' dir='ltr'>et</span> <span class='ocrx_word' id='word_1_12' title='bbox 615 643 756 706; x_wconf 90' lang='lat' dir='ltr'>aquosus</span> <span class='ocrx_word' id='word_1_13' title='bbox 781 622 856 686; x_wconf 90' lang='lat' dir='ltr'>albo</span> 
     </span>
     <span class='ocr_line' id='line_1_4' title="bbox 371 724 683 810; baseline 0 -21"><span class='ocrx_word' id='word_1_14' title='bbox 371 724 512 810; x_wconf 81' lang='lat' dir='ltr'>Corpore</span> <span class='ocrx_word' id='word_1_15' title='bbox 535 724 683 809; x_wconf 84' lang='lat' dir='ltr'>languor.</span> 
     </span>
    </p>

    <p class='ocr_par' dir='ltr' id='par_1_4' title="bbox 279 826 856 911">
     <span class='ocr_line' id='line_1_5' title="bbox 279 826 856 911; baseline 0.002 -20"><span class='ocrx_word' id='word_1_16' title='bbox 279 827 459 892; x_wconf 87' lang='lat' dir='ltr'>Redditum</span> <span class='ocrx_word' id='word_1_17' title='bbox 484 827 561 911; x_wconf 75' lang='lat' dir='ltr'>Cyri</span> <span class='ocrx_word' id='word_1_18' title='bbox 585 826 668 892; x_wconf 89' lang='lat' dir='ltr'>solio</span> <span class='ocrx_word' id='word_1_19' title='bbox 692 827 856 892; x_wconf 80' lang='lat' dir='ltr'>Phraaten</span> 
     </span>
    </p>

    <p class='ocr_par' dir='ltr' id='par_1_5' title="bbox 281 929 918 1015">
     <span class='ocr_line' id='line_1_6' title="bbox 281 929 918 1015; baseline 0 -22"><span class='ocrx_word' id='word_1_20' title='bbox 281 929 454 995; x_wconf 89' lang='lat' dir='ltr'>Dissidcns</span> <span class='ocrx_word' id='word_1_21' title='bbox 477 930 567 1015; x_wconf 89' lang='lat' dir='ltr'>plebi</span> <span class='ocrx_word' id='word_1_22' title='bbox 590 951 725 994; x_wconf 90' lang='lat' dir='ltr'>numero</span> <span class='ocrx_word' id='word_1_23' title='bbox 749 931 918 995; x_wconf 88' lang='lat' dir='ltr'>beatorum</span> 
     </span>
    </p>

    <p class='ocr_par' dir='ltr' id='par_1_6' title="bbox 281 1032 930 1201">
     <span class='ocr_line' id='line_1_7' title="bbox 281 1032 930 1119; baseline 0.002 -24"><span class='ocrx_word' id='word_1_24' title='bbox 281 1032 410 1098; x_wconf 80' lang='lat' dir='ltr'><strong>Eximit</strong></span> <span class='ocrx_word' id='word_1_25' title='bbox 431 1033 562 1116; x_wconf 85' lang='lat' dir='ltr'>Virtus,</span> <span class='ocrx_word' id='word_1_26' title='bbox 586 1033 811 1119; x_wconf 87' lang='lat' dir='ltr'>populumque</span> <span class='ocrx_word' id='word_1_27' title='bbox 836 1033 930 1098; x_wconf 88' lang='lat' dir='ltr'>falsis</span> 
     </span>
     <span class='ocr_line' id='line_1_8' title="bbox 368 1136 586 1201; baseline 0 -2"><span class='ocrx_word' id='word_1_28' title='bbox 368 1136 514 1201; x_wconf 87' lang='lat' dir='ltr'>Dedocet</span> <span class='ocrx_word' id='word_1_29' title='bbox 536 1136 586 1201; x_wconf 91' lang='lat' dir='ltr'>uti</span> 
     </span>
    </p>

    <p class='ocr_par' dir='ltr' id='par_1_7' title="bbox 281 1238 972 1324">
     <span class='ocr_line' id='line_1_9' title="bbox 281 1238 972 1324; baseline -0.001 -20"><span class='ocrx_word' id='word_1_30' title='bbox 281 1239 443 1321; x_wconf 84' lang='lat' dir='ltr'>Vocibus,</span> <span class='ocrx_word' id='word_1_31' title='bbox 468 1261 607 1324; x_wconf 89' lang='lat' dir='ltr'>regnum</span> <span class='ocrx_word' id='word_1_32' title='bbox 630 1244 664 1305; x_wconf 90' lang='lat' dir='ltr'>et</span> <span class='ocrx_word' id='word_1_33' title='bbox 687 1238 838 1303; x_wconf 88' lang='lat' dir='ltr'>diadema</span> <span class='ocrx_word' id='word_1_34' title='bbox 861 1244 972 1303; x_wconf 84' lang='lat' dir='ltr'>tutum</span> 
     </span>
    </p>

    <p class='ocr_par' dir='ltr' id='par_1_8' title="bbox 279 1341 943 1428">
     <span class='ocr_line' id='line_1_10' title="bbox 279 1341 943 1428; baseline -0.002 -23"><span class='ocrx_word' id='word_1_35' title='bbox 279 1341 435 1407; x_wconf 85' lang='lat' dir='ltr'>Deferens</span> <span class='ocrx_word' id='word_1_36' title='bbox 458 1342 517 1407; x_wconf 92' lang='lat' dir='ltr'>uni</span> <span class='ocrx_word' id='word_1_37' title='bbox 541 1341 772 1428; x_wconf 86' lang='lat' dir='ltr'>propriamque</span> <span class='ocrx_word' id='word_1_38' title='bbox 796 1341 943 1424; x_wconf 84' lang='lat' dir='ltr'>laurum,</span> 
     </span>
    </p>
   </div>
   <div class='ocr_carea' id='block_1_3' title="bbox 96 1485 1240 4386">
    <p class='ocr_par' dir='ltr' id='par_1_9' title="bbox 96 1485 1237 2418">
     <span class='ocr_line' id='line_1_11' title="bbox 98 1485 1234 1551; baseline -0.001 -13"><span class='ocrx_word' id='word_1_39' title='bbox 98 1491 154 1538; x_wconf 85' lang='lat' dir='ltr'>Nec</span> <span class='ocrx_word' id='word_1_40' title='bbox 169 1489 242 1536; x_wconf 78' lang='lat' dir='ltr'>sitim</span> <span class='ocrx_word' id='word_1_41' title='bbox 257 1488 337 1549; x_wconf 77' lang='lat' dir='ltr'>pettit.</span> <span class='ocrx_word' id='word_1_42' title='bbox 365 1487 484 1551; x_wconf 87' lang='lat' dir='ltr'>Hydrops</span> <span class='ocrx_word' id='word_1_43' title='bbox 501 1487 547 1536; x_wconf 88' lang='lat' dir='ltr'>sibi</span> <span class='ocrx_word' id='word_1_44' title='bbox 563 1486 646 1534; x_wconf 84' lang='lat' dir='ltr'>indul-</span> <span class='ocrx_word' id='word_1_45' title='bbox 688 1485 830 1549; x_wconf 81' lang='grc' dir='ltr'>ὑδρωπικὸν</span> <span class='ocrx_word' id='word_1_46' title='bbox 865 1486 1025 1550; x_wconf 80' lang='grc' dir='ltr'>βουλόμενος</span> <span class='ocrx_word' id='word_1_47' title='bbox 1061 1491 1158 1538; x_wconf 85' lang='grc' dir='ltr'>παῦσαι</span> <span class='ocrx_word' id='word_1_48' title='bbox 1189 1492 1234 1540; x_wconf 81' lang='grc' dir='ltr'>τοῦ</span> 
     </span>
     <span class='ocr_line' id='line_1_12' title="bbox 96 1564 1235 1632; baseline 0.001 -17"><span class='ocrx_word' id='word_1_49' title='bbox 96 1572 149 1630; x_wconf 77' lang='lat' dir='ltr'>get</span> <span class='ocrx_word' id='word_1_50' title='bbox 177 1566 283 1615; x_wconf 86' lang='lat' dir='ltr'>Morbus</span> <span class='ocrx_word' id='word_1_51' title='bbox 312 1580 408 1629; x_wconf 85' lang='lat' dir='ltr'>semper</span> <span class='ocrx_word' id='word_1_52' title='bbox 435 1566 519 1614; x_wconf 82' lang='lat' dir='ltr'>studet</span> <span class='ocrx_word' id='word_1_53' title='bbox 539 1579 647 1614; x_wconf 88' lang='lat' dir='ltr'>cresccre</span> <span class='ocrx_word' id='word_1_54' title='bbox 687 1564 787 1628; x_wconf 70' lang='grc' dir='ltr'><strong><em>δίψους,</em></strong></span> <span class='ocrx_word' id='word_1_55' title='bbox 805 1566 850 1614; x_wconf 80' lang='grc' dir='ltr'>τὸν</span> <span class='ocrx_word' id='word_1_56' title='bbox 867 1567 915 1630; x_wconf 85' lang='grc' dir='ltr'>μὲν</span> <span class='ocrx_word' id='word_1_57' title='bbox 924 1564 1026 1630; x_wconf 70' lang='grc' dir='ltr'>ὕδρωπα</span> <span class='ocrx_word' id='word_1_58' title='bbox 1037 1568 1072 1632; x_wconf 86' lang='grc' dir='ltr'>μὴ</span> <span class='ocrx_word' id='word_1_59' title='bbox 1085 1569 1235 1632; x_wconf 66' lang='grc' dir='ltr'><em>θεραπεύοι,</em></span> 
     </span>
     <span class='ocr_line' id='line_1_13' title="bbox 96 1643 1235 1710; baseline 0.001 -17"><span class='ocrx_word' id='word_1_60' title='bbox 96 1651 125 1694; x_wconf 84' lang='lat' dir='ltr'>et</span> <span class='ocrx_word' id='word_1_61' title='bbox 141 1660 199 1693; x_wconf 83' lang='lat' dir='ltr'>suas</span> <span class='ocrx_word' id='word_1_62' title='bbox 215 1644 282 1692; x_wconf 81' lang='lat' dir='ltr'>vires</span> <span class='ocrx_word' id='word_1_63' title='bbox 299 1659 397 1706; x_wconf 85' lang='lat' dir='ltr'>augere.</span> <span class='ocrx_word' id='word_1_64' title='bbox 419 1644 558 1708; x_wconf 83' lang='lat' dir='ltr'>Nunquam</span> <span class='ocrx_word' id='word_1_65' title='bbox 575 1659 646 1693; x_wconf 87' lang='lat' dir='ltr'>cona·</span> <span class='ocrx_word' id='word_1_66' title='bbox 688 1643 783 1708; x_wconf 79' lang='grc' dir='ltr'><em>κρήνας</em></span> <span class='ocrx_word' id='word_1_67' title='bbox 800 1643 825 1692; x_wconf 80' lang='grc' dir='ltr'>δὲ</span> <span class='ocrx_word' id='word_1_68' title='bbox 843 1644 884 1691; x_wconf 76' lang='grc' dir='ltr'>καὶ</span> <span class='ocrx_word' id='word_1_69' title='bbox 909 1645 1038 1708; x_wconf 81' lang='grc' dir='ltr'><em>ποταμοὺς</em></span> <span class='ocrx_word' id='word_1_70' title='bbox 1063 1647 1135 1709; x_wconf 72' lang='grc' dir='ltr'>αὐτῷ</span> <span class='ocrx_word' id='word_1_71' title='bbox 1152 1664 1235 1710; x_wconf 86' lang='grc' dir='ltr'>παρα-</span> 
     </span>
     <span class='ocr_line' id='line_1_14' title="bbox 97 1721 1236 1788; baseline -0.002 -15"><span class='ocrx_word' id='word_1_72' title='bbox 97 1732 179 1773; x_wconf 82' lang='lat' dir='ltr'>tursc</span> <span class='ocrx_word' id='word_1_73' title='bbox 194 1722 247 1787; x_wconf 79' lang='lat' dir='ltr'>lpse</span> <span class='ocrx_word' id='word_1_74' title='bbox 258 1723 356 1786; x_wconf 89' lang='lat' dir='ltr'>pellere.</span> <span class='ocrx_word' id='word_1_75' title='bbox 373 1723 429 1771; x_wconf 90' lang='lat' dir='ltr'>Hoc</span> <span class='ocrx_word' id='word_1_76' title='bbox 440 1722 534 1771; x_wconf 84' lang='lat' dir='ltr'>faciunt</span> <span class='ocrx_word' id='word_1_77' title='bbox 545 1729 647 1783; x_wconf 81' lang='lat' dir='ltr'>natura,</span> <span class='ocrx_word' id='word_1_78' title='bbox 688 1721 808 1777; x_wconf 80' lang='grc' dir='ltr'>σκευάζοι.</span> <span class='ocrx_word' id='word_1_79' title='bbox 831 1723 981 1785; x_wconf 79' lang='grc' dir='ltr'>κείμενόςτε</span> <span class='ocrx_word' id='word_1_80' title='bbox 998 1723 1095 1787; x_wconf 84' lang='grc' dir='ltr'>γὰρᾶν</span> <span class='ocrx_word' id='word_1_81' title='bbox 1112 1723 1236 1788; x_wconf 78' lang='grc' dir='ltr'>πρότερον</span> 
     </span>
     <span class='ocr_line' id='line_1_15' title="bbox 98 1799 1235 1866; baseline 0 -14"><span class='ocrx_word' id='word_1_82' title='bbox 98 1804 145 1852; x_wconf 84' lang='lat' dir='ltr'>illa</span> <span class='ocrx_word' id='word_1_83' title='bbox 161 1804 200 1852; x_wconf 87' lang='lat' dir='ltr'>sui</span> <span class='ocrx_word' id='word_1_84' title='bbox 215 1803 397 1860; x_wconf 77' lang='lat' dir='ltr'>conservatrix,</span> <span class='ocrx_word' id='word_1_85' title='bbox 419 1807 444 1850; x_wconf 88' lang='lat' dir='ltr'>et</span> <span class='ocrx_word' id='word_1_86' title='bbox 460 1801 646 1850; x_wconf 85' lang='lat' dir='ltr'>medicamenta.</span> <span class='ocrx_word' id='word_1_87' title='bbox 689 1802 772 1851; x_wconf 76' lang='grc' dir='ltr'>πίνων</span> <span class='ocrx_word' id='word_1_88' title='bbox 789 1799 939 1866; x_wconf 55' lang='lat' dir='ltr'>tractante,</span> <span class='ocrx_word' id='word_1_89' title='bbox 957 1803 972 1861; x_wconf 82' lang='grc' dir='ltr'>ἢ</span> <span class='ocrx_word' id='word_1_90' title='bbox 990 1802 1114 1852; x_wconf 75' lang='grc' dir='ltr'>παύσοιτο</span> <span class='ocrx_word' id='word_1_91' title='bbox 1133 1804 1178 1850; x_wconf 84' lang='grc' dir='ltr'>τοῦ</span> <span class='ocrx_word' id='word_1_92' title='bbox 1197 1802 1235 1852; x_wconf 80' lang='grc' dir='ltr'>δί-</span> 
     </span>
     <span class='ocr_line' id='line_1_16' title="bbox 97 1880 1235 1945; baseline -0.004 -13"><span class='ocrx_word' id='word_1_93' title='bbox 97 1884 301 1945; x_wconf 86' lang='lat' dir='ltr'>Interpretantur</span> <span class='ocrx_word' id='word_1_94' title='bbox 317 1882 428 1943; x_wconf 75' lang='lat' dir='ltr'>hydrops</span> <span class='ocrx_word' id='word_1_95' title='bbox 444 1895 489 1944; x_wconf 90' lang='lat' dir='ltr'>pro</span> <span class='ocrx_word' id='word_1_96' title='bbox 505 1883 646 1944; x_wconf 71' lang='lat' dir='ltr'>hydropico.</span> <span class='ocrx_word' id='word_1_97' title='bbox 688 1880 761 1945; x_wconf 74' lang='grc' dir='ltr'><em>ψους.</em></span> <span class='ocrx_word' id='word_1_98' title='bbox 797 1880 848 1930; x_wconf 90' lang='lat' dir='ltr'>Ubi</span> <span class='ocrx_word' id='word_1_99' title='bbox 872 1881 983 1944; x_wconf 82' lang='grc' dir='ltr'>κείμενος</span> <span class='ocrx_word' id='word_1_100' title='bbox 1010 1895 1061 1930; x_wconf 92' lang='lat' dir='ltr'>non</span> <span class='ocrx_word' id='word_1_101' title='bbox 1089 1887 1185 1929; x_wconf 84' lang='lat' dir='ltr'>mutem</span> <span class='ocrx_word' id='word_1_102' title='bbox 1208 1881 1235 1928; x_wconf 90' lang='lat' dir='ltr'>in</span> 
     </span>
     <span class='ocr_line' id='line_1_17' title="bbox 97 1958 1236 2023; baseline -0.004 -11"><span class='ocrx_word' id='word_1_103' title='bbox 97 1964 155 2012; x_wconf 92' lang='lat' dir='ltr'>Hoc</span> <span class='ocrx_word' id='word_1_104' title='bbox 170 1962 224 2010; x_wconf 84' lang='lat' dir='ltr'>fieri</span> <span class='ocrx_word' id='word_1_105' title='bbox 239 1975 290 2009; x_wconf 89' lang='lat' dir='ltr'>non</span> <span class='ocrx_word' id='word_1_106' title='bbox 306 1965 394 2022; x_wconf 87' lang='lat' dir='ltr'>potest.</span> <span class='ocrx_word' id='word_1_107' title='bbox 426 1961 494 2009; x_wconf 87' lang='lat' dir='ltr'>Nam</span> <span class='ocrx_word' id='word_1_108' title='bbox 511 1975 592 2023; x_wconf 88' lang='lat' dir='ltr'>neque</span> <span class='ocrx_word' id='word_1_109' title='bbox 609 1976 647 2009; x_wconf 90' lang='lat' dir='ltr'>ae·</span> <span class='ocrx_word' id='word_1_110' title='bbox 688 1959 790 2019; x_wconf 78' lang='grc' dir='ltr'><strong><em>ἐκεῖνος,</em></strong></span> <span class='ocrx_word' id='word_1_111' title='bbox 806 1958 827 2006; x_wconf 95' lang='lat' dir='ltr'>si</span> <span class='ocrx_word' id='word_1_112' title='bbox 838 1973 926 2021; x_wconf 89' lang='lat' dir='ltr'>nempe</span> <span class='ocrx_word' id='word_1_113' title='bbox 944 1960 1012 2021; x_wconf 87' lang='lat' dir='ltr'>legas</span> <span class='ocrx_word' id='word_1_114' title='bbox 1030 1959 1043 2006; x_wconf 87' lang='grc' dir='ltr'><strong>ὁ</strong></span> <span class='ocrx_word' id='word_1_115' title='bbox 1062 1961 1152 2009; x_wconf 81' lang='grc' dir='ltr'><em>πίνων.</em></span> <span class='ocrx_word' id='word_1_116' title='bbox 1168 1960 1236 2008; x_wconf 86' lang='lat' dir='ltr'>Nam</span> 
     </span>
     <span class='ocr_line' id='line_1_18' title="bbox 98 2037 1236 2106; baseline -0.003 -16"><span class='ocrx_word' id='word_1_117' title='bbox 98 2048 186 2106; x_wconf 88' lang='lat' dir='ltr'>grctus</span> <span class='ocrx_word' id='word_1_118' title='bbox 203 2041 243 2088; x_wconf 87' lang='lat' dir='ltr'>hic</span> <span class='ocrx_word' id='word_1_119' title='bbox 259 2045 326 2089; x_wconf 88' lang='lat' dir='ltr'>recte</span> <span class='ocrx_word' id='word_1_120' title='bbox 341 2039 464 2088; x_wconf 87' lang='lat' dir='ltr'>diceretur</span> <span class='ocrx_word' id='word_1_121' title='bbox 472 2041 648 2102; x_wconf 83' lang='lat' dir='ltr'>dirus,uequc</span> <span class='ocrx_word' id='word_1_122' title='bbox 688 2037 790 2084; x_wconf 89' lang='lat' dir='ltr'>adrem</span> <span class='ocrx_word' id='word_1_123' title='bbox 813 2038 908 2087; x_wconf 91' lang='lat' dir='ltr'>dictum</span> <span class='ocrx_word' id='word_1_124' title='bbox 933 2046 981 2098; x_wconf 87' lang='lat' dir='ltr'>est,</span> <span class='ocrx_word' id='word_1_125' title='bbox 1003 2046 1032 2088; x_wconf 87' lang='lat' dir='ltr'>ut</span> <span class='ocrx_word' id='word_1_126' title='bbox 1056 2040 1188 2088; x_wconf 84' lang='lat' dir='ltr'>Phaedrus</span> <span class='ocrx_word' id='word_1_127' title='bbox 1213 2040 1236 2088; x_wconf 79' lang='grc' dir='ltr'>Ι,</span> 
     </span>
     <span class='ocr_line' id='line_1_19' title="bbox 97 2116 1235 2181; baseline -0.004 -11"><span class='ocrx_word' id='word_1_128' title='bbox 97 2135 214 2170; x_wconf 67' lang='lat' dir='ltr'>meacm.</span> <span class='ocrx_word' id='word_1_129' title='bbox 241 2118 338 2168; x_wconf 86' lang='lat' dir='ltr'>Tamen</span> <span class='ocrx_word' id='word_1_130' title='bbox 354 2124 379 2166; x_wconf 89' lang='lat' dir='ltr'>et</span> <span class='ocrx_word' id='word_1_131' title='bbox 395 2116 646 2180; x_wconf 82' lang='lat' dir='ltr'>sicaccepitHildeb.</span> <span class='ocrx_word' id='word_1_132' title='bbox 688 2116 749 2165; x_wconf 84' lang='lat' dir='ltr'>Fab.</span> <span class='ocrx_word' id='word_1_133' title='bbox 766 2118 807 2166; x_wconf 81' lang='lat'>25.</span> <span class='ocrx_word' id='word_1_134' title='bbox 824 2125 900 2181; x_wconf 85' lang='lat' dir='ltr'>rupta</span> <span class='ocrx_word' id='word_1_135' title='bbox 916 2120 997 2167; x_wconf 84' lang='lat' dir='ltr'>iacuit</span> <span class='ocrx_word' id='word_1_136' title='bbox 1015 2134 1122 2181; x_wconf 84' lang='lat' dir='ltr'>corpore.</span> <span class='ocrx_word' id='word_1_137' title='bbox 1156 2118 1235 2166; x_wconf 89' lang='lat' dir='ltr'>Hora-</span> 
     </span>
     <span class='ocr_line' id='line_1_20' title="bbox 98 2195 1235 2260; baseline 0 -14"><span class='ocrx_word' id='word_1_138' title='bbox 98 2197 211 2247; x_wconf 85' lang='lat' dir='ltr'>Carmin.</span> <span class='ocrx_word' id='word_1_139' title='bbox 233 2213 290 2260; x_wconf 88' lang='lat' dir='ltr'>pag.</span> <span class='ocrx_word' id='word_1_140' title='bbox 309 2197 380 2246; x_wconf 80' lang='lat'>1330.</span> <span class='ocrx_word' id='word_1_141' title='bbox 415 2198 483 2244; x_wconf 80' lang='lat' dir='ltr'>Plus</span> <span class='ocrx_word' id='word_1_142' title='bbox 504 2196 648 2258; x_wconf 74' lang='lat' dir='ltr'>acquirenti</span> <span class='ocrx_word' id='word_1_143' title='bbox 689 2195 753 2243; x_wconf 90' lang='lat' dir='ltr'>tium</span> <span class='ocrx_word' id='word_1_144' title='bbox 783 2197 908 2259; x_wconf 78' lang='lat' dir='ltr'>cogitabat</span> <span class='ocrx_word' id='word_1_145' title='bbox 937 2196 1092 2245; x_wconf 81' lang='lat' dir='ltr'>Prudentius</span> <span class='ocrx_word' id='word_1_146' title='bbox 1121 2196 1235 2246; x_wconf 76' lang='lat' dir='ltr'>cathem.</span> 
     </span>
     <span class='ocr_line' id='line_1_21' title="bbox 98 2275 1237 2339; baseline 0.003 -15"><span class='ocrx_word' id='word_1_147' title='bbox 98 2277 159 2325; x_wconf 82' lang='lat' dir='ltr'>sitia</span> <span class='ocrx_word' id='word_1_148' title='bbox 180 2279 299 2327; x_wconf 67' lang='lat' dir='ltr'>mundet</span> <span class='ocrx_word' id='word_1_149' title='bbox 318 2275 440 2339; x_wconf 72' lang='lat' dir='ltr'>captasti,</span> <span class='ocrx_word' id='word_1_150' title='bbox 462 2275 586 2338; x_wconf 74' lang='lat' dir='ltr'>Hydrops</span> <span class='ocrx_word' id='word_1_151' title='bbox 606 2291 646 2324; x_wconf 83' lang='lat' dir='ltr'>ex·</span> <span class='ocrx_word' id='word_1_152' title='bbox 689 2275 765 2323; x_wconf 87' lang='lat' dir='ltr'>VIII.</span> <span class='ocrx_word' id='word_1_153' title='bbox 778 2281 803 2324; x_wconf 85' lang='lat' dir='ltr'>et</span> <span class='ocrx_word' id='word_1_154' title='bbox 814 2291 920 2339; x_wconf 84' lang='lat' dir='ltr'>aquosas</span> <span class='ocrx_word' id='word_1_155' title='bbox 934 2278 998 2325; x_wconf 77' lang='lat' dir='ltr'>altis</span> <span class='ocrx_word' id='word_1_156' title='bbox 1011 2278 1112 2324; x_wconf 83' lang='lat' dir='ltr'>Humor</span> <span class='ocrx_word' id='word_1_157' title='bbox 1128 2279 1155 2325; x_wconf 84' lang='lat' dir='ltr'>in</span> <span class='ocrx_word' id='word_1_158' title='bbox 1168 2279 1237 2326; x_wconf 81' lang='lat' dir='ltr'>aenis</span> 
     </span>
     <span class='ocr_line' id='line_1_22' title="bbox 100 2355 843 2418; baseline -0.001 -15"><span class='ocrx_word' id='word_1_159' title='bbox 100 2357 198 2405; x_wconf 74' lang='lat' dir='ltr'>haustis</span> <span class='ocrx_word' id='word_1_160' title='bbox 223 2361 253 2404; x_wconf 87' lang='lat' dir='ltr'>ut</span> <span class='ocrx_word' id='word_1_161' title='bbox 277 2356 356 2418; x_wconf 73' lang='lat' dir='ltr'>mucia</span> <span class='ocrx_word' id='word_1_162' title='bbox 381 2355 454 2402; x_wconf 80' lang='lat' dir='ltr'>ardet</span> <span class='ocrx_word' id='word_1_163' title='bbox 479 2355 561 2415; x_wconf 76' lang='lat' dir='ltr'>aquis.</span> <span class='ocrx_word' id='word_1_164' title='bbox 600 2355 652 2403; x_wconf 82' lang='lat' dir='ltr'>Illi</span> <span class='ocrx_word' id='word_1_165' title='bbox 689 2356 843 2403; x_wconf 74' lang='lat' dir='ltr'>destinatur.</span> 
     </span>
    </p>

    <p class='ocr_par' dir='ltr' id='par_1_10' title="bbox 97 2431 1235 2653">
     <span class='ocr_line' id='line_1_23' title="bbox 97 2431 1235 2495; baseline -0.002 -12"><span class='ocrx_word' id='word_1_166' title='bbox 97 2436 223 2495; x_wconf 82' lang='lat' dir='ltr'>potando,</span> <span class='ocrx_word' id='word_1_167' title='bbox 243 2434 302 2482; x_wconf 78' lang='lat' dir='ltr'>sttt‘s</span> <span class='ocrx_word' id='word_1_168' title='bbox 323 2435 382 2482; x_wconf 83' lang='lat' dir='ltr'>buia</span> <span class='ocrx_word' id='word_1_169' title='bbox 402 2431 503 2495; x_wconf 49' lang='lat' dir='ltr'>igiter&amp;</span> <span class='ocrx_word' id='word_1_170' title='bbox 529 2433 647 2480; x_wconf 80' lang='lat' dir='ltr'>babendo.</span> <span class='ocrx_word' id='word_1_171' title='bbox 724 2434 866 2481; x_wconf 76' lang='lat' dir='ltr'>Phraaten.</span> <span class='ocrx_word' id='word_1_172' title='bbox 891 2431 990 2480; x_wconf 87' lang='lat' dir='ltr'>Usitata</span> <span class='ocrx_word' id='word_1_173' title='bbox 1014 2431 1115 2495; x_wconf 90' lang='lat' dir='ltr'>optimis</span> <span class='ocrx_word' id='word_1_174' title='bbox 1136 2433 1235 2495; x_wconf 85' lang='lat' dir='ltr'>scripto-</span> 
     </span>
     <span class='ocr_line' id='line_1_24' title="bbox 99 2509 1235 2569; baseline 0 -9"><span class='ocrx_word' id='word_1_175' title='bbox 99 2511 150 2560; x_wconf 89' lang='lat' dir='ltr'>Vir</span> <span class='ocrx_word' id='word_1_176' title='bbox 166 2513 253 2560; x_wconf 86' lang='lat' dir='ltr'>doctus</span> <span class='ocrx_word' id='word_1_177' title='bbox 269 2512 295 2560; x_wconf 94' lang='lat' dir='ltr'>in</span> <span class='ocrx_word' id='word_1_178' title='bbox 312 2509 415 2561; x_wconf 77' lang='lat' dir='ltr'>Observ.</span> <span class='ocrx_word' id='word_1_179' title='bbox 433 2509 573 2560; x_wconf 89' lang='lat' dir='ltr'>Miscellan.</span> <span class='ocrx_word' id='word_1_180' title='bbox 587 2509 647 2559; x_wconf 85' lang='lat' dir='ltr'>Vol.</span> <span class='ocrx_word' id='word_1_181' title='bbox 689 2511 759 2559; x_wconf 89' lang='lat' dir='ltr'>ribus</span> <span class='ocrx_word' id='word_1_182' title='bbox 776 2511 929 2569; x_wconf 86' lang='lat' dir='ltr'>terminatio,</span> <span class='ocrx_word' id='word_1_183' title='bbox 947 2523 996 2557; x_wconf 89' lang='lat' dir='ltr'>non</span> <span class='ocrx_word' id='word_1_184' title='bbox 1013 2513 1169 2561; x_wconf 76' lang='lat' dir='ltr'>Phraaten:</span> <span class='ocrx_word' id='word_1_185' title='bbox 1186 2513 1235 2560; x_wconf 91' lang='lat' dir='ltr'>vid.</span> 
     </span>
     <span class='ocr_line' id='line_1_25' title="bbox 99 2588 1048 2653; baseline -0.003 -13"><span class='ocrx_word' id='word_1_186' title='bbox 99 2591 180 2640; x_wconf 88' lang='lat' dir='ltr'>VIII.</span> <span class='ocrx_word' id='word_1_187' title='bbox 204 2605 263 2653; x_wconf 85' lang='lat' dir='ltr'>pag.</span> <span class='ocrx_word' id='word_1_188' title='bbox 290 2591 345 2639; x_wconf 84' lang='grc'><strong>195,</strong></span> <span class='ocrx_word' id='word_1_189' title='bbox 369 2589 505 2638; x_wconf 88' lang='lat' dir='ltr'>Horatium</span> <span class='ocrx_word' id='word_1_190' title='bbox 539 2588 648 2650; x_wconf 87' lang='lat' dir='ltr'>explicat</span> <span class='ocrx_word' id='word_1_191' title='bbox 690 2588 758 2639; x_wconf 86' lang='lat' dir='ltr'>Cort.</span> <span class='ocrx_word' id='word_1_192' title='bbox 776 2590 808 2636; x_wconf 83' lang='lat' dir='ltr'>ad</span> <span class='ocrx_word' id='word_1_193' title='bbox 824 2590 920 2638; x_wconf 88' lang='lat' dir='ltr'>Lucan.</span> <span class='ocrx_word' id='word_1_194' title='bbox 937 2588 972 2637; x_wconf 94' lang='lat' dir='ltr'>II.</span> <span class='ocrx_word' id='word_1_195' title='bbox 991 2589 1048 2639; x_wconf 80' lang='lat'>637.</span> 
     </span>
    </p>

    <p class='ocr_par' dir='ltr' id='par_1_11' title="bbox 100 2667 1238 3282">
     <span class='ocr_line' id='line_1_26' title="bbox 100 2667 1233 2734; baseline -0.001 -16"><span class='ocrx_word' id='word_1_196' title='bbox 100 2684 144 2734; x_wconf 89' lang='lat' dir='ltr'>per</span> <span class='ocrx_word' id='word_1_197' title='bbox 160 2676 245 2718; x_wconf 86' lang='lat' dir='ltr'>notam</span> <span class='ocrx_word' id='word_1_198' title='bbox 262 2669 382 2731; x_wconf 88' lang='lat' dir='ltr'>figuram,</span> <span class='ocrx_word' id='word_1_199' title='bbox 399 2683 450 2732; x_wconf 86' lang='lat' dir='ltr'>qua</span> <span class='ocrx_word' id='word_1_200' title='bbox 466 2668 571 2718; x_wconf 89' lang='lat' dir='ltr'>verbum</span> <span class='ocrx_word' id='word_1_201' title='bbox 581 2667 648 2730; x_wconf 90' lang='lat' dir='ltr'>poni-</span> <span class='ocrx_word' id='word_1_202' title='bbox 724 2670 857 2718; x_wconf 70' lang='lat' dir='ltr'>Dissident</span> <span class='ocrx_word' id='word_1_203' title='bbox 884 2669 951 2730; x_wconf 78' lang='lat' dir='ltr'>plebi</span> <span class='ocrx_word' id='word_1_204' title='bbox 974 2683 1077 2716; x_wconf 86' lang='lat' dir='ltr'>numero</span> <span class='ocrx_word' id='word_1_205' title='bbox 1098 2670 1233 2717; x_wconf 78' lang='lat' dir='ltr'>beatarum.</span> 
     </span>
     <span class='ocr_line' id='line_1_27' title="bbox 101 2747 1236 2798; baseline 0.001 -2"><span class='ocrx_word' id='word_1_206' title='bbox 101 2755 143 2798; x_wconf 88' lang='lat' dir='ltr'>tur</span> <span class='ocrx_word' id='word_1_207' title='bbox 159 2763 239 2797; x_wconf 90' lang='lat' dir='ltr'>unum</span> <span class='ocrx_word' id='word_1_208' title='bbox 259 2748 286 2796; x_wconf 90' lang='lat' dir='ltr'>in</span> <span class='ocrx_word' id='word_1_209' title='bbox 307 2747 403 2796; x_wconf 90' lang='lat' dir='ltr'>duobus</span> <span class='ocrx_word' id='word_1_210' title='bbox 425 2747 543 2796; x_wconf 88' lang='lat' dir='ltr'>membris</span> <span class='ocrx_word' id='word_1_211' title='bbox 560 2748 647 2795; x_wconf 89' lang='lat' dir='ltr'>oratio·</span> <span class='ocrx_word' id='word_1_212' title='bbox 691 2748 766 2795; x_wconf 85' lang='lat' dir='ltr'>Plebi</span> <span class='ocrx_word' id='word_1_213' title='bbox 782 2753 866 2795; x_wconf 87' lang='lat' dir='ltr'>tuetur</span> <span class='ocrx_word' id='word_1_214' title='bbox 877 2747 1017 2795; x_wconf 87' lang='lat' dir='ltr'>Burmann.</span> <span class='ocrx_word' id='word_1_215' title='bbox 1035 2748 1067 2795; x_wconf 85' lang='lat' dir='ltr'>ad</span> <span class='ocrx_word' id='word_1_216' title='bbox 1078 2747 1169 2796; x_wconf 88' lang='lat' dir='ltr'>Vellei.</span> <span class='ocrx_word' id='word_1_217' title='bbox 1187 2748 1236 2797; x_wconf 87' lang='lat' dir='ltr'>Pa-</span> 
     </span>
     <span class='ocr_line' id='line_1_28' title="bbox 101 2824 1237 2890; baseline -0.001 -14"><span class='ocrx_word' id='word_1_218' title='bbox 101 2827 149 2886; x_wconf 90' lang='lat' dir='ltr'>nis,</span> <span class='ocrx_word' id='word_1_219' title='bbox 166 2828 233 2890; x_wconf 90' lang='lat' dir='ltr'>quod</span> <span class='ocrx_word' id='word_1_220' title='bbox 250 2827 348 2890; x_wconf 89' lang='lat' dir='ltr'>proprie</span> <span class='ocrx_word' id='word_1_221' title='bbox 366 2826 398 2874; x_wconf 89' lang='lat' dir='ltr'>ad</span> <span class='ocrx_word' id='word_1_222' title='bbox 414 2841 494 2874; x_wconf 88' lang='lat' dir='ltr'>unum</span> <span class='ocrx_word' id='word_1_223' title='bbox 511 2839 647 2874; x_wconf 85' lang='lat' dir='ltr'>accommo-</span> <span class='ocrx_word' id='word_1_224' title='bbox 691 2831 749 2874; x_wconf 86' lang='lat' dir='ltr'>tcrc.</span> <span class='ocrx_word' id='word_1_225' title='bbox 761 2826 796 2875; x_wconf 92' lang='grc' dir='ltr'>Π.</span> <span class='ocrx_word' id='word_1_226' title='bbox 806 2825 846 2873; x_wconf 86' lang='grc'>80.</span> <span class='ocrx_word' id='word_1_227' title='bbox 862 2824 930 2873; x_wconf 90' lang='lat' dir='ltr'>Alii:</span> <span class='ocrx_word' id='word_1_228' title='bbox 941 2827 1027 2888; x_wconf 82' lang='lat' dir='ltr'>pletis.</span> <span class='ocrx_word' id='word_1_229' title='bbox 1045 2826 1096 2874; x_wconf 93' lang='lat' dir='ltr'>Pro</span> <span class='ocrx_word' id='word_1_230' title='bbox 1109 2829 1237 2876; x_wconf 81' lang='lat' dir='ltr'>beatorum</span> 
     </span>
     <span class='ocr_line' id='line_1_29' title="bbox 101 2902 1238 2969; baseline -0.002 -15"><span class='ocrx_word' id='word_1_231' title='bbox 101 2907 156 2955; x_wconf 89' lang='lat' dir='ltr'>dari</span> <span class='ocrx_word' id='word_1_232' title='bbox 179 2905 267 2969; x_wconf 89' lang='lat' dir='ltr'>possit:</span> <span class='ocrx_word' id='word_1_233' title='bbox 296 2911 363 2965; x_wconf 89' lang='lat' dir='ltr'>tum,</span> <span class='ocrx_word' id='word_1_234' title='bbox 387 2920 432 2968; x_wconf 89' lang='lat' dir='ltr'>per</span> <span class='ocrx_word' id='word_1_235' title='bbox 456 2904 648 2968; x_wconf 81' lang='lat' dir='ltr'>metonymiam,</span> <span class='ocrx_word' id='word_1_236' title='bbox 690 2904 805 2953; x_wconf 90' lang='lat' dir='ltr'>nonnulli</span> <span class='ocrx_word' id='word_1_237' title='bbox 829 2919 843 2953; x_wconf 89' lang='lat' dir='ltr'>e</span> <span class='ocrx_word' id='word_1_238' title='bbox 866 2903 944 2954; x_wconf 88' lang='lat' dir='ltr'><strong>MSS.</strong></span> <span class='ocrx_word' id='word_1_239' title='bbox 969 2902 1075 2953; x_wconf 78' lang='lat' dir='ltr'>tectim.</span> <span class='ocrx_word' id='word_1_240' title='bbox 1112 2904 1192 2966; x_wconf 85' lang='lat' dir='ltr'>Quid,</span> <span class='ocrx_word' id='word_1_241' title='bbox 1218 2906 1238 2953; x_wconf 91' lang='lat' dir='ltr'>si</span> 
     </span>
     <span class='ocr_line' id='line_1_30' title="bbox 101 2980 1236 3047; baseline 0 -14"><span class='ocrx_word' id='word_1_242' title='bbox 101 2985 188 3034; x_wconf 90' lang='lat' dir='ltr'>morbo</span> <span class='ocrx_word' id='word_1_243' title='bbox 204 2984 293 3043; x_wconf 87' lang='lat' dir='ltr'>tribui,</span> <span class='ocrx_word' id='word_1_244' title='bbox 311 2986 376 3047; x_wconf 88' lang='lat' dir='ltr'>quod</span> <span class='ocrx_word' id='word_1_245' title='bbox 397 2984 492 3034; x_wconf 89' lang='lat' dir='ltr'>homini</span> <span class='ocrx_word' id='word_1_246' title='bbox 509 2985 647 3034; x_wconf 81' lang='lat' dir='ltr'>conveniat.</span> <span class='ocrx_word' id='word_1_247' title='bbox 690 2982 803 3046; x_wconf 87' lang='lat' dir='ltr'>legamus</span> <span class='ocrx_word' id='word_1_248' title='bbox 829 2982 918 3032; x_wconf 81' lang='lat' dir='ltr'>beato?</span> <span class='ocrx_word' id='word_1_249' title='bbox 951 2980 1023 3032; x_wconf 79' lang='lat' dir='ltr'>Ouid.</span> <span class='ocrx_word' id='word_1_250' title='bbox 1050 2983 1101 3032; x_wconf 88' lang='lat'>111.</span> <span class='ocrx_word' id='word_1_251' title='bbox 1127 2983 1187 3032; x_wconf 89' lang='lat' dir='ltr'>Am.</span> <span class='ocrx_word' id='word_1_252' title='bbox 1213 2984 1236 3033; x_wconf 84' lang='lat'>2.</span> 
     </span>
     <span class='ocr_line' id='line_1_31' title="bbox 102 3062 1238 3127; baseline -0.002 -15"><span class='ocrx_word' id='word_1_253' title='bbox 102 3064 141 3112; x_wconf 89' lang='lat' dir='ltr'>At</span> <span class='ocrx_word' id='word_1_254' title='bbox 166 3077 242 3127; x_wconf 88' lang='lat' dir='ltr'>quam</span> <span class='ocrx_word' id='word_1_255' title='bbox 270 3062 381 3113; x_wconf 86' lang='lat' dir='ltr'>faciliora</span> <span class='ocrx_word' id='word_1_256' title='bbox 405 3070 429 3114; x_wconf 90' lang='lat' dir='ltr'>et</span> <span class='ocrx_word' id='word_1_257' title='bbox 454 3064 534 3126; x_wconf 89' lang='lat' dir='ltr'>magis</span> <span class='ocrx_word' id='word_1_258' title='bbox 559 3064 650 3112; x_wconf 87' lang='lat' dir='ltr'>Latina</span> <span class='ocrx_word' id='word_1_259' title='bbox 692 3062 1026 3120; x_wconf 58' lang='lat' dir='ltr'>sanctissimarum</span> <span class='ocrx_word' id='word_1_260' title='bbox 1048 3063 1158 3121; x_wconf 81' lang='lat' dir='ltr'>Titulle,</span> <span class='ocrx_word' id='word_1_261' title='bbox 1175 3065 1238 3125; x_wconf 81' lang='lat' dir='ltr'>pica.</span> 
     </span>
     <span class='ocr_line' id='line_1_32' title="bbox 102 3138 1238 3204; baseline -0.004 -12"><span class='ocrx_word' id='word_1_262' title='bbox 102 3143 164 3192; x_wconf 85' lang='lat' dir='ltr'>haec</span> <span class='ocrx_word' id='word_1_263' title='bbox 181 3148 251 3201; x_wconf 90' lang='lat' dir='ltr'>sunt,</span> <span class='ocrx_word' id='word_1_264' title='bbox 267 3142 290 3189; x_wconf 95' lang='lat' dir='ltr'>si</span> <span class='ocrx_word' id='word_1_265' title='bbox 298 3141 402 3192; x_wconf 88' lang='lat' dir='ltr'>scribas:</span> <span class='ocrx_word' id='word_1_266' title='bbox 420 3145 474 3192; x_wconf 87' lang='lat' dir='ltr'>Nec</span> <span class='ocrx_word' id='word_1_267' title='bbox 481 3144 552 3191; x_wconf 87' lang='lat' dir='ltr'>sitim</span> <span class='ocrx_word' id='word_1_268' title='bbox 560 3144 648 3204; x_wconf 81' lang='lat' dir='ltr'>peltas.</span> <span class='ocrx_word' id='word_1_269' title='bbox 691 3139 778 3189; x_wconf 83' lang='lat' dir='ltr'>Cicero</span> <span class='ocrx_word' id='word_1_270' title='bbox 794 3154 839 3202; x_wconf 89' lang='lat' dir='ltr'>pro</span> <span class='ocrx_word' id='word_1_271' title='bbox 855 3138 953 3187; x_wconf 87' lang='lat' dir='ltr'>Archia</span> <span class='ocrx_word' id='word_1_272' title='bbox 965 3139 1002 3187; x_wconf 82' lang='lat'>12.</span> <span class='ocrx_word' id='word_1_273' title='bbox 1024 3141 1103 3188; x_wconf 84' lang='lat' dir='ltr'>Hunc</span> <span class='ocrx_word' id='word_1_274' title='bbox 1114 3143 1149 3188; x_wconf 83' lang='lat' dir='ltr'>ad</span> <span class='ocrx_word' id='word_1_275' title='bbox 1165 3146 1238 3188; x_wconf 84' lang='lat' dir='ltr'>tuum</span> 
     </span>
     <span class='ocr_line' id='line_1_33' title="bbox 101 3218 982 3282; baseline -0.007 -12"><span class='ocrx_word' id='word_1_276' title='bbox 101 3221 177 3270; x_wconf 81' lang='lat' dir='ltr'>Forte</span> <span class='ocrx_word' id='word_1_277' title='bbox 194 3221 230 3269; x_wconf 82' lang='lat' dir='ltr'>ite</span> <span class='ocrx_word' id='word_1_278' title='bbox 245 3219 307 3269; x_wconf 83' lang='lat' dir='ltr'>vidit</span> <span class='ocrx_word' id='word_1_279' title='bbox 315 3220 453 3270; x_wconf 78' lang='lat' dir='ltr'>comment.</span> <span class='ocrx_word' id='word_1_280' title='bbox 465 3219 542 3282; x_wconf 83' lang='lat' dir='ltr'>Cruq.</span> <span class='ocrx_word' id='word_1_281' title='bbox 558 3221 649 3268; x_wconf 85' lang='lat' dir='ltr'>“Sicut</span> <span class='ocrx_word' id='word_1_282' title='bbox 690 3235 821 3268; x_wconf 83' lang='lat' dir='ltr'>numerum</span> <span class='ocrx_word' id='word_1_283' title='bbox 838 3218 982 3268; x_wconf 79' lang='lat' dir='ltr'>adscribita.</span> 
     </span>
    </p>

    <p class='ocr_par' dir='ltr' id='par_1_12' title="bbox 102 3295 1240 4150">
     <span class='ocr_line' id='line_1_34' title="bbox 102 3295 1233 3361; baseline -0.004 -11"><span class='ocrx_word' id='word_1_284' title='bbox 102 3303 158 3350; x_wconf 64' lang='lat' dir='ltr'>aaa</span> <span class='ocrx_word' id='word_1_285' title='bbox 173 3317 224 3350; x_wconf 85' lang='lat' dir='ltr'>nan</span> <span class='ocrx_word' id='word_1_286' title='bbox 241 3301 350 3361; x_wconf 84' lang='lat' dir='ltr'>tollitur,</span> <span class='ocrx_word' id='word_1_287' title='bbox 367 3301 417 3348; x_wconf 85' lang='lat' dir='ltr'>nisi</span> <span class='ocrx_word' id='word_1_288' title='bbox 433 3299 591 3361; x_wconf 72' lang='lat' dir='ltr'>aspritudine</span> <span class='ocrx_word' id='word_1_289' title='bbox 598 3297 648 3360; x_wconf 66' lang='lat' dir='ltr'>sun</span> <span class='ocrx_word' id='word_1_290' title='bbox 724 3301 898 3360; x_wconf 85' lang='lat' dir='ltr'>Populumqae</span> <span class='ocrx_word' id='word_1_291' title='bbox 908 3295 989 3357; x_wconf 83' lang='lat' dir='ltr'>salsis</span> <span class='ocrx_word' id='word_1_292' title='bbox 1007 3297 1117 3344; x_wconf 76' lang='lat' dir='ltr'>Dedecet</span> <span class='ocrx_word' id='word_1_293' title='bbox 1130 3298 1170 3344; x_wconf 87' lang='lat' dir='ltr'>uti</span> <span class='ocrx_word' id='word_1_294' title='bbox 1186 3299 1233 3345; x_wconf 85' lang='lat' dir='ltr'>Vo-</span> 
     </span>
     <span class='ocr_line' id='line_1_35' title="bbox 103 3373 1237 3440; baseline -0.005 -14"><span class='ocrx_word' id='word_1_295' title='bbox 103 3379 188 3440; x_wconf 62' lang='lat' dir='ltr'>catal&#39;</span> <span class='ocrx_word' id='word_1_296' title='bbox 206 3378 308 3440; x_wconf 83' lang='lat' dir='ltr'>Pelias,</span> <span class='ocrx_word' id='word_1_297' title='bbox 333 3384 362 3425; x_wconf 91' lang='lat' dir='ltr'>ut</span> <span class='ocrx_word' id='word_1_298' title='bbox 386 3391 474 3440; x_wconf 88' lang='lat' dir='ltr'>supra:</span> <span class='ocrx_word' id='word_1_299' title='bbox 501 3378 593 3425; x_wconf 75' lang='lat' dir='ltr'>Latius</span> <span class='ocrx_word' id='word_1_300' title='bbox 608 3392 647 3426; x_wconf 86' lang='lat' dir='ltr'>re·</span> <span class='ocrx_word' id='word_1_301' title='bbox 691 3378 766 3426; x_wconf 82' lang='lat' dir='ltr'>citur.</span> <span class='ocrx_word' id='word_1_302' title='bbox 795 3376 896 3424; x_wconf 87' lang='lat' dir='ltr'>Hildeb.</span> <span class='ocrx_word' id='word_1_303' title='bbox 913 3374 978 3423; x_wconf 90' lang='lat' dir='ltr'>Mor.</span> <span class='ocrx_word' id='word_1_304' title='bbox 995 3373 1090 3422; x_wconf 90' lang='lat' dir='ltr'>Philos.</span> <span class='ocrx_word' id='word_1_305' title='bbox 1108 3389 1165 3437; x_wconf 85' lang='lat' dir='ltr'>pag.</span> <span class='ocrx_word' id='word_1_306' title='bbox 1181 3376 1237 3427; x_wconf 83' lang='lat'>975.</span> 
     </span>
     <span class='ocr_line' id='line_1_36' title="bbox 103 3454 1238 3518; baseline -0.003 -14"><span class='ocrx_word' id='word_1_307' title='bbox 103 3471 170 3518; x_wconf 72' lang='lat' dir='ltr'>pnes.</span> <span class='ocrx_word' id='word_1_308' title='bbox 181 3455 203 3504; x_wconf 92' lang='grc' dir='ltr'>Ι.</span> <span class='ocrx_word' id='word_1_309' title='bbox 221 3454 304 3504; x_wconf 83' lang='lat' dir='ltr'>Carm.</span> <span class='ocrx_word' id='word_1_310' title='bbox 320 3457 342 3504; x_wconf 92' lang='lat'>1.</span> <span class='ocrx_word' id='word_1_311' title='bbox 360 3458 499 3518; x_wconf 79' lang='lat' dir='ltr'>Nunquam</span> <span class='ocrx_word' id='word_1_312' title='bbox 516 3457 649 3504; x_wconf 57' lang='lat' dir='ltr'>mnrooeas.</span> <span class='ocrx_word' id='word_1_313' title='bbox 695 3456 746 3513; x_wconf 79' lang='lat' dir='ltr'>Qui</span> <span class='ocrx_word' id='word_1_314' title='bbox 766 3461 851 3504; x_wconf 88' lang='lat' dir='ltr'>autem</span> <span class='ocrx_word' id='word_1_315' title='bbox 872 3467 956 3503; x_wconf 87' lang='lat' dir='ltr'>errare</span> <span class='ocrx_word' id='word_1_316' title='bbox 974 3454 1107 3515; x_wconf 83' lang='lat' dir='ltr'>imperitae</span> <span class='ocrx_word' id='word_1_317' title='bbox 1123 3454 1238 3502; x_wconf 78' lang='lat' dir='ltr'>nruttitu-</span> 
     </span>
     <span class='ocr_line' id='line_1_37' title="bbox 105 3533 1239 3598; baseline -0.002 -14"><span class='ocrx_word' id='word_1_318' title='bbox 105 3534 321 3598; x_wconf 83' lang='lat' dir='ltr'>Comparationem</span> <span class='ocrx_word' id='word_1_319' title='bbox 348 3535 467 3584; x_wconf 72' lang='lat' dir='ltr'>auantiae</span> <span class='ocrx_word' id='word_1_320' title='bbox 486 3540 512 3582; x_wconf 89' lang='lat' dir='ltr'>et</span> <span class='ocrx_word' id='word_1_321' title='bbox 533 3533 650 3597; x_wconf 88' lang='lat' dir='ltr'>hydropis</span> <span class='ocrx_word' id='word_1_322' title='bbox 692 3536 759 3584; x_wconf 82' lang='lat' dir='ltr'>dinis</span> <span class='ocrx_word' id='word_1_323' title='bbox 773 3535 876 3598; x_wconf 83' lang='lat' dir='ltr'>pendet,</span> <span class='ocrx_word' id='word_1_324' title='bbox 896 3534 925 3581; x_wconf 90' lang='lat' dir='ltr'>in</span> <span class='ocrx_word' id='word_1_325' title='bbox 941 3535 1040 3594; x_wconf 73' lang='lat' dir='ltr'>maqnis</span> <span class='ocrx_word' id='word_1_326' title='bbox 1055 3533 1120 3580; x_wconf 79' lang='lat' dir='ltr'>uiris</span> <span class='ocrx_word' id='word_1_327' title='bbox 1135 3549 1185 3582; x_wconf 89' lang='lat' dir='ltr'>non</span> <span class='ocrx_word' id='word_1_328' title='bbox 1201 3540 1239 3582; x_wconf 84' lang='lat' dir='ltr'>est</span> 
     </span>
     <span class='ocr_line' id='line_1_38' title="bbox 105 3611 1237 3677; baseline 0 -15"><span class='ocrx_word' id='word_1_329' title='bbox 105 3613 180 3662; x_wconf 91' lang='lat' dir='ltr'>multi</span> <span class='ocrx_word' id='word_1_330' title='bbox 196 3613 316 3677; x_wconf 86' lang='lat' dir='ltr'>exemplis</span> <span class='ocrx_word' id='word_1_331' title='bbox 333 3613 530 3663; x_wconf 87' lang='lat' dir='ltr'>illustraverunt.</span> <span class='ocrx_word' id='word_1_332' title='bbox 555 3613 651 3661; x_wconf 89' lang='lat' dir='ltr'>Locum</span> <span class='ocrx_word' id='word_1_333' title='bbox 693 3615 826 3663; x_wconf 66' lang='lat' dir='ltr'>habmus.</span> <span class='ocrx_word' id='word_1_334' title='bbox 859 3613 899 3660; x_wconf 94' lang='lat' dir='ltr'>Ibi</span> <span class='ocrx_word' id='word_1_335' title='bbox 914 3611 981 3660; x_wconf 88' lang='lat' dir='ltr'>mals</span> <span class='ocrx_word' id='word_1_336' title='bbox 997 3611 1022 3658; x_wconf 92' lang='lat' dir='ltr'>in</span> <span class='ocrx_word' id='word_1_337' title='bbox 1039 3613 1153 3675; x_wconf 85' lang='lat' dir='ltr'>margine</span> <span class='ocrx_word' id='word_1_338' title='bbox 1162 3614 1237 3662; x_wconf 88' lang='lat' dir='ltr'>conii-</span> 
     </span>
     <span class='ocr_line' id='line_1_39' title="bbox 106 3691 1239 3756; baseline -0.002 -15"><span class='ocrx_word' id='word_1_339' title='bbox 106 3693 245 3755; x_wconf 82' lang='lat' dir='ltr'>elegantem</span> <span class='ocrx_word' id='word_1_340' title='bbox 262 3693 364 3756; x_wconf 91' lang='lat' dir='ltr'>Polybii</span> <span class='ocrx_word' id='word_1_341' title='bbox 381 3692 459 3742; x_wconf 91' lang='lat' dir='ltr'>XIII.</span> <span class='ocrx_word' id='word_1_342' title='bbox 480 3691 500 3740; x_wconf 94' lang='lat' dir='ltr'>l.</span> <span class='ocrx_word' id='word_1_343' title='bbox 523 3691 572 3738; x_wconf 87' lang='lat' dir='ltr'>iam</span> <span class='ocrx_word' id='word_1_344' title='bbox 589 3691 651 3739; x_wconf 90' lang='lat' dir='ltr'>indi·</span> <span class='ocrx_word' id='word_1_345' title='bbox 693 3693 757 3740; x_wconf 90' lang='lat' dir='ltr'>citur</span> <span class='ocrx_word' id='word_1_346' title='bbox 773 3709 804 3742; x_wconf 86' lang='lat' dir='ltr'>err</span> <span class='ocrx_word' id='word_1_347' title='bbox 820 3708 868 3742; x_wconf 88' lang='lat' dir='ltr'>ore.</span> <span class='ocrx_word' id='word_1_348' title='bbox 901 3691 969 3740; x_wconf 87' lang='lat' dir='ltr'>Nam</span> <span class='ocrx_word' id='word_1_349' title='bbox 989 3697 1018 3739; x_wconf 89' lang='lat' dir='ltr'>ut</span> <span class='ocrx_word' id='word_1_350' title='bbox 1038 3698 1104 3739; x_wconf 89' lang='lat' dir='ltr'>totus</span> <span class='ocrx_word' id='word_1_351' title='bbox 1120 3691 1167 3741; x_wconf 88' lang='lat' dir='ltr'>istc</span> <span class='ocrx_word' id='word_1_352' title='bbox 1183 3692 1239 3740; x_wconf 91' lang='lat' dir='ltr'>Hil-</span> 
     </span>
     <span class='ocr_line' id='line_1_40' title="bbox 106 3769 1239 3833; baseline -0.003 -13"><span class='ocrx_word' id='word_1_353' title='bbox 106 3778 206 3820; x_wconf 83' lang='lat' dir='ltr'>caverat</span> <span class='ocrx_word' id='word_1_354' title='bbox 221 3772 343 3822; x_wconf 84' lang='lat' dir='ltr'>Nodellus</span> <span class='ocrx_word' id='word_1_355' title='bbox 360 3771 386 3819; x_wconf 90' lang='lat' dir='ltr'>in</span> <span class='ocrx_word' id='word_1_356' title='bbox 402 3769 545 3819; x_wconf 84' lang='lat' dir='ltr'>NotisCrit.</span> <span class='ocrx_word' id='word_1_357' title='bbox 562 3784 615 3833; x_wconf 86' lang='lat' dir='ltr'>cap.</span> <span class='ocrx_word' id='word_1_358' title='bbox 628 3773 651 3820; x_wconf 79' lang='lat'>4.</span> <span class='ocrx_word' id='word_1_359' title='bbox 694 3772 788 3821; x_wconf 89' lang='lat' dir='ltr'>deberti</span> <span class='ocrx_word' id='word_1_360' title='bbox 806 3772 908 3820; x_wconf 89' lang='lat' dir='ltr'>libellus</span> <span class='ocrx_word' id='word_1_361' title='bbox 930 3770 980 3820; x_wconf 89' lang='lat' dir='ltr'>fere</span> <span class='ocrx_word' id='word_1_362' title='bbox 1004 3771 1122 3819; x_wconf 86' lang='lat' dir='ltr'>conflatus</span> <span class='ocrx_word' id='word_1_363' title='bbox 1146 3777 1183 3818; x_wconf 88' lang='lat' dir='ltr'>est</span> <span class='ocrx_word' id='word_1_364' title='bbox 1207 3785 1239 3818; x_wconf 85' lang='lat' dir='ltr'>ex</span> 
     </span>
     <span class='ocr_line' id='line_1_41' title="bbox 108 3849 1238 3914; baseline -0.004 -14"><span class='ocrx_word' id='word_1_365' title='bbox 108 3849 228 3900; x_wconf 84' lang='lat' dir='ltr'>Stobaeus</span> <span class='ocrx_word' id='word_1_366' title='bbox 249 3851 276 3898; x_wconf 94' lang='lat' dir='ltr'>in</span> <span class='ocrx_word' id='word_1_367' title='bbox 301 3850 380 3900; x_wconf 85' lang='lat' dir='ltr'>Serm.</span> <span class='ocrx_word' id='word_1_368' title='bbox 399 3849 432 3897; x_wconf 89' lang='lat' dir='ltr'>X.</span> <span class='ocrx_word' id='word_1_369' title='bbox 455 3849 485 3897; x_wconf 90' lang='lat' dir='ltr'>T.</span> <span class='ocrx_word' id='word_1_370' title='bbox 507 3849 546 3897; x_wconf 85' lang='grc'>46.</span> <span class='ocrx_word' id='word_1_371' title='bbox 568 3849 653 3898; x_wconf 88' lang='lat' dir='ltr'>retulit</span> <span class='ocrx_word' id='word_1_372' title='bbox 694 3850 764 3899; x_wconf 85' lang='lat' dir='ltr'>dictis</span> <span class='ocrx_word' id='word_1_373' title='bbox 788 3851 1003 3914; x_wconf 86' lang='lat' dir='ltr'>philosophorum,</span> <span class='ocrx_word' id='word_1_374' title='bbox 1027 3850 1167 3912; x_wconf 69' lang='lat' dir='ltr'>poctarum,</span> <span class='ocrx_word' id='word_1_375' title='bbox 1188 3849 1238 3896; x_wconf 89' lang='lat' dir='ltr'>his-</span> 
     </span>
     <span class='ocr_line' id='line_1_42' title="bbox 106 3927 1239 3990; baseline -0.001 -14"><span class='ocrx_word' id='word_1_376' title='bbox 106 3928 187 3977; x_wconf 88' lang='lat' dir='ltr'>simile</span> <span class='ocrx_word' id='word_1_377' title='bbox 208 3928 302 3977; x_wconf 88' lang='lat' dir='ltr'>dictum</span> <span class='ocrx_word' id='word_1_378' title='bbox 323 3927 450 3990; x_wconf 88' lang='lat' dir='ltr'>Diogenis.</span> <span class='ocrx_word' id='word_1_379' title='bbox 476 3927 563 3976; x_wconf 88' lang='lat' dir='ltr'>Multa</span> <span class='ocrx_word' id='word_1_380' title='bbox 587 3928 653 3990; x_wconf 86' lang='lat' dir='ltr'>apud</span> <span class='ocrx_word' id='word_1_381' title='bbox 694 3927 839 3986; x_wconf 86' lang='lat' dir='ltr'>toricorum‚</span> <span class='ocrx_word' id='word_1_382' title='bbox 863 3928 899 3975; x_wconf 90' lang='lat' dir='ltr'>ita</span> <span class='ocrx_word' id='word_1_383' title='bbox 923 3928 969 3974; x_wconf 93' lang='lat' dir='ltr'>hoc</span> <span class='ocrx_word' id='word_1_384' title='bbox 990 3927 1131 3974; x_wconf 88' lang='lat' dir='ltr'>desumtum</span> <span class='ocrx_word' id='word_1_385' title='bbox 1153 3934 1239 3976; x_wconf 87' lang='lat' dir='ltr'>estex</span> 
     </span>
     <span class='ocr_line' id='line_1_43' title="bbox 107 4004 1240 4068; baseline -0.002 -12"><span class='ocrx_word' id='word_1_386' title='bbox 107 4007 213 4056; x_wconf 88' lang='lat' dir='ltr'>eundem</span> <span class='ocrx_word' id='word_1_387' title='bbox 235 4008 313 4058; x_wconf 87' lang='lat' dir='ltr'>Serm.</span> <span class='ocrx_word' id='word_1_388' title='bbox 337 4006 420 4056; x_wconf 84' lang='lat' dir='ltr'>XCV.</span> <span class='ocrx_word' id='word_1_389' title='bbox 442 4006 473 4054; x_wconf 90' lang='lat' dir='ltr'>T.</span> <span class='ocrx_word' id='word_1_390' title='bbox 494 4006 525 4054; x_wconf 86' lang='lat'>31</span> <span class='ocrx_word' id='word_1_391' title='bbox 547 4007 572 4054; x_wconf 89' lang='lat' dir='ltr'>in</span> <span class='ocrx_word' id='word_1_392' title='bbox 590 4007 654 4053; x_wconf 88' lang='lat' dir='ltr'>hanc</span> <span class='ocrx_word' id='word_1_393' title='bbox 694 4004 813 4055; x_wconf 80' lang='lat' dir='ltr'>Cicerone</span> <span class='ocrx_word' id='word_1_394' title='bbox 828 4007 850 4054; x_wconf 91' lang='lat' dir='ltr'>I.</span> <span class='ocrx_word' id='word_1_395' title='bbox 868 4005 939 4055; x_wconf 89' lang='lat' dir='ltr'>Offic.</span> <span class='ocrx_word' id='word_1_396' title='bbox 959 4006 996 4053; x_wconf 89' lang='lat'>19.</span> <span class='ocrx_word' id='word_1_397' title='bbox 1028 4007 1133 4054; x_wconf 84' lang='lat' dir='ltr'>Etenim</span> <span class='ocrx_word' id='word_1_398' title='bbox 1149 4007 1193 4068; x_wconf 86' lang='lat' dir='ltr'>qui</span> <span class='ocrx_word' id='word_1_399' title='bbox 1209 4023 1240 4055; x_wconf 80' lang='lat' dir='ltr'>en</span> 
     </span>
     <span class='ocr_line' id='line_1_44' title="bbox 107 4085 829 4150; baseline -0.006 -14"><span class='ocrx_word' id='word_1_400' title='bbox 107 4102 161 4136; x_wconf 88' lang='lat' dir='ltr'>rem</span> <span class='ocrx_word' id='word_1_401' title='bbox 177 4086 289 4150; x_wconf 88' lang='lat' dir='ltr'>disputat</span> <span class='ocrx_word' id='word_1_402' title='bbox 305 4086 386 4136; x_wconf 79' lang='lat' dir='ltr'>Telcs.</span> <span class='ocrx_word' id='word_1_403' title='bbox 404 4085 455 4147; x_wconf 86' lang='lat' dir='ltr'>Qui</span> <span class='ocrx_word' id='word_1_404' title='bbox 465 4086 529 4134; x_wconf 90' lang='lat' dir='ltr'>liber</span> <span class='ocrx_word' id='word_1_405' title='bbox 541 4085 653 4148; x_wconf 89' lang='lat' dir='ltr'>indigen·</span> <span class='ocrx_word' id='word_1_406' title='bbox 694 4100 778 4133; x_wconf 87' lang='lat' dir='ltr'>errore</span> <span class='ocrx_word' id='word_1_407' title='bbox 794 4099 829 4148; x_wconf 87' lang='lat' dir='ltr'>sq.</span> 
     </span>
    </p>

    <p class='ocr_par' dir='ltr' id='par_1_13' title="bbox 108 4163 1240 4386">
     <span class='ocr_line' id='line_1_45' title="bbox 109 4163 1240 4228; baseline -0.001 -15"><span class='ocrx_word' id='word_1_408' title='bbox 109 4166 145 4214; x_wconf 88' lang='lat' dir='ltr'>tia</span> <span class='ocrx_word' id='word_1_409' title='bbox 160 4180 205 4215; x_wconf 88' lang='lat' dir='ltr'>seu</span> <span class='ocrx_word' id='word_1_410' title='bbox 225 4165 277 4228; x_wconf 88' lang='lat' dir='ltr'>ipse</span> <span class='ocrx_word' id='word_1_411' title='bbox 292 4165 358 4224; x_wconf 89' lang='lat' dir='ltr'>fieri,</span> <span class='ocrx_word' id='word_1_412' title='bbox 378 4179 423 4214; x_wconf 87' lang='lat' dir='ltr'>seu</span> <span class='ocrx_word' id='word_1_413' title='bbox 444 4163 551 4213; x_wconf 89' lang='lat' dir='ltr'>alterum</span> <span class='ocrx_word' id='word_1_414' title='bbox 574 4163 653 4214; x_wconf 85' lang='lat' dir='ltr'>facere</span> <span class='ocrx_word' id='word_1_415' title='bbox 730 4165 848 4227; x_wconf 80' lang='lat' dir='ltr'>Quisquis</span> <span class='ocrx_word' id='word_1_416' title='bbox 857 4166 968 4226; x_wconf 64' lang='lat' dir='ltr'>iacenter</span> <span class='ocrx_word' id='word_1_417' title='bbox 975 4164 1044 4212; x_wconf 87' lang='lat' dir='ltr'>oculo</span> <span class='ocrx_word' id='word_1_418' title='bbox 1051 4163 1170 4211; x_wconf 83' lang='lat' dir='ltr'>irretcrto</span> <span class='ocrx_word' id='word_1_419' title='bbox 1180 4165 1240 4226; x_wconf 87' lang='lat' dir='ltr'>Spe-</span> 
     </span>
     <span class='ocr_line' id='line_1_46' title="bbox 108 4240 1240 4306; baseline -0.003 -13"><span class='ocrx_word' id='word_1_420' title='bbox 108 4244 203 4306; x_wconf 86' lang='lat' dir='ltr'>cupiat,</span> <span class='ocrx_word' id='word_1_421' title='bbox 226 4242 246 4290; x_wconf 91' lang='lat' dir='ltr'>is</span> <span class='ocrx_word' id='word_1_422' title='bbox 267 4257 299 4292; x_wconf 89' lang='lat' dir='ltr'>ne</span> <span class='ocrx_word' id='word_1_423' title='bbox 319 4249 422 4306; x_wconf 87' lang='lat' dir='ltr'>quaerat</span> <span class='ocrx_word' id='word_1_424' title='bbox 443 4244 584 4292; x_wconf 87' lang='lat' dir='ltr'>thesauros:</span> <span class='ocrx_word' id='word_1_425' title='bbox 602 4242 652 4300; x_wconf 89' lang='lat' dir='ltr'>sin,</span> <span class='ocrx_word' id='word_1_426' title='bbox 693 4248 748 4292; x_wconf 85' lang='lat' dir='ltr'>ctat</span> <span class='ocrx_word' id='word_1_427' title='bbox 768 4256 872 4290; x_wconf 77' lang='lat' dir='ltr'>aceras</span> <span class='ocrx_word' id='word_1_428' title='bbox 909 4241 1005 4304; x_wconf 89' lang='lat' dir='ltr'>Ioseph.</span> <span class='ocrx_word' id='word_1_429' title='bbox 1030 4240 1141 4304; x_wconf 84' lang='lat' dir='ltr'>Scaliger</span> <span class='ocrx_word' id='word_1_430' title='bbox 1161 4242 1240 4304; x_wconf 81' lang='lat' dir='ltr'>Epist.</span> 
     </span>
     <span class='ocr_line' id='line_1_47' title="bbox 109 4319 1239 4386; baseline -0.002 -16"><span class='ocrx_word' id='word_1_431' title='bbox 109 4321 210 4386; x_wconf 78' lang='grc' dir='ltr'><strong><em>ὅμοιόν,</em></strong></span> <span class='ocrx_word' id='word_1_432' title='bbox 236 4321 340 4386; x_wconf 66' lang='lat' dir='ltr'>aquini</span> <span class='ocrx_word' id='word_1_433' title='bbox 361 4321 435 4383; x_wconf 84' lang='grc' dir='ltr'><em>Βίων,</em></span> <span class='ocrx_word' id='word_1_434' title='bbox 461 4323 495 4380; x_wconf 82' lang='grc' dir='ltr'>ὡς</span> <span class='ocrx_word' id='word_1_435' title='bbox 515 4323 590 4379; x_wconf 78' lang='grc' dir='ltr'>εἴτις</span> <span class='ocrx_word' id='word_1_436' title='bbox 608 4323 653 4371; x_wconf 73' lang='grc' dir='ltr'>τὸν</span> <span class='ocrx_word' id='word_1_437' title='bbox 697 4323 751 4372; x_wconf 79' lang='lat'>195.</span> <span class='ocrx_word' id='word_1_438' title='bbox 768 4321 830 4371; x_wconf 90' lang='lat' dir='ltr'>nihil</span> <span class='ocrx_word' id='word_1_439' title='bbox 841 4320 932 4371; x_wconf 85' lang='lat' dir='ltr'>certius</span> <span class='ocrx_word' id='word_1_440' title='bbox 944 4334 995 4369; x_wconf 81' lang='lat' dir='ltr'>csse</span> <span class='ocrx_word' id='word_1_441' title='bbox 1006 4325 1176 4382; x_wconf 85' lang='lat' dir='ltr'>putat,quam</span> <span class='ocrx_word' id='word_1_442' title='bbox 1188 4319 1239 4368; x_wconf 88' lang='lat' dir='ltr'>Ho-</span> 
     </span>
    </p>
   </div>
   <div class='ocr_carea' id='block_1_4' title="bbox 0 0 1481 5220">
    <p class='ocr_par' dir='ltr' id='par_1_14' title="bbox 0 0 1481 5220">
     <span class='ocr_line' id='line_1_48' title="bbox 0 0 1481 5220; baseline 0 0"><span class='ocrx_word' id='word_1_443' title='bbox 0 0 1481 5220; x_wconf 95' lang='lat' dir='ltr'> </span> 
     </span>
    </p>
   </div>
  </div>
 </body>
</html>
