2916 5220
613 310 788 373 LIBER
834 313 861 374 I.

341 496 434 581 ¹Care
454 497 622 560 Maecenas
644 515 748 580 equa,
772 504 806 558 ut
822 501 956 580 paterni

346 598 502 664 Fluminis
523 602 615 684 ripae
635 597 730 662 simui
747 607 776 662 ct
795 602 898 663 iocosa

346 701 504 766 maana
522 700 631 765 mucias
650 698 706 765 tibi
731 701 877 765 Vaticani

432 806 552 869 Montis
573 808 683 902 inape.

166 975 236 1026 Idem
262 979 294 1025 ad
319 978 339 1025 Ι.
368 980 388 1027 l.
423 980 551 1040 Loquitur
575 983 659 1026 autem
684 979 714 1024 dc
754 977 883 1039 epistolam
908 993 1019 1029 sermone
1040 981 1123 1039 Italo,
1148 982 1252 1030 Parisiis
1278 998 1299 1030 a.

166 1057 209 1116 iio,
231 1059 276 1119 qui
296 1058 365 1119 vulpi
374 1056 492 1120 fauorem
510 1062 655 1120 captantes,
671 1071 712 1116 op·
757 1053 826 1106 1837.
860 1057 915 1105 Iam
932 1058 957 1105 in
979 1059 1024 1107 illa
1044 1061 1148 1108 Etruria
1168 1067 1238 1123 parte
1259 1075 1300 1108 no-

167 1138 236 1195 tant,
266 1149 323 1184 cum
350 1137 456 1197 inmersi
484 1142 544 1184 eunt
574 1137 713 1189 theatrum,
754 1131 888 1184 bilissimas
911 1143 948 1186 est
969 1137 1058 1186 fluvius
1076 1140 1175 1197 Arnus,
1192 1141 1235 1202 qui
1251 1154 1300 1188 me·

166 1215 284 1272 plausum
301 1215 348 1261 sihi
363 1215 422 1261 dori
438 1230 455 1261 a
471 1215 574 1276 populo:
596 1214 631 1261 ric
647 1214 712 1261 enim
755 1212 821 1260 diam
839 1215 964 1277 regionem
982 1223 1054 1265 secat.
1081 1218 1108 1267 Si
1125 1218 1204 1280 igitur
1215 1219 1245 1267 de
1256 1218 1300 1266 flu-

168 1293 356 1354 eacipiehantur
373 1294 401 1340 in
423 1295 551 1341 theatrum
573 1294 713 1355 principer,
754 1292 794 1339 vio
811 1293 900 1355 agitur,
918 1295 961 1357 qui
972 1302 1037 1344 recte
1047 1296 1170 1344 diceretur
1178 1303 1301 1360 paternus

167 1373 193 1421 de
201 1373 292 1434 quihus
298 1374 406 1436 populus
415 1375 472 1422 heae
478 1375 607 1422 sentiebat.
620 1372 714 1433 Quodsi
754 1371 794 1419 vel
810 1375 913 1434 patriae
929 1374 1093 1432 Maecenatis,
1104 1376 1125 1422 is
1136 1382 1189 1424 erat
1200 1376 1300 1434 Arnus,

167 1463 253 1498 verum
271 1450 316 1510 sit,
333 1457 387 1498 turn
409 1450 436 1497 iu
455 1449 499 1498 illo
520 1451 621 1514 plausu,
639 1465 712 1514 quem
754 1464 804 1497 non
816 1450 925 1509 Tiberis,
936 1452 978 1514 qui
990 1455 1117 1502 Etruriam
1129 1455 1217 1503 dextra
1228 1457 1301 1504 modo

94 1556 97 1559 -
165 1531 237 1590 poeta
253 1528 339 1587 refert,
356 1530 420 1578 nihil
437 1530 570 1578 admodum
587 1530 713 1591 singulare
754 1530 807 1592 ripa
831 1533 918 1594 tangit.
952 1531 1018 1593 Quid
1043 1534 1075 1581 sit
1093 1535 1192 1595 floraco
1216 1541 1301 1597 pater·

160 1616 225 1657 erat.
259 1610 330 1672 Ergo
346 1610 392 1657 hoc
409 1609 482 1658 dixit:
505 1608 627 1658 “Condidi
640 1609 711 1658 Sabi·
753 1624 815 1656 num
831 1610 870 1657 vel
882 1612 1006 1674 patrium,
1014 1612 1163 1676 intelligitur
1173 1629 1205 1662 ex
1216 1614 1302 1663 Tacito

160 1700 225 1735 num
242 1688 269 1735 in
287 1695 361 1745 testa,
384 1702 413 1736 eo
434 1689 486 1745 die,
507 1702 556 1751 quo
573 1687 599 1735 in
617 1689 713 1738 theatro
754 1686 775 1734 1.
793 1687 887 1738 Annal.
905 1691 944 1741 79,
961 1693 1053 1753 optime
1068 1696 1141 1741 rehtu
1156 1696 1301 1742 mortalium

158 1763 245 1826 fuisti,
263 1774 288 1816 et
303 1768 422 1831 populus,
443 1774 472 1815 ut
488 1768 562 1825 solet,
579 1767 625 1816 tibi
641 1768 713 1817 vehe-
754 1769 906 1818 omauluisse
930 1775 1063 1831 naturam,
1092 1787 1157 1835 quae
1183 1787 1231 1821 sua
1255 1788 1301 1822 ora

156 1852 261 1896 menter
283 1846 433 1909 applausit.”
467 1846 496 1897 Si
515 1848 647 1896 Maecenas
667 1848 712 1897 fre-
748 1845 1301 1915 flurainihur,euoecureue,atqueoiipiuem,

156 1940 242 1988 quens
259 1926 286 1973 iu
303 1927 428 1975 theatrum
445 1925 595 1984 ventitabat,
612 1942 661 1976 non
679 1929 712 1976 fa·
754 1923 793 1971 ita
809 1925 878 1986 fines
901 1928 1005 1976 dederit.
1047 1928 1201 1991 Spectandae
1225 1932 1302 1980 etiam

158 2005 209 2055 cire
227 2006 259 2054 de
275 2006 423 2069 antiquitate
439 2005 493 2053 vini
509 2012 636 2055 statueret.
665 2008 712 2056 At·
754 2005 884 2067 relipiorcee
900 2007 1034 2068 sonorum,
1050 2010 1093 2071 qui
1109 2022 1184 2058 encra
1200 2015 1224 2058 et
1235 2011 1302 2060 lucos

158 2098 211 2146 que
233 2085 274 2133 hic
296 2087 442 2145 tenendum,
462 2087 664 2135 consuetudinem
685 2086 713 2134 il·
755 2089 780 2130 et
804 2099 866 2133 orae
888 2088 986 2148 patriis
1010 2089 1123 2136 omnihus
1148 2088 1299 2137 amaverint:

160 2162 215 2212 lam
233 2165 399 2228 applaudendi
416 2167 464 2214 cito
476 2167 507 2213 ad
518 2166 582 2214 solos
594 2165 712 2216 Caesares
754 2164 816 2226 quin
831 2165 912 2227 iprum
931 2167 1043 2215 Tiberim
1058 2169 1123 2216 nolle
1138 2182 1244 2230 prorsus
1260 2184 1299 2218 ao-

163 2259 217 2294 esae
233 2251 388 2302 revocatam,
404 2246 642 2308 nequeAugustum
657 2260 711 2293 eam
754 2244 814 2291 colia
835 2244 926 2305 fluviae
954 2247 1069 2294 orbatum
1099 2248 1193 2295 mimae
1219 2249 1301 2308 ploria

164 2324 238 2374 valde
259 2339 367 2381 amasse,
388 2325 409 2372 si
429 2325 482 2373 aliis
503 2325 612 2373 daretur.
651 2324 711 2374 Sue·
748 2321 839 2382 fluere.
857 2323 954 2370 Amnes
969 2326 1052 2385 patrii
1063 2330 1134 2382 sunt,
1146 2338 1207 2387 quos
1218 2326 1243 2373 iu
1255 2341 1301 2374 sua

165 2411 214 2453 ton,
241 2404 351 2467 August,
377 2403 439 2467 Cap,
465 2406 505 2453 56,
542 2406 618 2452 [lillis
644 2407 712 2464 aaa,
753 2401 857 2462 quisque
877 2402 956 2463 patria
975 2402 1082 2465 populus
1104 2403 1177 2451 habet
1193 2410 1218 2452 et
1234 2405 1300 2454 colit.

164 2487 335 2546 praetentatis
358 2485 459 2544 adhuc,
484 2489 656 2534 assumentum
680 2485 712 2532 ah
753 2479 825 2528 Itane
850 2482 946 2530 Tiberia
974 2488 1011 2530 est
1041 2481 1132 2529 flumen
1165 2490 1300 2543 paternum

165 2564 288 2611 uniuersis
306 2565 333 2610 ia
359 2564 469 2622 theatro,
495 2567 520 2610 et
544 2577 560 2610 a
584 2563 712 2611 etantihue
754 2561 918 2609 Maecenatis?
934 2561 1035 2622 Quanto
1043 2560 1300 2610 meliusnosterVon-

162 2644 290 2703 plausum,
306 2643 452 2704 murmane
467 2646 568 2705 questus
584 2646 629 2688 eet.
753 2640 844 2689 delius!
878 2641 927 2690 Ille
943 2641 1060 2690 Rhenum
1077 2639 1112 2688 sic
1128 2639 1274 2704 alloquitur:

199 2723 267 2811 llaec
288 2721 422 2770 Maecenas
435 2735 520 2809 Ιοφιεε.
550 2718 623 2780 Quod
646 2719 710 2767 Beu-
770 2751 926 2798 Domum
935 2750 1073 2811 Rymmyn
1083 2749 1251 2810 mmmm,

164 2801 241 2850 tlelus
266 2817 279 2851 θ
299 2800 378 2850 MSS·
403 2800 478 2848 edum
502 2800 583 2858 “mel
607 2797 712 2860 pr⁰b⁸¹¹t
758 2820 814 2876 Van
830 2844 898 2877 coner
913 2829 956 2876 eol
971 2828 996 2875 ih
1013 2842 1030 2874 u
1046 2828 1087 2890 los
1099 2829 1256 2891 toczinphea‘l

163 2879 277 2930 Oudend.
296 2887 321 2928 et
336 2881 475 2929 Burmann·
489 2878 520 2925 ad
534 2878 647 2941 ΡῐθΡθΥῖ·
661 2878 710 2927 m·
770 2909 838 2971 Mpn
854 2909 984 2957 trechenale
999 2909 1216 2969 pehoorteatroom,

163 2961 186 3010 7·
216 2962 244 3050 ,ls
279 2960 322 3009 Sic
354 2965 386 3047 et,
410 2958 471 3020 legit
504 2956 600 3048 c⁰mmj
634 2957 709 3021 cmq·
756 2988 1298 3050 GphonetuitZuitserschcAlpeesprinpen.

162 3039 269 3088 Facrhor
285 3045 321 3087 est
338 3043 466 3100 utriusque
483 3036 598 3084 vocabuli
612 3051 710 3099 permu-

162 3121 238 3179 tatio,
255 3120 315 3182 quia
326 3118 433 3168 alterum
444 3131 516 3179 saepe
527 3115 643 3164 scribitur
654 3118 711 3165 cha·
785 3117 924 3166 Vondelius
935 3123 1008 3164 natus
1019 3122 1072 3165 erat
1079 3116 1197 3166 Coloniae
1205 3116 1299 3179 Agrip-

161 3215 216 3248 rue.
250 3200 309 3249 vid.
330 3200 431 3261 interpr.
457 3198 490 3244 ad
513 3196 605 3258 Virgil.
622 3195 710 3259 Eclog.
752 3197 835 3259 pinae,
848 3213 923 3260 quam
936 3199 1015 3261 ipsam
1024 3197 1127 3245 Rhenus
1139 3195 1298 3258 praeterfluit.

162 3278 211 3327 IV.
230 3278 269 3326 49.
287 3277 415 3328 Sententia
431 3275 556 3325 Carminis
567 3275 646 3336 magis
656 3289 711 3337 pos-
786 3278 870 3324 Simul
893 3282 918 3325 et
944 3278 1026 3325 iocosa
1060 3276 1186 3323 Redderet
1211 3276 1298 3322 laudea

162 3357 228 3405 tulat
244 3373 308 3407 core.
325 3357 423 3406 Verum
435 3362 485 3415 est,
503 3356 538 3402 ita
549 3369 618 3417 eques
630 3353 710 3402 solum
753 3356 798 3402 tihi
827 3355 946 3403 Vaticani
979 3351 1077 3401 Montis
1098 3353 1185 3412 imapo.
1227 3352 1298 3400 Echo

161 3437 222 3500 poni
243 3437 295 3485 sine
316 3436 430 3499 epitheto.
464 3434 514 3484 Sed
540 3433 585 3480 hoc
610 3435 710 3496 quoque
752 3432 891 3496 appellatur
907 3433 971 3480 uocis
987 3432 1079 3492 imaao,
1096 3435 1125 3476 ut
1141 3428 1235 3491 Virgil.
1248 3430 1296 3478 IV.

161 3516 322 3566 tribuendum
338 3514 506 3579 negligentiae
524 3514 640 3562 auctoris.
752 3512 842 3575 Georg.
859 3511 898 3559 50.
937 3511 1057 3571 Vocieqae
1076 3508 1173 3570 offensa
1188 3512 1298 3559 resultat

194 3597 306 3644 Patami
323 3595 452 3643 Flaminia
467 3595 548 3656 ripae.
578 3591 708 3642 Schrader.
750 3594 838 3655 intono.
879 3590 925 3641 sil.
951 3590 1008 3638 Ital.
1034 3587 1109 3637 XIV.
1134 3589 1191 3637 365.
1232 3590 1298 3638 Tum

160 3674 261 3722 coniicit
279 3679 409 3737 pateruae.
447 3672 525 3720 Dictu
550 3676 634 3718 autem
658 3684 709 3718 uon
750 3673 848 3720 uocibus
873 3685 965 3733 aeqrnr
990 3671 1130 3729 Perierat,
1155 3673 1180 3716 et
1204 3669 1298 3717 clamat

160 3752 246 3812 facile,
281 3753 340 3817 quid
374 3753 406 3800 sit
438 3757 575 3815 paternum
601 3749 708 3811 fluamn.
749 3753 857 3813 scapulla
873 3751 990 3799 clamoris
1006 3751 1093 3812 imapo.
1127 3747 1178 3798 Ubi
1198 3745 1297 3796 Ouden-

159 3834 302 3892 Maecenas,
319 3838 349 3880 ut
360 3832 467 3890 videtur,
477 3836 552 3878 natus
562 3837 616 3878 erat
626 3830 709 3887 Arati,
750 3828 818 3892 dorp.
835 3829 897 3891 legit
917 3829 1022 3890 complet
1043 3827 1177 3888 scopuloal’
1209 3824 1297 3874 Graeci

159 3915 200 3963 vel
218 3915 245 3962 in
262 3927 323 3976 egro
344 3911 458 3960 Aretiuo
492 3909 532 3958 Ibi
550 3915 660 3972 repertus
672 3917 710 3958 est
750 3915 840 3957 vocant
859 3907 944 3957 εἰκόνα
965 3905 1107 3970 στομάτων.
1142 3903 1297 3952 Philoxenus

159 3993 257 4042 Herma
279 3992 347 4039 illius
374 4004 528 4039 marmoreus
553 3991 579 4037 in
606 3989 709 4052 antiqua
749 3987 775 4034 in
796 3987 903 4036 Glossis:
924 3986 1089 4045 Vociaeimua,
1106 3982 1169 4046 ἠχώ.
1203 3982 1296 4031 Vulca-

158 4073 229 4129 sede,
247 4071 290 4119 ubi
305 4071 374 4119 stetit
389 4069 448 4117 urbs
465 4068 582 4118 Carseoli.
608 4067 706 4117 Posses·
749 4067 805 4114 nius
822 4064 883 4127 legit
899 4065 965 4112 vocis
985 4063 1085 4110 amiur:
1108 4059 1244 4110 Salmasius
1265 4062 1296 4110 ad

159 4166 200 4199 sor
218 4151 340 4207 Hermae,
363 4149 454 4198 Petrus
480 4147 581 4205 Manui,
610 4147 648 4195 vir
666 4148 708 4196 do·
748 4144 875 4207 Lamprid.
898 4142 1063 4192 Commodum
1080 4142 1113 4190 X.
1131 4141 1195 4190 vocis
1211 4141 1296 4190 amna.

158 4231 240 4279 ctrina
262 4236 287 4279 et
303 4229 459 4277 humanitate
474 4228 610 4287 excellens,
632 4243 707 4291 quem
748 4224 833 4273 Etiam
850 4223 920 4272 Echo
937 4222 1081 4285 simpliciter
1098 4227 1201 4270 vocatur
1216 4222 1298 4283 imapo

157 4312 252 4360 Leidae
269 4311 385 4373 cognovi,
406 4310 482 4359 edidit
502 4310 533 4357 de
548 4315 708 4358 monumento
749 4305 817 4354 illius
834 4318 922 4367 nempe
938 4303 1004 4361 soni,
1021 4303 1063 4366 qui
1080 4317 1112 4351 ex
1128 4302 1211 4351 addito
1222 4302 1297 4351 verbo
