2916 5220
149 304 171 343 x
696 323 737 331 ...-

150 464 300 522 discimus.
335 462 468 522 Caussac
491 475 521 521 et
542 465 784 540 opportunitates
806 465 928 523 Horatii
949 484 1004 540 per
1019 467 1205 524 adulterinos
1221 487 1289 527 vcr-

149 575 201 614 sus
222 561 432 634 corrumpendi
453 560 537 617 fuere
559 562 673 635 plures,
701 580 791 634 quam
818 562 994 633 cuiusquam
1020 563 1145 620 alterius
1166 571 1287 639 poetae.

150 653 298 730 Princeps
324 656 431 712 fidicen
458 657 542 731 lyrae
568 656 736 728 Romanae,
766 657 880 714 amicus
904 657 1037 730 Augusti
1065 666 1096 714 et
1116 661 1288 733 potentium

150 749 366 821 Romanorum,
388 759 532 826 superata
553 751 725 823 aequalium
746 751 874 821 invidia,
896 760 1031 807 mortuus
1052 753 1135 826 apud
1148 762 1288 828 posteros

149 844 238 901 laude
260 845 424 902 crescebat.
467 844 569 917 Quare
592 846 725 902 carmina
747 846 855 919 cupide
878 854 972 915 emta,
995 847 1034 902 ab
1054 847 1193 904 omnibus
1206 849 1289 924 lege·

149 942 269 1012 bantur,
304 942 356 1014 qui
388 942 468 998 docti
502 950 532 998 et
565 942 719 1016 elegantes
751 943 868 999 censeri
900 943 1054 999 volebant.
1096 944 1206 1016 Neque
1227 945 1288 1000 hoc

148 1035 303 1110 Augusto,
329 1037 443 1103 homini
469 1037 717 1112 prudentissimo,
752 1039 941 1114 displicebat.
983 1039 1064 1096 Nam
1096 1049 1127 1096 et
1156 1041 1220 1115 ipse
1254 1041 1287 1096 iu

150 1131 251 1188 multis
273 1132 456 1189 carminibus
478 1141 544 1189 erat
564 1142 789 1206 argumentum,
818 1142 849 1190 et
873 1152 1017 1208 praesens
1045 1143 1142 1205 aetas,
1172 1136 1288 1192 adoles-

150 1245 220 1283 cens
252 1228 428 1302 praecipue,
461 1227 567 1285 laudes
599 1228 695 1302 ipsius
726 1237 757 1285 et
788 1229 982 1304 compositam
1005 1231 1220 1304 rempublicam
1241 1231 1287 1287 ita

149 1341 248 1380 amare
270 1324 415 1380 discebat.
456 1323 523 1380 Nec
545 1323 669 1394 dubito,
692 1324 764 1396 quin
785 1326 925 1398 Augusto
948 1325 1038 1380 etiam
1058 1325 1195 1394 vivente,
1215 1343 1286 1380 nam

149 1439 243 1477 anuos
264 1419 327 1476 fere
349 1428 410 1476 tres
432 1429 462 1476 ot
482 1419 589 1493 viginti
611 1429 680 1494 post
700 1419 862 1477 Horatium
883 1421 975 1491 vixit,
997 1420 1143 1476 Horatius
1164 1438 1286 1493 quoque

148 1517 180 1572 in
202 1516 312 1573 scholis
333 1515 547 1589 explicaretur.
591 1514 754 1573 Suetonius
775 1517 811 1571 de
838 1515 1012 1572 Illustribus
1039 1515 1205 1574 Grammat.
1236 1518 1285 1572 16.

149 1610 268 1667 scribit:
295 1604 332 1680 Q.
379 1606 528 1667 Caeciliam
550 1606 686 1685 quirota
706 1607 820 1666 dicitur
835 1609 955 1685 primus
979 1607 1141 1687 Virgilium
1162 1617 1190 1668 et
1210 1609 1287 1668 alios

144 1708 248 1781 po'e'taa
268 1723 357 1763 uoooa
371 1703 540 1782 praelepere
559 1704 691 1780 coepisse.

190 1797 294 1858 Nouos
316 1799 388 1856 dicit
409 1798 585 1858 Suetonius:
607 1816 676 1855 nam
697 1800 787 1874 vulgo
809 1799 914 1856 Livius
937 1798 1144 1870 Andronicus,
1167 1798 1286 1855 Ennius

148 1896 261 1968 aliique
281 1903 401 1951 veteres
420 1895 609 1969 legebantur.
651 1893 717 1950 Iam
737 1895 769 1950 in
790 1895 877 1951 novis
897 1893 990 1950 tuisse
1010 1893 1185 1965 Horatium,
1199 1913 1285 1951 nemo

149 1991 313 2060 dubitabit,
336 1990 388 2062 qui
409 1990 486 2046 sciat
506 1989 590 2045 illum
612 2007 630 2044 a
651 1987 854 2060 Quintiliano,
877 1988 1022 2044 Iuvenale
1045 1997 1076 2044 et
1090 1988 1157 2044 aliis
1173 1990 1284 2046 diserte

149 2084 306 2141 nominari.
348 2084 486 2141 Iuvenal.
510 2082 609 2158 Satyr.
632 2082 706 2139 VH.
729 2082 798 2139 225.
842 2081 1017 2141 Dummodo
1042 2101 1101 2140 uon
1117 2092 1222 2159 pereat
1244 2092 1287 2141 to·

149 2177 239 2236 tidem
271 2177 397 2256 olfecisse
429 2177 577 2249 lucernas,
614 2174 695 2247 Quot
726 2178 845 2236 stabant
863 2178 962 2254 praeri,
984 2196 1051 2235 cum
1073 2185 1150 2235 totus
1170 2175 1287 2236 decolor

147 2279 217 2330 auct
258 2271 400 2344 Flaccus,
426 2279 454 2329 et
482 2271 616 2329 haereret
646 2272 734 2349 uipro
755 2269 859 2350 fuligo
893 2271 1034 2330 Maroni.
1077 2272 1222 2329 Horatius
1253 2274 1286 2329 in

147 2367 200 2425 illa
222 2368 441 2425 existimatione
463 2366 642 2442 permansit:
664 2385 767 2424 omnes
789 2373 913 2442 poetae,
936 2376 1123 2441 quantopere
1146 2387 1214 2424 eum
1235 2369 1287 2424 ad-

149 2463 344 2534 mirarentur,
371 2463 509 2520 imitandi
535 2463 634 2520 studio
661 2464 873 2532 ostenderunt3
902 2471 933 2519 et
962 2463 1067 2535 quanti
1092 2463 1141 2518 vel
1164 2464 1285 2533 domuS,

148 2558 179 2615 in
204 2576 263 2631 qua
285 2560 489 2630 habitaverat,
511 2560 611 2631 fieret,
635 2568 763 2635 apparet
785 2579 824 2616 ex
847 2558 1016 2618 Scholiasta
1027 2560 1180 2615 Iuvenalis
1195 2560 1221 2616 I.
1237 2561 1285 2615 12.

149 2652 200 2724 qui
227 2654 316 2710 docet
337 2655 536 2724 Frontonem,
566 2653 721 2710 Iuvenalis
753 2653 926 2727 aequalem,
960 2671 1026 2708 eam
1057 2652 1286 2710 recitationibus

148 2753 304 2823 poetarum
326 2749 512 2823 praebuisse.
554 2748 642 2807 Unus
664 2768 680 2805 c
703 2750 832 2824 posteris
851 2749 940 2806 huius
963 2748 1138 2819 Frontonis,
1152 2749 1196 2804 M.
1213 2748 1287 2806 Cor-

149 2844 260 2914 neliae,
288 2844 373 2901 cuius
397 2844 564 2919 fragmenta
586 2845 681 2902 edidit
702 2845 819 2915 Maius,
847 2844 967 2919 scripsit
994 2844 1033 2899 ad
1059 2843 1286 2900 maurelium

147 2938 378 3012 Imperatorem,
404 2939 430 2995 I.
453 2939 551 3014 Epist.
578 2942 603 2995 1.
647 2937 748 2997 Plane
773 2937 901 2995 multum
922 2935 1197 3016 mibisueetiarum
1217 2958 1285 2997 eou-

149 3031 218 3090 tulit
247 3033 314 3091 r'atia
339 3030 466 3093 Oratim
486 3031 630 3104 Flaccus,
659 3031 858 3090 memorabilia
881 3033 985 3109 poita,
1016 3031 1145 3110 mihique
1157 3043 1286 3110 propter

149 3125 338 3185 Meceuatem
358 3136 386 3185 et
406 3127 634 3186 Meeeuatiauor
654 3127 755 3186 hortos
772 3146 850 3185 meos
870 3145 928 3185 aea
945 3126 1067 3184 alienus.

189 3223 297 3296 Neque
322 3224 511 3280 invalescens
538 3224 657 3298 Religio
691 3222 864 3282 Christiana
896 3223 1058 3279 Horatium
1093 3223 1129 3278 dc
1162 3223 1285 3280 honoris

147 3319 243 3392 gradu
263 3318 353 3393 plane
377 3303 495 3389 deiecit,
518 3336 615 3391 neque
639 3319 675 3375 de
697 3318 835 3375 manibus
857 3318 1010 3374 hominum
1032 3326 1086 3373 aut
1105 3317 1215 3373 scholis
1233 3338 1285 3374 ox·

149 3414 251 3470 cussit.
285 3413 429 3487 Quamvis
451 3415 610 3471 discrimen
633 3415 725 3470 statui
747 3422 887 3488 coeptum
904 3414 943 3470 sit
958 3412 1181 3482 interLiteras,
1205 3430 1284 3484 quae

149 3507 340 3579 dicebantur,
364 3507 541 3567 Saeculares
565 3517 595 3564 et
618 3506 805 3566 Christianae
828 3509 876 3565 vel
899 3507 1092 3583 spirituales,
1115 3513 1222 3582 poetae
1241 3516 1286 3564 ta-

148 3620 216 3658 men
250 3600 415 3660 Christiani
448 3613 479 3660 et
510 3621 618 3678 prosae
652 3604 811 3677 scriptores
838 3602 989 3660 ethnicum
1012 3603 1105 3677 probe
1127 3603 1283 3658 tenebant.

148 3696 352 3771 Hieronymus
375 3699 451 3755 adeo
478 3707 509 3755 et
534 3698 728 3771 Ambrosius,
757 3708 787 3756 et
815 3698 880 3768 alii,
911 3716 1091 3771 quamquam
1122 3697 1284 3754 Horatium

148 3792 299 3849 interdum
320 3794 474 3850 nominare
496 3803 654 3865 verentur,
677 3813 714 3850 ne
732 3795 847 3851 scilicet
866 3795 964 3851 minus
983 3792 1148 3852 Christiani
1162 3791 1284 3846 videan-

146 3896 206 3960 tur,
228 3889 434 3962 imprudentes
455 3897 556 3946 tamen
578 3889 749 3960 ostendunt,
773 3908 863 3962 quam
877 3890 1037 3964 diligenter
1056 3908 1124 3945 eum
1142 3887 1282 3960 legerint.

147 3983 227 4040 Nam
248 3984 280 4039 in
300 3984 437 4060 plurimis
459 3985 533 4042 locis
557 3985 639 4041 color
660 3985 846 4041 Horatianus
874 3986 982 4041 elucet.
1024 3984 1156 4040 Multum
1181 3989 1282 4037 tamen

147 4079 248 4149 abest,
276 4088 310 4136 ut
337 4098 373 4136 ea
400 4080 573 4156 superstitio
601 4078 692 4137 fuerit
719 4080 892 4136 communis.
931 4078 1072 4137 Sidonius
1093 4078 1282 4153 Apollinaris

146 4171 190 4229 H.
219 4172 315 4247 Epist.
343 4175 371 4230 9.
398 4185 501 4232 narrat
525 4176 557 4231 in
583 4176 672 4232 hilari
700 4193 795 4232 coena
819 4173 925 4233 similis
941 4175 1080 4232 scientiae
1102 4175 1194 4245 uiros,
1213 4171 1283 4229 hinc

147 4268 359 4346 Augustiuum,
384 4269 453 4328 hiae
483 4270 664 4342 Varronem,
691 4270 759 4328 iiiuc
781 4269 968 4343 Horatium,
989 4269 1058 4327 hiae
1076 4267 1281 4327 Prudentiori

147 4362 286 4421 lectitari.
330 4365 371 4421 Et
402 4383 493 4438 quum
519 4367 705 4441 temporibus
731 4366 799 4423 aevi
824 4364 915 4421 medii
943 4364 1121 4422 omniafere
1144 4363 1280 4419 doctrina
