2916 5220
533 315 707 376 lillllllt
753 313 810 376 iv.

286 502 445 568 Lucratus
469 500 584 582 rediit,
610 500 728 565 clarius
752 499 900 563 indicant

287 604 433 686 Laudes,
458 625 557 688 quam
582 603 737 668 Calabrae
762 601 924 666 Pierides:
952 623 1072 685 neque,

290 708 325 773 Si
349 707 480 772 chartae
505 706 625 770 sileant
648 706 734 791 quod
757 703 994 785 benefeceris,

287 810 468 875 Mercedem
493 809 616 874 tuleris.
666 808 753 888 Quid
776 809 859 873 foret
882 807 963 871 Iliae

285 913 506 997 Mavortisque
529 934 624 997 puer,
649 912 678 976 si
700 911 907 976 taciturnitas

284 1015 439 1082 Obstaret
461 1015 587 1080 meritis
612 1015 725 1079 invida
749 1014 904 1079 Romuli?

286 1119 446 1204 Ereptum
471 1117 596 1203 Stygiis
619 1117 774 1183 fluctibus
797 1120 943 1183 Aeacum

283 1222 398 1287 Virtus
422 1227 455 1286 et
478 1222 570 1286 favor
596 1228 629 1286 et
651 1220 767 1306 lingua
789 1222 975 1307 potentium

285 1325 409 1390 Vatum
432 1325 592 1390 divitibus
616 1332 783 1390 consecrat
806 1325 934 1391 insulis.

283 1427 431 1514 Dignum
454 1428 551 1493 laude
573 1428 681 1493 virum
706 1428 801 1493 Musa
823 1433 913 1494 vetat
936 1430 1034 1506 mori3

136 1630 267 1678 Latratus
293 1629 376 1676 rediit.
410 1628 450 1676 Ne
476 1628 532 1691 quis
557 1627 652 1677 humile

102 1712 175 1768 putet
191 1709 321 1767 lucratus,
342 1706 415 1755 sicuti
436 1708 535 1771 putavit
556 1708 586 1756 Τ.
603 1707 651 1756 Fa-

104 1785 153 1835 ber.
180 1785 324 1849 Cogitemus
336 1786 457 1850 Scipionis
474 1788 568 1835 dictum
585 1787 651 1850 apud

103 1865 190 1914 Valet.
207 1866 312 1914 Maxim.
330 1866 381 1916 ΙΠ.
398 1868 422 1918 7.
450 1867 515 1914 Cum
532 1866 651 1930 Africam

104 1950 184 1993 lotam
199 1948 320 2008 potestati
336 1952 435 1996 vestrae
445 1947 602 2003 subiecerim,
614 1946 651 1992 ni·

102 2024 140 2071 tu
156 2039 186 2072 ea·
203 2040 245 2085 ea,
262 2027 327 2087 meod
336 2041 417 2074 meunt
428 2027 561 2082 diceretur,
576 2038 650 2084 prae·

102 2109 143 2151 ter
167 2118 309 2165 ewnorrren,
338 2106 424 2153 retuli.
465 2104 521 2152 Hoc
546 2105 650 2152 unicum

102 2186 156 2230 erat
173 2181 294 2245 Scipionis
311 2183 418 2230 lucrum.
444 2182 500 2232 Alii
517 2182 565 2231 alia
581 2182 652 2230 lucra

102 2261 253 2323 accubant.
294 2263 363 2310 Eius
384 2262 430 2310 hoc
455 2261 510 2309 loco
534 2275 584 2308 non
615 2268 652 2309 est

101 2339 204 2389 humile.
222 2339 293 2390 Conf.
310 2340 393 2390 Bentl.
411 2341 442 2389 ad
454 2340 496 2388 111
514 2340 598 2390 carm.
613 2342 650 2389 ll.

135 2419 166 2466 Si
182 2420 287 2467 chartae
307 2421 399 2468 sileant
424 2422 490 2482 quod
510 2423 567 2469 benc
582 2420 651 2484 sece-

101 2499 147 2545 ris.
180 2497 249 2546 Nota
265 2499 386 2546 sententia
406 2505 431 2547 et
452 2514 467 2547 a
490 2499 577 2547 multis
592 2499 650 2547 illu-

101 2581 188 2624 strata.
222 2577 299 2627 Addo
319 2577 458 2640 Vopiscum
481 2579 507 2626 in
524 2578 609 2626 Probo
625 2581 649 2628 2.

102 2655 150 2703 Cn.
164 2657 325 2717 Pompeiam,
351 2659 432 2705 tribus
442 2659 585 2720 salpenteus
603 2658 650 2705 tri·

100 2734 213 2795 amplis,
225 2735 412 2799 multarumque
422 2751 510 2784 rerum
521 2744 650 2798 pectorum

100 2813 231 2860 nmustate
247 2814 387 2873 sublimem,
404 2816 459 2877 quis
476 2817 576 2863 tandem
593 2829 650 2863 nas·

99 2897 151 2950 set,
172 2892 224 2940 nisi
243 2908 300 2941 eum
321 2893 362 2942 M.
382 2895 485 2942 Tullius
505 2900 531 2942 et
555 2896 583 2942 Τ.
602 2895 648 2942 Li-

99 2972 155 3018 cias
172 2972 200 3018 in
217 2971 305 3020 literas
322 2973 483 3021 retulissent?
502 2975 535 3020 P.
554 2973 649 3035 Scipio·

99 3065 156 3097 nem
174 3052 194 3096 A
193 3048 341 3112 fricanum,
358 3053 407 3098 into
419 3051 547 3114 Scipiones
559 3066 649 3109 onrnes,

99 3144 181 3177 nonne
198 3131 313 3177 tenebrae
327 3131 485 3191 possiderent
496 3136 521 3178 et
532 3135 649 3192 teperent,

99 3209 150 3255 nisi
166 3209 376 3256 conamendatares
393 3223 477 3256 eoram
487 3209 596 3256 bulonia
607 3223 648 3256 no·

99 3286 161 3333 biles
178 3290 253 3347 atque
269 3287 387 3348 ipnobiles
404 3287 575 3334 exstitissent?

133 3365 247 3428 Dianam
272 3367 347 3413 laude
371 3367 455 3413 ulrum
477 3367 558 3413 Musa
580 3372 649 3414 uetat

100 3445 171 3493 riseri.
205 3443 381 3492 Lachmannus
403 3444 471 3491 hunc
487 3459 587 3492 versum
605 3445 647 3492 eii·

100 3523 142 3571 cit.
175 3521 291 3571 Fortasse
313 3523 343 3572 de
368 3522 476 3584 strophis
500 3523 649 3571 tetrastichis

100 3601 166 3649 idem
183 3602 269 3661 sentit,
287 3602 352 3665 quod
369 3601 517 3650 Meinekius.
534 3602 650 3665 Repetite

99 3679 147 3728 illa
162 3680 242 3729 Musa
259 3687 328 3730 cetat
349 3684 412 3731 nimi
428 3709 460 3716 —
485 3682 566 3730 Musa
587 3685 650 3731 coela

99 3763 158 3808 beat
182 3759 243 3807 mihi
264 3767 317 3808 tam
342 3760 447 3822 pulchra
467 3759 598 3820 videntur,
620 3767 650 3809 ut

100 3839 206 3887 Horatio
227 3839 368 3889 abiudicare
392 3839 439 3888 vix
456 3839 544 3888 ausim.
574 3839 650 3888 Prius

100 3923 137 3966 est
165 3919 339 3982 epiphonema,
368 3919 569 3968 antecedentibus
602 3919 651 3968 ele·

100 4003 191 4060 gunter
206 3998 342 4047 adiectum:
367 3997 489 4061 posterius
510 3998 584 4047 habet
604 3998 649 4045 ini-

101 4077 165 4125 tium
176 4078 247 4141 qussi
258 4093 339 4127 novae
349 4079 499 4137 sententiae,
511 4093 562 4141 qua
570 4079 652 4126 maius

101 4156 196 4220 aliquid
213 4157 243 4206 de
266 4157 359 4207 virtute
380 4158 470 4206 Musae
491 4157 651 4220 significatur.

100 4234 224 4284 Romulus
246 4242 271 4284 et
292 4237 391 4286 Aeacus
412 4250 456 4299 per
478 4242 547 4284 vates
564 4236 652 4285 insulis

101 4313 178 4362 beatis
196 4322 377 4364 consecrantur.
414 4315 456 4365 Sic
472 4315 547 4364 Musa
564 4316 652 4378 dignos

692 1628 766 1677 laude
788 1629 851 1676 viros
872 1633 940 1677 vetat
963 1626 1034 1675 mori.
1076 1627 1143 1688 Quin
1165 1627 1239 1673 Musa

692 1706 753 1755 tales
770 1706 836 1755 viros
852 1707 927 1756 ctiam
944 1707 1014 1755 coelo
1031 1707 1094 1754 beat.
1117 1704 1159 1752 Ita
1174 1705 1238 1753 Her·

692 1785 760 1836 cules
785 1786 852 1835 Iovis
876 1787 956 1851 epulis
977 1786 1086 1836 interest.
1126 1783 1154 1834 Si
1179 1798 1238 1832 vero

692 1864 753 1914 haec
770 1866 801 1913 sd
817 1865 958 1929 opinionem
975 1864 1096 1914 Meinekii
1111 1869 1169 1911 sunt
1186 1863 1239 1911 exi-

692 1946 786 2008 genda,
808 1959 919 2003 versum,
944 1960 993 2009 quo
1014 1944 1082 1993 haud
1104 1943 1183 1992 libens
1200 1956 1239 1990 cs·

693 2039 774 2087 ream,
791 2024 886 2084 delere,
908 2025 948 2074 vel
970 2031 1051 2073 totum
1073 2038 1174 2071 carmen
1190 2021 1240 2070 alio

692 2105 766 2153 modo
782 2106 932 2154 constituere
953 2109 1054 2167 oportet.
1089 2101 1175 2164 Atque
1192 2101 1240 2149 ista

692 2184 838 2241 difficultas,
855 2183 907 2232 siue
923 2183 999 2230 dubio
1008 2182 1059 2230 iam
1077 2181 1109 2230 ab
1125 2181 1181 2229 aliis
1197 2180 1239 2228 ob-

693 2271 803 2324 servata,
828 2278 879 2312 non
903 2263 944 2311 hic
964 2268 1076 2319 tantum,
1101 2261 1143 2309 sed
1167 2275 1240 2323 saepe

693 2342 748 2390 aliis
765 2344 791 2390 in
808 2343 869 2391 locis
885 2356 929 2391 uos
945 2341 1069 2404 impediet.
1101 2340 1158 2388 Iam
1175 2340 1240 2398 dixi,

692 2435 733 2470 me
748 2423 875 2484 ignorare,
896 2421 986 2485 quibus
1003 2420 1157 2482 argumentis
1174 2419 1238 2468 Met

692 2501 781 2550 nekius
811 2501 893 2562 legem
927 2498 1097 2548 tetrasticham
1126 2497 1238 2546 suaserit.

693 2581 721 2631 Si
737 2582 763 2628 in
779 2581 817 2628 his
835 2580 875 2629 vel
898 2592 978 2627 uuum
1001 2584 1076 2637 esset,
1094 2575 1240 2624 auctoritate

693 2659 789 2723 antiqui
806 2657 932 2722 scriptoris
949 2657 1036 2705 idonea
1052 2656 1240 2712 confirmatum,

691 2740 784 2790 fontem
809 2740 877 2789 haud
902 2737 1112 2787 contemnendum
1136 2735 1239 2784 habere·

691 2834 759 2879 mus,
776 2835 808 2869 ex
825 2834 874 2881 quo
890 2818 985 2866 multae
1002 2816 1084 2865 sordes
1102 2815 1139 2864 his
1151 2813 1239 2862 carmi-

690 2901 764 2949 nibus
781 2900 931 2949 eluerentur.
957 2897 1016 2946 Tali
1031 2911 1078 2960 ego
1094 2895 1239 2944 auctoritate

691 2980 802 3027 munitus
820 2979 866 3027 hoc
879 2991 978 3026 carmen
991 2982 1047 3039 post
1061 2990 1096 3024 vs.
1113 2976 1151 3024 12.
1164 2974 1199 3022 ita
1208 2974 1239 3021 ab

690 3057 794 3106 Horatio
815 3056 891 3106 fuisse
911 3054 1076 3119 compositum
1088 3055 1238 3102 divinarem:

692 3218 750 3264 Non
766 3217 845 3264 incisa
863 3217 930 3264 netis
946 3228 1073 3262 ntarrrrara
1089 3214 1197 3274 publicis

691 3296 770 3355 Eius,
788 3296 831 3357 qui
848 3297 943 3342 daartta
959 3309 1046 3342 narsen
1064 3294 1095 3340 ab
1114 3282 1217 3354 Africd'

692 3375 821 3423 Lucratus
838 3374 928 3432 rediit,
946 3375 1042 3422 clarius
1058 3372 1172 3419 indicant

691 3455 807 3515 Laudes,
817 3469 894 3516 quarn
905 3452 1030 3500 Calabrae
1045 3452 1168 3499 Pierides.
1190 3451 1237 3498 Ne·

1151 3544 1199 3592 qne

691 3613 722 3661 st
738 3615 843 3662 chartae
859 3614 951 3661 sileant
967 3613 1033 3674 qnod
1049 3612 1106 3659 bene
1116 3608 1214 3672 seceris

692 3691 833 3741 Mercedem
851 3692 948 3739 tuleris.
969 3691 1039 3749 Quid
1048 3688 1121 3752 foret
1138 3689 1206 3736 Iliae

692 3772 868 3833 Mavortisque
882 3786 955 3833 puer,
971 3772 995 3818 si
1015 3768 1180 3817 taciturnitas

695 3851 814 3899 Obstaret
831 3850 943 3898 nreritisl
961 3850 1062 3910 Linpua
1075 3847 1217 3908 potentium

696 3997 791 4050 Vatum
808 3994 928 4042 divitibus
945 3995 1073 4040 consecrat
1088 3990 1181 4037 insulas

694 4074 807 4135 Dipnum
817 4073 891 4120 laude
899 4072 989 4119 uirum.
1002 4069 1083 4117 Musa
1089 4074 1156 4117 vetat
1168 4069 1239 4127 ruore,

695 4152 767 4201 Caele
785 4152 864 4199 Musa
881 4153 945 4199 beat.
972 4151 1015 4199 Sic
1032 4150 1102 4197 Iouis
1119 4150 1223 4197 interest

696 4232 801 4292 Optatis
817 4231 897 4292 aprilis
913 4230 1018 4292 irupiper
1035 4229 1172 4276 Hercules:
