2916 5220
630 306 946 371 (instituunt

625 533 869 599 CARMEN
916 532 959 595 Il.

403 700 600 797 Angustam
624 710 727 775 amice
750 710 938 795 pauperiem
961 709 1032 793 prati

406 816 570 879 llobustus
594 813 660 878 acri
683 813 805 877 militia
827 834 908 897 puer

447 918 642 998 Gondiscat,
667 921 700 980 et
724 916 864 980 Parthos
887 914 1009 978 feroces

489 1021 596 1085 Vexet
619 1041 717 1104 eques
740 1017 935 1083 metuendus
959 1016 1070 1080 hasta:

404 1125 580 1208 Vitamque
604 1123 665 1188 sub
689 1122 764 1186 divo
788 1127 822 1185 et
845 1119 981 1205 trepidis
1005 1125 1083 1203 agat

403 1230 441 1292 In
467 1227 571 1292 rebus.
620 1226 721 1290 Illum
745 1247 785 1289 ex
808 1223 980 1288 moenibus
1004 1221 1144 1287 hosticis

447 1331 599 1395 Matrona
621 1329 776 1394 bellantis
801 1327 932 1411 tyranni

490 1431 694 1516 Prospiciens
718 1437 751 1496 et
774 1429 887 1495 adulta
910 1429 1003 1513 virgo

404 1537 570 1621 Suspiret,
595 1535 694 1599 eheu!
720 1555 761 1598 ne
783 1532 873 1597 rudis
897 1531 1068 1616 agminum

403 1640 549 1724 Sponsus
573 1638 714 1702 lacessat
737 1635 846 1721 regius
871 1655 1022 1718 asperum

445 1743 547 1807 Tactu
570 1742 714 1823 leonem,
739 1761 836 1826 quem
859 1744 995 1802 cruenta

493 1847 555 1909 Per
578 1844 702 1909 medias
727 1842 814 1928 rapit
836 1841 886 1905 ira
909 1840 1032 1905 caedes.

405 1948 509 2013 Dulce
533 1954 566 2013 et
590 1947 742 2012 decorum
766 1950 817 2010 est
839 1965 897 2028 pro
920 1943 1028 2028 patria
1050 1944 1149 2008 mori:

398 2118 551 2169 CARMEN
568 2120 596 2168 Π
790 2086 911 2148 tgantiae
936 2085 1038 2133 studiosi
1060 2085 1234 2134 adolescentes.
1269 2087 1365 2134 Exem-

473 2150 483 2168 ⁴
598 2157 603 2167 ⁴
812 2164 883 2227 plum
899 2165 1012 2226 praebuit
1028 2163 1152 2212 Homerus
1168 2162 1242 2210 Iliad.
1264 2169 1290 2212 Γ.
1310 2166 1367 2216 154

256 2216 420 2313 Aaptutam
444 2252 523 2298 amice
540 2251 687 2312 pauperiem
706 2248 771 2309 pati.
814 2243 898 2292 Securi
918 2250 976 2290 sunt
998 2243 1124 2291 Pindarus
1141 2241 1191 2290 IX.
1212 2241 1290 2305 Pyth.
1310 2244 1366 2293 173.

224 2328 290 2376 Pars
307 2335 378 2376 sexta
393 2327 521 2383 carminis,
542 2329 669 2376 continens
686 2340 772 2375 versus
814 2322 947 2385 Euripides
964 2323 990 2370 in
1007 2322 1105 2370 Phoen.
1126 2322 1162 2372 17.
1183 2321 1237 2368 loo.
1261 2319 1367 2370 Ovidius

224 2407 364 2456 duodecim:
390 2407 476 2455 “Nihil
497 2408 578 2470 magis
596 2407 665 2456 decet
681 2406 772 2454 Roma·
815 2400 894 2448 XIII.
920 2400 981 2448 Met
1004 2401 1060 2448 415.
1086 2401 1203 2448 Lucanus
1225 2401 1290 2449 VII.
1307 2401 1366 2450 366.

223 2500 285 2533 num
303 2487 494 2543 adolescentem,
515 2501 590 2549 quam
611 2486 667 2533 laus
683 2485 772 2533 milita·
816 2478 893 2529 Silius
923 2479 1027 2526 Italicus
1053 2478 1088 2526 II.
1113 2480 1170 2527 251.
1206 2479 1301 2530 Statius
1332 2481 1367 2529 V.

224 2564 282 2611 ris.''
315 2565 365 2612 Hic
386 2572 470 2614 autem
490 2566 585 2613 librarii
606 2579 699 2613 novum
716 2577 770 2611 car·
816 2557 878 2606 Silv.
899 2559 994 2606 1122.
1028 2558 1142 2619 Quorum
1169 2559 1281 2607 locorum
1305 2575 1368 2608 non-

224 2657 281 2690 men
298 2642 423 2702 fecerunt,
444 2643 504 2705 quia
519 2645 545 2691 in
562 2644 638 2693 MSS.
656 2643 773 2691 ridebant
814 2636 886 2684 nulla
914 2637 964 2684 iam
995 2637 1147 2686 indicaverat
1170 2639 1308 2687 Burmann.
1335 2641 1368 2688 ad

225 2726 385 2783 Aapuatam,
418 2724 509 2778 amici,
538 2723 684 2784 pauperiem
708 2724 773 2784 pati.
815 2715 902 2764 Valer.
920 2716 1002 2764 Flacc.
1020 2717 1069 2766 VI.
1087 2718 1185 2779 Argon.
1204 2717 1261 2766 484.
1291 2719 1368 2767 Adde

224 2800 300 2848 Unde
320 2806 375 2847 orta
394 2807 432 2847 cst
453 2800 589 2862 inscriptio:
617 2802 659 2848 Ad
675 2801 772 2848 amicos.
815 2795 1052 2845 PartheniiErotica
1062 2797 1367 2860 cap.2l.etLiv.XXXI.

225 2880 312 2927 Arrace
326 2881 397 2939 pati,
415 2886 452 2926 est
468 2878 652 2940 aequoanimo,
669 2877 773 2926 libenter
815 2875 856 2925 27.
882 2874 925 2922 ubi
948 2883 1035 2924 narrat
1060 2876 1207 2939 Philippum
1231 2878 1369 2926 concitasse
1449 2913 1456 2932 .

224 2957 311 3014 etium,
336 2956 395 3019 pati.
428 2956 518 3006 Differt
541 2957 602 3005 adeo
628 2971 644 3003 a
668 2956 773 3018 simplici
814 2967 906 3015 equum
924 2955 949 3002 in
968 2955 1051 3004 hostes
1067 2956 1241 3014 Athenienses,
1261 2971 1312 3004 non
1329 2957 1370 3005 ira

222 3038 288 3098 pati
322 3035 407 3084 Multa
427 3050 499 3099 saepe
519 3035 646 3097 patimur,
671 3035 713 3083 sed
734 3036 772 3082 in·
816 3040 927 3090 tantum,
959 3035 1002 3082 sed
1034 3037 1111 3083 etiam
1142 3038 1223 3099 pluria
1255 3038 1367 3084 elatam:

226 3115 269 3162 riti
303 3122 327 3163 et
353 3115 471 3163 dolentes.
513 3114 642 3162 Bentleins
659 3113 777 3176 praetulit
815 3115 881 3175 quod
897 3115 992 3176 iapeati
1010 3118 1086 3163 turba
1099 3117 1228 3178 corripiatis
1240 3117 1319 3163 etiam
1334 3118 1371 3163 ad

225 3195 313 3253 aridei,
334 3193 408 3240 etiam
425 3193 486 3257 quia
500 3197 558 3256 pati
574 3194 687 3242 sufficere
703 3201 773 3256 puta·
815 3194 985 3253 spectaculum
1010 3196 1105 3253 maria,
1130 3195 1240 3256 conspici
1268 3208 1294 3242 se
1315 3209 1367 3255 pa·

224 3270 274 3321 bat.
307 3273 366 3320 Non
387 3288 443 3322 raro
463 3273 544 3321 verbis
564 3275 680 3335 patipati
696 3280 722 3321 et
732 3275 773 3337 fe·
815 3276 945 3332 sauricem,
962 3274 1086 3334 apropium
1102 3275 1217 3322 ducebat.

224 3354 297 3400 rendi
324 3351 461 3401 istiusmodi
488 3352 610 3400 adiectiva
638 3352 773 3400 adduntur.
849 3351 934 3398 Dulce
959 3356 984 3398 et
1009 3353 1124 3399 decoram
1148 3357 1187 3400 est
1210 3365 1259 3412 pro
1277 3353 1369 3412 patria

224 3430 308 3493 Nepos
324 3431 440 3493 Epamiu.
458 3429 519 3493 Cap.
536 3434 560 3480 3.
590 3435 774 3495 Paupertatem
815 3430 886 3475 amri.
921 3427 985 3476 Pars
1010 3430 1116 3490 septima
1140 3428 1269 3485 carminis,
1289 3445 1368 3492 (11111111

218 3508 301 3570 facile
314 3525 447 3570 perpessus
463 3517 507 3558 est.
541 3511 642 3559 Terent.
663 3510 773 3573 Adelph.
815 3507 969 3555 constituunt
989 3507 1016 3554 hi
1038 3515 1144 3571 quatuor
1165 3523 1251 3556 versus
1273 3516 1299 3557 et
1314 3516 1369 3558 tota

224 3586 246 3633 Ι.
268 3588 292 3634 2.
313 3587 353 3634 65.
392 3589 442 3635 Vix
469 3590 576 3636 auinaue
597 3592 709 3652 prrtitrar.
742 3589 773 3637 In
815 3585 870 3636 Ode
880 3588 914 3637 V.
932 3589 1006 3636 huius
1023 3588 1092 3645 libri,
1109 3587 1166 3637 inde
1182 3603 1199 3634 a
1215 3590 1287 3637 rad·
1305 3589 1368 3638 Sen-

224 3663 369 3727 Philosoph.
393 3666 458 3714 Mor.
483 3666 623 3715 Hildeberti
643 3682 699 3729 pag.
717 3668 773 3716 982.
815 3667 894 3714 tantia
913 3674 965 3716 est:
994 3668 1080 3717 “Mors
1105 3667 1220 3723 honesta,
1245 3668 1368 3729 imprimis

225 3743 300 3792 etiam
318 3744 411 3806 legit—ur
427 3746 511 3792 uarice.
540 3745 571 3793 In
589 3760 639 3793 uno
656 3746 713 3795 MS.
731 3761 774 3794 no·
815 3760 859 3808 pro
876 3747 967 3808 patria,
988 3746 1063 3810 louge
1080 3746 1245 3810 praestantior
1261 3753 1299 3795 est
1314 3747 1369 3794 rita

225 3828 277 3870 stro
297 3823 397 3870 additur
414 3823 512 3886 glossa:
528 3824 708 3887 familiariter.
743 3825 774 3872 In
815 3826 897 3887 turpi:
928 3832 1030 3888 apparet
1060 3826 1085 3872 in
1113 3825 1230 3873 dedecore
1257 3824 1367 3872 militum

225 3901 304 3949 altero
319 3915 364 3964 pro
381 3904 495 3950 Parthos
509 3903 609 3964 j'eroma
625 3909 697 3952 aeret
714 3903 774 3966 legi·
816 3901 898 3952 Crassi
922 3910 947 3951 ct
968 3903 1108 3951 constantia
1124 3903 1241 3966 Reguli.”
1262 3903 1315 3952 Pro
1326 3908 1367 3952 de-

225 3986 266 4027 tur
283 3988 358 4030 roret.
815 3997 901 4031 corum
917 3981 943 4029 in
963 3982 1020 4031 MS.
1037 3982 1111 4029 Voss.
1128 3988 1166 4030 est
1181 3984 1291 4030 ἀεονιιηι.
1325 3983 1367 4031 Li·

257 4062 340 4108 Illam
361 4076 391 4109 aa
408 4062 534 4109 asomum
551 4062 659 4109 austrea.
693 4061 775 4109 Locus
816 4067 988 4110 teractamen
1000 4060 1031 4108 ab
1043 4060 1093 4108 alia
1103 4075 1180 4108 manu
1192 4062 1367 4123 superscripta.

224 4138 330 4186 illustris
367 4145 390 4186 et
416 4153 432 4185 a
456 4137 542 4185 multis
569 4139 648 4200 poetis
676 4140 775 4202 egregie
816 4138 948 4188 Caeterum
976 4140 1037 4188 haec
1062 4140 1139 4188 rerba
1163 4142 1232 4189 omni
1256 4148 1368 4202 tempore

227 4223 358 4277 tractatus,
380 4232 487 4280 quorum
508 4218 637 4279 ingenium
661 4226 685 4265 et
702 4220 774 4267 ratio·
816 4218 917 4267 fuerunt
941 4218 1071 4267 celebrata.
1106 4218 1145 4266 Ea
1169 4218 1196 4265 in
1222 4219 1308 4267 mortis
1329 4235 1367 4267 so

226 4310 282 4342 nem
297 4297 360 4344 inter
373 4311 398 4343 sc
410 4296 586 4357 comparabant
599 4297 715 4359 antiquae
726 4297 774 4347 cle·
816 4297 877 4346 latio
898 4297 1029 4360 usurpavit
1052 4297 1172 4347 Sidneus.
1193 4297 1315 4360 supplicio
1331 4299 1368 4345 af-
