2916 5220
575 313 748 376 LlBh'll
795 315 820 375 l.

308 498 464 562 Mercede
513 499 603 577 Quae
628 505 659 564 te
682 522 821 585 cumque
844 500 954 565 domat
979 501 1108 581 Venus,

352 600 427 664 Non
451 600 678 666 erubescendis
702 601 811 666 adurit

395 704 549 789 Ignibus,
574 704 782 790 ingenuoque
806 729 933 792 semper

304 809 426 872 Amore
449 829 573 891 peccas.
623 807 791 894 Quidquid
815 810 931 892 habes,
956 832 1031 894 age,

309 911 442 995 Depone
465 911 546 980 tutis
571 912 713 977 auribus.
762 914 816 977 Ah
839 914 952 979 miser!

351 1013 483 1092 Quanta
506 1014 675 1079 laborabas
702 1015 885 1099 Charybdi,

396 1117 504 1202 Digne
527 1140 608 1202 puer
630 1118 765 1185 meliore
787 1119 938 1184 flamma!

127 1301 243 1360 lrilarius,
265 1303 289 1349 iu
311 1316 360 1364 quo
377 1300 497 1364 magister
512 1301 612 1350 bibendi
629 1304 675 1350 im·
718 1304 809 1353 cendis.
848 1303 917 1352 Haec
942 1310 1000 1351 sunt
1025 1303 1104 1365 magis
1129 1303 1220 1352 Latina
1244 1312 1268 1352 et

128 1381 226 1443 perium
234 1381 463 1430 sevcreexerocbat.
481 1381 602 1429 Horatius
610 1397 677 1430 ama-
719 1381 825 1444 poetica,
843 1396 918 1444 quam
935 1381 1009 1430 lectio
1026 1381 1137 1443 vulgata.
1171 1380 1267 1431 Catull.

127 1459 170 1506 bat
195 1458 344 1508 libertatem.
376 1459 452 1508 Nunc
477 1461 595 1522 magister
621 1476 677 1509 eum
719 1460 802 1511 Carm.
821 1460 949 1509 LXVIII.
969 1462 1007 1510 bl.
1037 1461 1104 1509 Nara
1120 1463 1269 1524 mihiquem

126 1538 232 1586 iusserat
256 1544 353 1600 partem
378 1537 480 1587 Falerni
505 1538 612 1587 fortioris
638 1555 677 1588 su·
719 1543 923 1603 dadaatduplea
935 1541 1267 1598 Arrurtbaslacuram,Sci-

127 1632 201 1666 mere.
243 1617 367 1680 Negabat.
406 1617 473 1666 Hinc
501 1619 621 1668 clamores
655 1627 679 1669 et
720 1622 767 1680 tis,
790 1627 824 1669 at.
839 1623 868 1668 la
893 1635 941 1682 quo
965 1636 1004 1669 me
1029 1622 1153 1668 torruerit
1174 1635 1267 1682 ymera.

127 1704 208 1744 metus
242 1697 359 1744 rixarum
394 1696 513 1744 Horatius
542 1699 678 1746 exclamat:
718 1698 805 1746 Horat.
824 1697 871 1745 XI.
887 1698 966 1761 Epod.
984 1698 1007 1746 3.
1043 1701 1146 1755 Aruore,
1164 1698 1208 1759 pal
1223 1713 1270 1757 me,

128 1777 210 1823 Natis
226 1778 254 1823 r'a
271 1789 345 1823 asam
357 1790 391 1838 sq.
421 1775 596 1838 Tumpartem
609 1777 678 1824 illam
716 1784 821 1837 praeter
848 1791 944 1832 amaea,
969 1778 1066 1838 expetit
1092 1777 1216 1824 Mollibus
1242 1778 1271 1824 ia

126 1854 227 1902 Falerni
243 1854 280 1901 ita
294 1853 405 1916 effugere
422 1862 540 1912 conatur,
563 1863 591 1903 ut
614 1856 679 1903 dicat
717 1857 816 1916 pueris,
830 1858 884 1903 Aul
897 1855 1030 1917 lapaellla
1042 1869 1121 1902 arere.
1156 1853 1270 1917 Propert.

127 1947 154 1980 se
183 1947 237 1980 eam
267 1942 334 1981 certa
359 1932 497 1982 conditione
522 1933 678 1983 hausturum.
719 1934 755 1984 II.
775 1935 812 1982 12.
833 1935 869 1982 13.
905 1936 967 1997 Ipse
988 1935 1067 1982 Paris
1091 1935 1161 1982 arada
1178 1934 1271 1996 fertur

127 2011 247 2060 Nominet
263 2010 339 2059 frater
350 2011 471 2073 Megillae
485 2013 589 2060 amicam
599 2028 679 2073 suam,
718 2015 824 2075 periisse
850 2016 974 2063 Lacaeaa.
1013 2013 1087 2062 Talia
1112 2019 1181 2059 sunt:
1208 2015 1271 2060 arari

125 2098 151 2136 ct
169 2089 238 2137 bibat
254 2105 321 2147 eam,
339 2090 386 2138 hoc
403 2097 499 2150 est,tot
510 2091 608 2154 pocula,
618 2099 680 2154 quot
719 2094 818 2155 puella,
843 2094 951 2141 Inachia
965 2093 1066 2155 farere.
1104 2090 1270 2154 Frequentius

128 2168 216 2216 literae
232 2170 316 2216 sintin
329 2169 475 2218 eonomine.
501 2169 571 2218 Idem
583 2169 678 2218 faciam.
721 2179 804 2220 tamen
835 2171 936 2219 additur
965 2173 1111 2234 praepositio
1132 2172 1166 2218 ih.
1210 2170 1269 2218 Vid.

129 2247 179 2296 llle
196 2262 245 2295 non
263 2247 370 2296 audebat
385 2263 441 2296 cam
458 2249 596 2305 nominare,
614 2260 639 2296 et
654 2264 680 2297 se
721 2250 835 2301 Oudend.
864 2251 895 2297 ad
922 2250 1023 2299 Sueton.
1047 2252 1157 2312 August.
1186 2251 1225 2296 69.
1247 2255 1270 2296 ct

127 2334 243 2384 excusat,
260 2327 332 2390 quasi
357 2327 407 2374 iarn
433 2326 493 2374 satis
518 2326 630 2386 bibisset,
654 2334 680 2375 et
720 2331 858 2378 Burmann.
881 2330 913 2376 ad
934 2329 1040 2377 Authol.
1066 2330 1122 2377 Lat.
1146 2329 1217 2376 Tom.
1235 2327 1270 2375 Il.

127 2404 243 2468 voluptas
260 2412 383 2454 cessasset.
421 2405 523 2461 Cessat,
549 2406 583 2454 ait
599 2407 678 2455 Hora·
720 2423 777 2470 pag.
799 2408 852 2455 122.

128 2485 195 2542 tius,
213 2485 408 2548 taavolaptas?
433 2486 475 2533 Ita
488 2485 619 2533 Phaedrus
631 2484 679 2533 Iv.
755 2488 901 2535 Laborabaa
925 2485 1063 2547 Charybdi.
1108 2485 1162 2532 Iam
1185 2485 1271 2542 video,

128 2563 177 2612 fab.
196 2564 220 2612 8.
258 2566 343 2613 Tanta
360 2566 459 2613 bouitas
474 2569 511 2612 eat
527 2579 620 2625 aquae,
634 2567 679 2612 Vo·
721 2579 765 2612 cur
782 2565 896 2627 voluptas
915 2571 960 2613 tua
971 2572 1089 2620 cessaret,
1108 2579 1186 2627 neque
1198 2565 1270 2613 audc-

127 2645 216 2704 luptaa
233 2649 261 2690 at
278 2645 372 2690 satiari
387 2657 437 2690 aaa
451 2643 602 2704 possitmea.
619 2641 679 2689 Fra·
722 2659 760 2693 res
776 2658 865 2692 nomen
882 2644 976 2692 amicae
993 2642 1076 2705 palam
1095 2644 1183 2692 dicere.
1217 2645 1272 2691 Hoc

128 2730 167 2770 ter
189 2721 310 2784 Megillae
330 2721 418 2770 deinde
439 2721 505 2769 clam
525 2720 631 2768 Horatio
654 2728 679 2769 et
721 2738 771 2772 non
793 2724 904 2786 cogitare
924 2723 1006 2787 potui,
1027 2731 1051 2772 te
1071 2722 1184 2770 laborare
1203 2729 1272 2770 tanta

127 2801 154 2847 in
176 2814 262 2847 aurem
282 2800 380 2848 dicebat
396 2814 485 2848 nomen
503 2800 597 2848 amicae
613 2813 679 2849 suae.
722 2801 860 2866 Charybdi.
899 2801 1016 2850 Amicam
1041 2800 1123 2849 fratris
1149 2799 1273 2864 Opuntiae

129 2877 249 2925 Horatius
270 2878 354 2941 palam
374 2879 503 2928 nominare
520 2894 569 2927 non
587 2880 680 2942 potuit,
722 2888 794 2929 vocat
806 2881 966 2944 Charybdin,
986 2887 1014 2928 ut
1031 2894 1090 2928 mox
1102 2880 1272 2929 Chimaeram.

128 2957 206 3004 etsie
222 2956 317 3005 solutus
334 2958 467 3020 eratlege,
483 2958 681 3021 quamsibiipse
723 2959 825 3022 Aliquis
849 2961 948 3024 proprie
976 2975 1026 3007 nou
1056 2959 1136 3022 magis
1161 2959 1273 3022 illigatur

130 3037 287 3098 imposuerat.
321 3037 361 3086 Do
385 3037 602 3099 provocationibus
628 3037 681 3084 istis
722 3037 878 3099 Chimaerae,
887 3055 962 3103 quarn
974 3039 1070 3086 laborat
1081 3036 1219 3101 Charybdi,
1231 3038 1272 3085 sed

129 3120 155 3160 et
174 3115 352 3163 consuetudIne
372 3114 472 3162 bibendi
489 3114 605 3172 amicam,
631 3117 680 3164 vid.
722 3117 794 3166 malis
811 3125 835 3166 et
848 3117 1043 3172 calamitatibus,
1058 3132 1119 3179 quas
1131 3115 1272 3178 Charybdis

129 3192 295 3242 Ruhnkenius
318 3194 350 3241 ad
370 3193 495 3242 Rutilium
519 3194 632 3256 Lupum,
657 3202 682 3243 et
723 3204 748 3246 et
759 3197 892 3246 Chimaera
904 3197 1004 3244 faciunt.
1030 3196 1092 3243 Dixi
1101 3201 1201 3257 propter
1210 3195 1273 3242 Ben-

130 3273 249 3322 Stuckius
271 3273 296 3320 iu
323 3274 411 3336 Antiq.
437 3273 540 3323 Oonviv.
566 3273 614 3321 111.
644 3275 680 3322 13.
723 3277 824 3332 delum,
842 3276 884 3336 qui
901 3273 1057 3337 reprehendit
1074 3275 1189 3321 laborare
1208 3272 1273 3320 Cha-

130 3352 220 3414 Neque
237 3358 315 3401 cessat
331 3354 448 3401 adnatat
464 3353 529 3401 idem
548 3351 681 3414 significat,
723 3357 798 3417 rybdt
814 3369 859 3416 pro
876 3357 904 3402 ia
921 3354 1060 3415 Charybdi.
1084 3351 1163 3412 (Hace
1180 3351 1273 3413 scripsi,

130 3431 198 3492 quod
219 3431 326 3493 simplex
348 3434 417 3490 nolo,
438 3438 467 3478 ut
483 3432 523 3479 hie
541 3431 680 3493 requiritur.
723 3434 792 3497 prius
809 3447 885 3496 quam
902 3432 953 3479 vidi
970 3432 1136 3501 Meiuekium,
1155 3430 1197 3491 qui
1217 3443 1273 3476 curn

133 3509 220 3558 Cessat
236 3511 363 3567 voluutas,
385 3509 477 3558 scilicet
499 3510 598 3566 cadem,
620 3516 682 3572 quac
723 3513 836 3562 Bentlcio
861 3511 937 3561 edidit
963 3513 1062 3561 laboras
1084 3513 1112 3559 ia
1132 3509 1273 3570 Charybdi,

131 3595 206 3637 antea
222 3589 281 3645 fuit,
298 3589 338 3638 vel
356 3604 420 3652 quae
436 3603 489 3638 esse
501 3588 617 3645 debet,si
627 3591 682 3652 quis
723 3607 803 3655 neque
836 3592 874 3640 illi
899 3592 929 3639 de
955 3597 1081 3638 structura
1105 3588 1174 3636 verbi
1206 3589 1273 3636 labe-

131 3668 211 3717 officio
233 3682 277 3716 suo
298 3669 393 3728 debsse,
414 3675 457 3716 aut
475 3669 580 3717 alterum
597 3669 682 3717 iuvare
723 3688 781 3721 rare
798 3688 812 3720 a
834 3686 958 3735 quoquam
975 3685 1028 3718 csse
1046 3683 1189 3732 responsum
1207 3667 1273 3716 dicit.

131 3747 202 3796 nolit.
230 3748 271 3796 Ita
289 3748 352 3797 Stat.
371 3749 418 3796 IV.
436 3747 515 3797 Theb.
534 3748 589 3796 690.
607 3754 682 3797 cerret
723 3750 816 3800 Videat
835 3753 872 3799 vir
893 3752 979 3799 doctus
1004 3756 1029 3797 ct
1053 3765 1143 3812 sagax,
1167 3764 1199 3796 an
1221 3763 1271 3794 mc·

132 3829 161 3874 al
178 3833 262 3874 restra
278 3829 403 3876 uoluntas.
723 3831 773 3878 lius
791 3831 937 3893 respondere
954 3829 1037 3890 possit.
1054 3826 1163 3889 Optem.)
1192 3825 1275 3872 Tanta

169 3906 387 3967 beatarumque
396 3907 480 3954 doum
493 3908 581 3953 Vanus.
603 3906 682 3963 Quam
724 3922 782 3970 crgo
803 3908 931 3970 Charybdi
952 3906 1095 3954 laborabas!
1120 3904 1176 3954 MS.
1200 3904 1273 3952 Voss.

133 3983 191 4032 MS.
204 3989 324 4031 nostrum.
346 3983 495 4045 Elegantius
507 3983 600 4031 iudico:
625 3983 681 4042 Qua
701 4010 704 4042 Ι
724 3987 798 4034 etiarn
824 3987 967 4040 laborabas,
993 3990 1131 4031 correctum
1158 3998 1173 4029 a
1198 3995 1274 4028 manu

133 4068 277 4125 tecumque
293 4065 378 4111 decrat
399 4066 488 4111 Vanus.
517 4063 549 4111 In
563 4077 681 4126 quacum·
724 4064 832 4112 secunda
849 4065 948 4111 laboras
965 4061 999 4110 ia.
1021 4058 1180 4122 Oudendorp.
1202 4059 1273 4120 legit:

132 4157 182 4204 que
198 4141 283 4205 puella
299 4141 386 4191 Venus
404 4149 428 4190 te
445 4143 681 4200 domat,cquscnn·
725 4143 824 4190 laboras
846 4144 876 4188 ab
899 4140 1036 4201 Charybdi.
1071 4138 1158 4186 Horat.
1182 4139 1202 4185 l.
1222 4138 1273 4188 Sat.

133 4236 183 4283 quc
212 4235 295 4270 amore
327 4228 352 4269 te
381 4221 516 4278 succendit,
547 4228 571 4268 tc
601 4221 683 4289 adurit
725 4223 749 4269 4.
767 4223 805 4269 26.
844 4224 897 4268 Aut
914 4223 945 4268 ab
968 4221 1095 4277 aerariae,
1117 4223 1162 4264 aar
1184 4219 1274 4267 irrisero

134 4302 249 4363 mnibus,
269 4300 355 4361 (idest
380 4300 486 4362 puella)
512 4315 560 4347 non
586 4300 683 4348 erubes·
726 4303 861 4350 auditione
879 4302 983 4349 laborat.
1019 4297 1097 4346 Addit
1111 4295 1204 4347 Sanctii
1226 4298 1273 4346 Mi-
