2916 5220
570 313 912 377 cnalttuuu

398 501 539 586 llerepta
563 502 757 566 Parthorum
785 499 932 585 superbis

441 604 612 687 Postibus,
638 612 669 669 et
693 625 833 669 vacuum
858 603 977 668 duellis

352 708 469 771 lanum
495 707 669 786 Quirinum
694 707 832 789 clausit,
857 711 890 771 et
914 706 1061 772 ordinem

171 913 280 960 notavit:
299 911 398 960 “Huius
415 911 473 959 sacti
491 919 563 960 notae
580 926 718 974 repraesen-
760 909 811 958 fers
829 916 857 956 ut
873 909 969 958 Aeolus
981 912 1005 958 in
1018 917 1103 967 antro,
1121 925 1221 975 semper
1232 928 1306 962 erum-

171 998 256 1038 tantur
276 991 302 1037 in
324 1005 398 1046 arcu,
423 991 465 1052 qui
488 998 525 1037 cst
545 992 617 1038 iuxta
634 990 718 1037 aedem
761 1003 819 1051 pere
838 993 950 1036 conatur.
987 988 1015 1038 Si
1035 989 1114 1052 igitur
1135 989 1231 1048 Ianus,
1253 1000 1306 1041 tem-

171 1069 233 1118 Divi
250 1070 334 1118 Iulii'·
761 1067 831 1130 plum
856 1067 928 1124 Iani,
956 1068 1022 1130 qaod
1046 1068 1183 1131 Augustus
1209 1070 1308 1132 clausit,

206 1149 321 1210 Dei-epta
333 1149 492 1195 Parthorum
503 1149 617 1208 semeriis
634 1149 718 1196 Posti·
762 1159 868 1193 vacuum
889 1154 926 1193 est
944 1145 1029 1204 Bello,
1054 1147 1158 1196 Bellum
1177 1150 1204 1196 in
1221 1152 1308 1214 templo

172 1228 224 1274 baa
258 1226 342 1275 Minus
365 1232 430 1274 recte
453 1226 495 1273 alii
516 1225 594 1274 edunt
611 1228 718 1288 direpta.
761 1238 810 1271 non
827 1225 966 1281 coircetur,
986 1231 1039 1272 tum
1056 1239 1107 1287 pax
1124 1233 1150 1275 et
1167 1229 1247 1277 otium
1263 1244 1308 1278 non

172 1305 266 1353 Lucan.
279 1305 368 1354 uuio.
398 1306 525 1365 Deripuit
541 1309 622 1353 sacris
638 1305 720 1365 offixn
762 1303 856 1364 vigent,
873 1304 916 1352 sed
933 1303 1027 1351 bellum
1045 1309 1089 1352 est.
1119 1304 1178 1353 Hoc
1190 1305 1242 1355 iam
1257 1322 1323 1357 con.

172 1385 315 1432 Penatibus
332 1399 412 1430 arnna
438 1382 497 1431 Vid.
516 1381 586 1431 Cort.
616 1381 720 1444 Propo·
762 1383 865 1429 trarium
894 1387 931 1429 est
958 1381 1035 1429 menti
1068 1382 1232 1433 Horatianae.
1278 1386 1309 1434 Il·

171 1463 253 1510 stibus
264 1463 290 1509 in
302 1460 587 1521 CommentatoreOruq.
601 1462 721 1518 hostibus,
763 1461 810 1509 lud
827 1461 901 1509 etiam
918 1459 1010 1522 magis,
1027 1460 1093 1522 qnod
1106 1475 1156 1508 non
1169 1464 1309 1524 ‹laeuasad

171 1555 230 1588 cum
248 1541 416 1588 annotatione:
440 1539 512 1603 “qui,
530 1552 562 1586 ne
579 1537 638 1585 victi
654 1537 719 1585 dice·
762 1540 854 1587 duellis
870 1538 984 1601 legimns.
1020 1537 1062 1588 Sic
1078 1539 1146 1588 enim
1164 1541 1250 1603 agitur
1265 1557 1310 1592 nou

172 1623 270 1674 rentur,
291 1616 360 1664 ultro
376 1616 499 1664 miserunt
515 1617 540 1663 in
557 1615 680 1664 societatis
697 1621 722 1662 et
763 1617 794 1664 de
809 1617 894 1673 Bello,
911 1624 1040 1678 tamquam
1056 1619 1173 1678 numine,
1187 1622 1231 1668 sed
1245 1636 1308 1684 proe-

173 1696 238 1757 pacis
250 1695 375 1758 signum.''
396 1695 479 1744 Schol.
492 1695 599 1755 Franeq.
616 1693 721 1741 “Parthi
741 1746 743 1759 Ι
762 1694 802 1742 liis
819 1701 844 1743 et
860 1696 963 1758 pugnis,
980 1710 1043 1757 quae
1060 1710 1111 1744 non
1123 1700 1207 1762 magis
1219 1701 1246 1748 in
1257 1708 1311 1749 tem·

172 1774 272 1837 superbi
294 1780 394 1835 propter
413 1773 519 1822 Romani
536 1771 621 1834 populi
638 1771 722 1819 multi·
740 1786 743 1837 ς
763 1775 805 1837 plo
815 1777 937 1832 concludi,
952 1789 1028 1836 qnam
1040 1776 1163 1837 templum
1176 1782 1312 1842 relinquere

173 1852 284 1901 tudinem
310 1867 424 1908 caesam,
452 1853 525 1914 signa
550 1852 721 1900 Romanorum
739 1860 742 1931 Ι
763 1862 872 1915 possunt.
906 1852 987 1902 Credo
1011 1852 1146 1902 Horatium
1173 1858 1311 1920 scripsisse:

172 1931 272 1978 sublata
288 1931 312 1978 in
330 1931 440 1994 postibus
458 1945 557 1978 suoram
571 1931 721 1992 templorum
740 1944 743 1999 Ι·
763 1937 788 1979 et
806 1947 884 1981 rueuu
901 1935 932 1980 ob
945 1934 1036 1980 duellis
1067 1931 1160 1981 Ianum
1177 1936 1311 1994 Quirinum

172 2008 303 2058 affixerant
324 2012 349 2058 in
371 2010 560 2058 ostentationem
581 2018 606 2057 et
631 2006 743 2087 iactan-¹

173 2089 233 2136 tiam
250 2089 313 2137 sui.''
340 2089 395 2137 Hoc
407 2089 525 2138 Scholion
539 2088 651 2136 laudavit
663 2103 723 2150 quo·

173 2182 222 2229 que
243 2168 382 2216 Burmann.
406 2168 512 2216 Anthol.
531 2167 561 2216 T.
579 2166 600 2215 I.
620 2183 643 2229 p.
661 2168 722 2224 207,

172 2247 251 2309 deque
267 2247 316 2294 ista
332 2247 509 2295 consuetudine
526 2247 645 2309 exposuit.

213 2329 251 2373 Et
272 2342 377 2375 circuunt
400 2328 490 2374 duellia
514 2327 608 2373 Immm
632 2327 721 2384 Quiri·

173 2422 234 2453 irum
250 2407 349 2454 elausit.
375 2406 473 2463 Numa,
490 2410 519 2451 ut
535 2405 619 2452 scribit
635 2405 722 2453 Lirim

173 2484 194 2532 1.
215 2485 251 2531 19.
286 2486 381 2533 Ianum
404 2487 511 2533 iudicem
529 2486 600 2545 pacis
617 2486 723 2545 bellique

167 2564 248 2623 senil,
273 2569 389 2624 apertus,
411 2564 483 2610 utin
500 2566 579 2610 orinia
595 2578 646 2611 esse
663 2565 722 2612 cici-

176 2646 262 2695 lntem,
275 2644 384 2698 claritas,
396 2646 499 2702 pacator
510 2642 577 2688 circu
587 2655 670 2689 ournes
681 2656 722 2702 po-

172 2722 245 2779 pulos
261 2721 423 2782 sipnifieoret.
452 2718 545 2766 Po'e'tae
562 2718 608 2766 hoc
625 2718 722 2780 symbo-

174 2796 228 2843 lum
249 2797 324 2844 variis
345 2798 423 2845 modis
445 2804 610 2856 exornarunt,
630 2799 665 2846 ita
686 2807 722 2846 ta·

174 2889 244 2932 men,
263 2882 290 2921 ut
308 2875 401 2923 foribus
418 2875 508 2922 clausis
525 2875 635 2935 Bellum,
652 2880 721 2939 quasi

173 2954 252 3011 Deus,
273 2955 393 3002 contineri
415 2954 569 3016 coircerique
590 2963 720 3017 spectetur.

173 3032 241 3079 Hinc
258 3034 328 3080 Belli
344 3039 444 3094 portae,
455 3036 535 3096 fores,
553 3034 610 3083 alia.
640 3037 721 3084 Locus

173 3112 290 3160 classicus
306 3120 343 3160 est
359 3113 426 3175 apud
443 3113 537 3176 Virgil.
549 3114 571 3163 I.
588 3115 654 3164 Aen.
663 3117 720 3164 291.

173 3206 248 3255 quem
270 3192 384 3256 Heynins
405 3193 430 3240 in
447 3193 566 3240 Excursu
582 3192 630 3241 IX.
653 3209 721 3256 egre·

174 3273 212 3334 gie
229 3272 376 3329 illustravit,
396 3271 485 3319 merito
496 3272 613 3321 dubitans
624 3274 655 3321 de
667 3288 721 3322 sen-

173 3351 251 3415 tentia
267 3350 350 3400 Ovidii
367 3350 388 3400 Ι,
408 3352 476 3400 Fast.
493 3353 550 3401 281.
572 3353 615 3399 ubi
631 3354 721 3411 Ianus,

173 3428 338 3492 interrogatus
364 3446 408 3479 cur
433 3446 493 3494 pace
518 3431 623 3489 lateret,
649 3433 721 3480 matis

173 3510 247 3556 armis
264 3511 442 3568 recluderetur,
458 3511 604 3573 respondet:
627 3514 663 3560 Ul
679 3528 720 3573 po·

169 3591 232 3650 pulo
249 3593 346 3638 reditus
362 3596 470 3652 puteant
482 3593 516 3639 nd
527 3594 590 3640 bella
600 3591 723 3653 profecto,

175 3669 241 3717 Tela
260 3675 333 3731 patet
354 3671 438 3717 deluto
454 3672 534 3717 ianua
551 3676 639 3719 nostru
655 3684 719 3718 seru

174 3750 242 3796 Pace
262 3748 335 3810 fores
359 3751 435 3808 ebrio,
464 3765 494 3797 ne
519 3765 568 3811 qud
598 3751 721 3798 discedere

169 3830 261 3888 possit,
286 3827 455 3889 Caesareoque
479 3829 523 3874 diu
539 3829 637 3875 norriine
652 3829 721 3876 eluu-

171 3921 213 3952 sus
229 3921 277 3954 ero.
311 3906 377 3954 Nam
395 3905 428 3952 ibi
444 3905 580 3953 certissima
591 3912 629 3953 est
639 3920 720 3953 emen·

172 3984 239 4031 datio
256 3984 365 4032 Marcilii
381 4001 411 4031 ni
424 4000 473 4046 qua
488 3986 611 4032 discedere
620 3988 719 4046 possim.

149 4059 152 4066 “
171 4059 279 4109 Clausus
296 4076 348 4120 ero,
367 4076 397 4110 ne
414 4077 463 4125 qua
480 4061 603 4110 discedere
620 4064 721 4125 possim,

171 4141 196 4187 id
213 4147 250 4188 est
267 4143 387 4202 lerrrplum
399 4140 480 4189 areum
494 4142 633 4189 claudetur.
655 4141 721 4189 Belli

171 4218 249 4280 ipsius
274 4218 409 4281 imaginem
430 4218 534 4268 Ovidius
559 4232 608 4266 non
629 4218 720 4282 attigit.

172 4299 249 4359 Apud
268 4297 327 4345 alios
344 4299 443 4360 poitas,
460 4299 561 4346 Bellum
579 4297 720 4359 indignans,

763 2011 863 2059 clausit.
890 2011 965 2059 “Tua
981 2017 1059 2069 aetas,
1072 2026 1088 2059 o
1105 2011 1215 2073 Caesar,
1233 2015 1312 2080 fruges

764 2088 869 2137 reddidit
886 2089 970 2152 egris,
996 2089 1070 2153 signa
1093 2091 1163 2149 lovi,
1186 2101 1213 2141 et
1238 2111 1312 2144 vacua

765 2182 780 2214 a
790 2167 869 2226 bellis,
878 2183 943 2231 quae
953 2169 1110 2231 composuisti
1121 2172 1217 2229 omnia,
1226 2173 1312 2221 Ianum

765 2245 880 2295 clausit.”
897 2248 970 2297 Bella
978 2249 1045 2312 prius
1055 2262 1107 2296 esse
1116 2249 1243 2298 debebant
1253 2265 1313 2299 com·

764 2326 861 2387 posita,
890 2341 966 2388 quam
996 2327 1118 2388 ternplum
1147 2328 1312 2378 clauderetur.

765 2403 853 2453 Horat.
866 2404 901 2453 II.
921 2405 969 2468 Ep.
989 2407 1010 2455 l.
1027 2407 1084 2454 253.
1103 2409 1206 2469 tuisque
1223 2412 1314 2472 Auspi-

764 2485 809 2530 ciis
832 2489 911 2532 totum
928 2485 1040 2547 conferta
1057 2487 1141 2533 duella
1161 2502 1211 2548 per
1236 2493 1314 2538 orbem

767 2562 938 2625 Claustrcque
962 2567 1086 2613 cristodem
1109 2569 1184 2626 pacis
1206 2569 1314 2616 celtiber·

764 2643 801 2688 tiu
821 2643 921 2690 [unuin.
956 2642 1057 2691 Sueten.
1075 2644 1186 2706 August.
1204 2646 1246 2692 22.
1272 2649 1313 2694 Iu·

764 2735 824 2768 uuus
849 2720 997 2778 Quirinum,
1024 2727 1095 2769 terra
1120 2726 1238 2786 visurique
1255 2741 1314 2786 prce

763 2804 858 2858 partu,
884 2805 923 2847 ter
947 2801 1045 2848 elausit.
1080 2798 1217 2851 claudian.
1236 2804 1313 2852 Laud.

764 2876 862 2926 Stilich.
874 2877 909 2926 ΙΙ.
921 2878 978 2929 287.
1005 2881 1098 2927 lunum
1115 2895 1172 2941 pue
1183 2883 1242 2930 ulta
1253 2884 1314 2943 liqut

763 2957 778 3004 i.
796 2972 818 3004 e.
836 2959 956 3020 templum
973 2958 1037 3006 Iani.
1065 2959 1108 3009 Sic
1119 2967 1192 3010 cetae
1203 2959 1314 3022 Augusti

763 3036 854 3083 clausit
876 3036 980 3095 Ianum,
1007 3052 1086 3099 quum
1107 3045 1163 3086 erat
1184 3052 1267 3086 vacue
1284 3037 1313 3085 ab

763 3114 865 3171 duellis,
888 3115 973 3163 duella
993 3122 1064 3164 erant
1085 3116 1206 3166 confecta.
1240 3117 1313 3165 Recte

763 3199 846 3241 autem
864 3192 1004 3242 Gronovius
1020 3199 1046 3242 et
1063 3195 1104 3243 alii
1121 3195 1259 3244 voluerunt
1271 3197 1313 3243 Iu-

762 3288 823 3320 num
847 3273 998 3331 Quirinum,
1023 3288 1073 3320 non
1098 3274 1216 3332 Quirini.
1248 3275 1312 3324 Ben-

762 3350 834 3399 tleius
849 3352 955 3409 Quirini
966 3352 1041 3400 etiam
1052 3360 1153 3416 propter
1164 3368 1256 3403 sonum
1267 3369 1313 3402 me-

762 3428 849 3476 liorem
866 3429 981 3491 praefert.
1009 3430 1037 3480 Si
1048 3431 1098 3478 iam
1108 3431 1225 3494 legamus
1236 3449 1314 3483 uacua

762 3510 794 3555 nb
818 3509 919 3565 duellis,
945 3510 1042 3558 Ianum
1065 3512 1206 3568 Quirinum
1237 3513 1311 3561 nemi·

762 3600 818 3633 nem
835 3594 895 3649 puto
911 3586 1025 3637 offendet.
1053 3588 1147 3652 Scripsi
1164 3593 1196 3638 ab
1214 3593 1313 3646 duellia,

762 3672 790 3710 ut
807 3669 837 3713 ab
856 3668 916 3714 Diis
933 3673 958 3715 et
974 3667 1064 3715 similia
1081 3668 1107 3716 in
1124 3669 1227 3732 optimis
1237 3669 1312 3720 MSS.

761 3743 1232 3796 vidBentladHorat.IH.Carm.lti.
1251 3749 1313 3797 Bur·

761 3836 882 3871 mannum
898 3840 944 3872 sua
960 3826 1080 3874 memoria
1095 3824 1198 3883 fefellit,
1216 3827 1313 3889 quando

762 3901 793 3949 ad
816 3903 929 3966 Propert.
951 3905 987 3954 II.
1010 3906 1034 3953 9.
1060 3905 1098 3954 18.
1125 3906 1213 3953 scribit
1231 3908 1314 3955 duella

762 3994 846 4028 vocem
876 3997 928 4031 esse
959 3984 990 4030 ab
1021 3983 1126 4032 Horatio
1160 3999 1211 4032 non
1242 3987 1313 4033 usita-

762 4067 820 4108 tam.
854 4062 972 4110 Arbitror
992 4063 1067 4111 ctiam
1085 4063 1268 4111 Marklandum
1285 4063 1313 4111 ad

763 4139 883 4188 Statili.
903 4141 963 4189 Silv.
982 4144 1005 4190 ὅ.
1022 4143 1063 4190 24.
1081 4141 1210 4203 eleganter
1227 4141 1313 4192 Ouidio

762 4218 796 4266 11.
822 4220 883 4267 Am.
906 4221 928 4268 9.
950 4221 991 4269 23.
1017 4221 1167 4270 restituisse:
1195 4221 1241 4272 Me
1258 4237 1313 4285 quo·

762 4313 826 4359 que,
851 4301 894 4360 qui
926 4301 998 4349 toties
1028 4302 1108 4348 merui
1137 4302 1185 4348 aab
1211 4299 1313 4349 Anime.
