2916 5220
599 289 771 353 trente
817 292 843 352 I.

525 514 771 580 CARMEN
816 516 911 580 XIX.

332 663 450 746 Mater
472 703 568 746 saeva
593 681 794 767 Cupidinum

375 784 609 871 Thebanaeque
633 785 723 850 iubet
746 808 799 849 mc
824 785 966 850 Semeles
991 809 1070 871 puer

334 887 379 951 Et
401 887 524 952 lasciva
548 888 710 970 Licentia,

378 989 499 1054 Finitis
524 990 671 1054 animum
695 991 826 1055 reddere
850 991 1024 1056 amoribus

334 1091 410 1156 Urit
434 1113 486 1156 mc
511 1092 668 1176 Glycerae
691 1093 779 1157 nitor

380 1194 590 1279 Splendentis
615 1196 711 1260 Pario
736 1218 895 1260 marmore
919 1196 1051 1280 purius:

332 1299 408 1364 Urit
430 1306 526 1384 grata
548 1300 742 1384 protervitas

379 1402 424 1465 Et
446 1402 558 1468 vultus
583 1403 724 1468 nimium
748 1404 892 1468 lubricus
916 1404 1051 1489 adspiei.

335 1504 374 1567 Iu
397 1527 450 1569 me
474 1511 544 1570 tota
567 1529 663 1570 ruens
682 1507 799 1571 ·Venus

381 1606 525 1693 Cyprum
549 1609 692 1675 deseruit
715 1632 774 1675 nec
797 1610 925 1696 patitur
949 1610 1087 1694 Scythas

336 1710 382 1774 Et
404 1711 506 1776 versis
530 1713 717 1778 animosum
740 1713 831 1799 equis

379 1815 539 1879 Parthum
562 1816 686 1900 dicere,
711 1840 770 1882 nec
795 1841 877 1903 quae
901 1817 986 1881 nihil
1010 1817 1163 1882 attinent.

339 1915 403 1980 Hic
428 1916 540 1981 vivum
562 1918 646 1982 mihi
669 1919 840 2004 cespitem,
865 1919 918 1983 hic

379 2019 562 2103 Verhenas‚
586 2021 697 2106 pueri,
722 2022 834 2106 ponite
858 2023 1018 2107 thuraque

340 2120 428 2186 Bimi
451 2145 525 2188 eum
549 2130 662 2208 patera
684 2125 781 2190 meri:

383 2225 528 2290 Mactata
550 2227 660 2292 veniet
683 2228 787 2292 lenior
810 2228 926 2292 hestia.

309 2416 460 2466 CARMEN
479 2418 554 2466 XIX·
748 2391 863 2454 ἔρχεσθαι
887 2405 931 2453 pro
953 2393 1026 2438 εἶναι.
1061 2391 1116 2437 IIee
1142 2404 1188 2452 ego
1214 2388 1295 2436 nrinus
1391 2405 1394 2411 ·

748 2469 773 2517 in
786 2469 850 2530 aliis,
859 2469 1187 2529 v.e.Burmann.adVirgil.
1195 2469 1216 2517 1.
1230 2469 1295 2516 Aen.

190 2513 314 2598 Semeles
328 2562 400 2608 puer.
435 2547 519 2595 Multa
531 2549 607 2598 MSS.
622 2549 703 2598 Seme-
747 2550 787 2596 22.
806 2549 909 2595 miratus
926 2562 995 2604 sum,
1012 2562 1086 2610 quam
1103 2547 1128 2593 iu
1146 2546 1178 2594 N.
1196 2547 1297 2594 Heinsio

157 2630 209 2683 lue,
235 2626 266 2673 de
291 2639 342 2687 qua
366 2639 392 2673 re
417 2624 465 2673 vid.
493 2623 651 2688 Oudendorp.
675 2628 706 2674 ad
748 2629 778 2675 ad
805 2627 876 2677 Ouid.
903 2628 950 2676 IV.
977 2628 1078 2695 Heroid.
1108 2627 1162 2675 113.
1190 2628 1295 2675 Romani

158 2706 255 2768 Appui.
272 2705 374 2752 Metam.
391 2719 448 2766 pag.
465 2704 504 2753 97.
748 2709 845 2770 poetae,
871 2721 929 2754 nam
959 2708 1086 2769 poetarum
1108 2705 1229 2768 imprimis
1250 2705 1297 2754 hoe

192 2785 354 2848 Splenderetir
370 2786 453 2832 Pario
470 2799 593 2833 orermore
609 2787 705 2846 parius.
747 2787 874 2849 proprium
904 2793 953 2845 est,
985 2801 1114 2848 nunquam
1145 2794 1298 2848 usurparunt

158 2862 246 2925 Epigr.
269 2863 294 2908 in
316 2860 421 2910 Anthel.
442 2862 530 2911 Burm.
552 2862 583 2910 T.
606 2863 627 2910 I.
650 2877 705 2925 pag.
747 2869 841 2925 venire,
863 2866 962 2928 quando
983 2866 1103 2914 sententia
1124 2865 1195 2914 unice
1215 2872 1297 2927 postu-

157 2942 214 2990 615.
252 2943 324 2999 Quae
347 2943 462 3003 quamvis
474 2942 548 3004 fireie
568 2943 641 2989 iniret
661 2956 705 2988 ru·
748 2943 816 2991 labat
838 2945 942 2993 verbum
963 2960 1025 3004 esse3
1048 2951 1072 2992 ct
1093 2946 1176 2992 renire
1201 2959 1297 3006 semper

158 3021 236 3078 cente,
244 3021 283 3066 Et
291 3019 370 3067 cribret
380 3021 490 3068 Parium
503 3021 705 3068 reiterareolorem.
748 3037 818 3071 suam
836 3023 886 3070 vim
898 3029 987 3072 servat.
1015 3022 1104 3070 Venus
1117 3023 1140 3071 h.
1153 3022 1171 3069 l.
1184 3022 1296 3085 Cyprum

192 3100 228 3146 In
250 3113 287 3146 me
313 3103 367 3146 tota
393 3113 469 3147 ruens
499 3100 587 3146 Venus.
621 3098 705 3160 Eurip.
748 3101 873 3161 deserens,
896 3109 921 3151 et
943 3108 995 3150 tota
1015 3101 1040 3148 in
1058 3101 1191 3150 Horatium
1210 3116 1297 3158 ruens,

160 3176 261 3239 Hippol.
279 3177 335 3225 443.
365 3178 466 3242 Κύπρις
484 3180 531 3242 γὰρ
548 3178 706 3243 οὐφορητὸν,
748 3181 779 3228 ad
796 3197 852 3230 eum
870 3184 954 3231 venire
970 3181 1061 3230 debuit.
1096 3182 1151 3229 Iam
1173 3181 1297 3229 Homerus

161 3255 192 3313 ἣν
214 3255 301 3314 πολλὴ
323 3255 379 3320 ῥυῆ.
406 3257 454 3304 yid.
476 3256 598 3304 Valckeu.
620 3256 706 3306 Valer.
748 3259 853 3308 alieubi:
871 3260 944 3323 Αὐτῷ
960 3260 1081 3324 μόρσιμος
1098 3259 1169 3317 ἦλθε.
1204 3258 1297 3307 Anaer.

160 3333 244 3382 Flaee.
258 3333 308 3383 III.
329 3335 381 3383 133.
420 3337 530 3385 Tollitur
548 3338 613 3397 hirae,
631 3342 707 3385 totus-
748 3337 850 3400 Fragm.
876 3339 915 3385 29.
938 3337 974 3385 ed.
997 3334 1078 3385 Fisch.
1101 3337 1131 3383 σὺ
1153 3334 1173 3382 δ’
1196 3336 1298 3397 εὐμενὴς

160 3428 207 3474 que
223 3414 277 3460 ruit
304 3415 456 3476 Tirynthius
478 3431 548 3464 arcii.
583 3415 646 3465 Stat.
673 3415 706 3462 X.
745 3414 817 3463 'ute’
833 3416 903 3479 ἡμῖν.
938 3416 1086 3463 Phurnutus
1108 3429 1160 3476 cap.
1178 3416 1217 3463 39.
1252 3415 1296 3462 Ili·

161 3493 241 3542 Theb.
259 3495 314 3541 921.
352 3496 413 3543 Toto
441 3498 499 3544 [ove
515 3494 617 3557 feltren
634 3496 707 3543 edire
748 3495 843 3556 thyiam
861 3500 993 3556 precantur
1010 3495 1093 3543 ἐλθεῖν
1110 3494 1200 3551 αὐταῖς
1218 3494 1299 3552 riatur

161 3579 223 3621 tum.
258 3573 318 3621 Vid.
336 3574 423 3621 Barth.
749 3574 790 3621 καὶ
814 3575 954 3630 λυσὶζωνον
978 3573 1003 3622 αἱ
1028 3572 1170 3622 ὠδίνουσαι.
1205 3573 1297 3636 virgil.

195 3654 248 3700 Hic
265 3654 348 3701 vicum
365 3652 426 3701 mihi
437 3653 559 3714 cespitem,
570 3653 616 3702 bie.
637 3652 708 3699 Post·
749 3651 826 3700 VIII.
845 3653 910 3701 Aen.
928 3653 984 3701 365.
1003 3655 1122 3714 rebusque
1133 3655 1187 3701 verri
1199 3668 1247 3700 rica
1259 3668 1297 3698 aa·

161 3746 260 3780 remum
278 3733 318 3780 bic
334 3732 401 3780 deest
417 3730 442 3778 in
459 3730 567 3779 Franek.
747 3747 795 3793 per
811 3735 898 3794 efferte.
926 3733 989 3781 Stat.
1004 3732 1054 3780 III.
1073 3731 1134 3781 Silv.
1147 3733 1167 3778 l.
1177 3733 1217 3779 39.
1243 3734 1296 3778 Pe·

200 3811 337 3870 Verbanus,
358 3811 446 3871 paeri,
466 3810 551 3870 ponite
578 3811 708 3870 thuraque.
751 3817 823 3858 ectus
840 3812 958 3874 mittitque
978 3814 1040 3860 reni,
1079 3810 1207 3859 Ammian.
1231 3809 1298 3857 Mar-

161 3887 328 3937 Mamertinus
352 3888 378 3934 in
401 3887 515 3936 Genethl.
533 3887 639 3937 Maxim.
657 3902 708 3950 cap.
751 3889 832 3938 cellin.
846 3889 934 3937 XXX.
947 3905 1002 3952 pag.
1016 3891 1071 3937 toa.
1096 3889 1300 3950 Pucifieupreee,

164 3971 202 4017 10.
243 3967 312 4016 Aroe
336 3969 445 4026 ineendI,
474 3969 710 4030 murmuraberunt
752 3977 780 4018 ut
796 3972 922 4032 propitiata
939 3973 1033 4019 veniret
1052 3975 1075 4018 et
1088 3971 1156 4016 lenta
1180 3968 1299 4016 Albinov.

161 4049 250 4107 libari,
263 4047 378 4096 victimae
394 4047 470 4096 coedi.
500 4046 559 4094 Vid.
577 4046 697 4094 Arntzen.
752 4051 773 4098 Ι.
791 4051 863 4111 Eleg.
875 4050 932 4100 373.
969 4046 1300 4111 Qriaquer·rr.it‚suriburrric

195 4127 317 4175 Mcctute
333 4125 502 4173 venietlenier
516 4127 604 4173 hostin.
632 4123 710 4187 Saepe
752 4131 815 4176 ruit.
866 4126 959 4175 Seneca
992 4125 1083 4173 Troad.
1116 4125 1184 4175 1172.
1227 4126 1301 4173 Mmt-

161 4203 254 4252 eruditi
271 4203 414 4264 interpretes
432 4203 548 4252 dixerunt
560 4204 642 4285 venir}
653 4203 709 4250 sirn-
753 4207 895 4269 insentibus
911 4207 1018 4253 violenta
1036 4206 1111 4253 verris.
1145 4203 1211 4250 lline
1226 4204 1301 4252 etium

163 4283 260 4346 pliciter
289 4281 346 4344 porri
376 4296 420 4343 pro
445 4297 504 4340 esse,
531 4289 558 4329 ut
587 4281 709 4331 Graecum
730 4282 732 4331 ἓ
754 4290 866 4347 apparet,
897 4297 971 4345 qnam
1002 4282 1124 4330 immerite
1150 4282 1210 4330 hacc
1236 4281 1300 4330 Livii
