<?xml version="1.0" encoding="UTF-8"?>
<!DOCTYPE html PUBLIC "-//W3C//DTD XHTML 1.0 Transitional//EN"
    "http://www.w3.org/TR/xhtml1/DTD/xhtml1-transitional.dtd">
<html xmlns="http://www.w3.org/1999/xhtml" xml:lang="en" lang="en">
 <head>
  <title>
</title>
<meta http-equiv="Content-Type" content="text/html;charset=utf-8" />
  <meta name='ocr-system' content='tesseract 3.04.00' />
  <meta name='ocr-capabilities' content='ocr_page ocr_carea ocr_par ocr_line ocrx_word'/>
</head>
<body>
  <div class='ocr_page' id='page_1' title='image "./qhoratiiflaccic00horagoog_0465.png"; bbox 0 0 2916 5220; ppageno 0'>
   <div class='ocr_carea' id='block_1_1' title="bbox 467 311 531 329">
    <p class='ocr_par' dir='ltr' id='par_1_1' title="bbox 467 311 531 329">
     <span class='ocr_line' id='line_1_1' title="bbox 467 311 531 329; baseline -0.016 -9"><span class='ocrx_word' id='word_1_1' title='bbox 467 311 531 329; x_wconf 52' lang='grc' dir='ltr'><strong>μ...</strong></span> 
     </span>
    </p>
   </div>
   <div class='ocr_carea' id='block_1_2' title="bbox 164 314 228 376">
    <p class='ocr_par' dir='ltr' id='par_1_2' title="bbox 164 314 228 376">
     <span class='ocr_line' id='line_1_2' title="bbox 164 314 228 376; baseline 0 0"><span class='ocrx_word' id='word_1_2' title='bbox 164 314 228 376; x_wconf 85' lang='grc'><strong>406</strong></span> 
     </span>
    </p>
   </div>
   <div class='ocr_carea' id='block_1_3' title="bbox 163 496 683 718">
    <p class='ocr_par' dir='ltr' id='par_1_3' title="bbox 163 496 683 718">
     <span class='ocr_line' id='line_1_3' title="bbox 163 496 648 560; baseline 0 -15"><span class='ocrx_word' id='word_1_3' title='bbox 163 499 253 559; x_wconf 73' lang='lat' dir='ltr'><strong>Imm</strong></span> <span class='ocrx_word' id='word_1_4' title='bbox 269 501 293 545; x_wconf 88' lang='lat' dir='ltr'><strong>et</strong></span> <span class='ocrx_word' id='word_1_5' title='bbox 311 500 391 560; x_wconf 68' lang='lat' dir='ltr'><strong>tureyo</strong></span> <span class='ocrx_word' id='word_1_6' title='bbox 408 497 555 548; x_wconf 78' lang='grc'><strong>0041420110</strong></span> <span class='ocrx_word' id='word_1_7' title='bbox 573 498 612 556; x_wconf 86' lang='grc'><strong>73,</strong></span> <span class='ocrx_word' id='word_1_8' title='bbox 626 496 648 545; x_wconf 89' lang='lat' dir='ltr'><strong>b.</strong></span> 
     </span>
     <span class='ocr_line' id='line_1_4' title="bbox 165 574 552 640; baseline -0.005 -16"><span class='ocrx_word' id='word_1_9' title='bbox 165 578 327 626; x_wconf 81' lang='lat' dir='ltr'><strong>Immcrtuttu</strong></span> <span class='ocrx_word' id='word_1_10' title='bbox 344 579 446 640; x_wconf 82' lang='lat' dir='ltr'><strong>spirare</strong></span> <span class='ocrx_word' id='word_1_11' title='bbox 463 576 518 633; x_wconf 92' lang='grc'><strong>301,</strong></span> <span class='ocrx_word' id='word_1_12' title='bbox 529 574 552 623; x_wconf 95' lang='lat' dir='ltr'><strong>b.</strong></span> 
     </span>
     <span class='ocr_line' id='line_1_5' title="bbox 165 653 683 718; baseline -0.002 -15"><span class='ocrx_word' id='word_1_13' title='bbox 165 656 309 718; x_wconf 78' lang='lat' dir='ltr'><strong>Impatiens</strong></span> <span class='ocrx_word' id='word_1_14' title='bbox 326 653 442 718; x_wconf 82' lang='lat' dir='ltr'><strong>pulveris,</strong></span> <span class='ocrx_word' id='word_1_15' title='bbox 460 670 507 702; x_wconf 92' lang='lat' dir='ltr'><strong>non</strong></span> <span class='ocrx_word' id='word_1_16' title='bbox 522 657 683 718; x_wconf 64' lang='grc'><strong>1444144437.</strong></span> 
     </span>
    </p>
   </div>
   <div class='ocr_carea' id='block_1_4' title="bbox 616 312 844 375">
    <p class='ocr_par' dir='ltr' id='par_1_4' title="bbox 616 312 844 375">
     <span class='ocr_line' id='line_1_6' title="bbox 616 312 844 375; baseline -0.004 0"><span class='ocrx_word' id='word_1_17' title='bbox 616 312 844 375; x_wconf 79' lang='lat' dir='ltr'><strong>INDEX</strong></span> 
     </span>
    </p>
   </div>
   <div class='ocr_carea' id='block_1_5' title="bbox 732 496 1247 717">
    <p class='ocr_par' dir='ltr' id='par_1_5' title="bbox 732 496 1247 717">
     <span class='ocr_line' id='line_1_7' title="bbox 732 496 1101 546; baseline -0.005 0"><span class='ocrx_word' id='word_1_18' title='bbox 732 502 735 525; x_wconf 75' lang='lat'>⁵</span> <span class='ocrx_word' id='word_1_19' title='bbox 753 500 821 546; x_wconf 84' lang='lat' dir='ltr'><strong>Iure</strong></span> <span class='ocrx_word' id='word_1_20' title='bbox 838 498 924 546; x_wconf 82' lang='lat' dir='ltr'><strong>debita</strong></span> <span class='ocrx_word' id='word_1_21' title='bbox 941 496 1041 544; x_wconf 84' lang='lat' dir='ltr'><strong>mortuis</strong></span> <span class='ocrx_word' id='word_1_22' title='bbox 1059 497 1101 544; x_wconf 90' lang='grc'><strong>92.</strong></span> 
     </span>
     <span class='ocr_line' id='line_1_8' title="bbox 756 571 1247 630; baseline -0.014 -4"><span class='ocrx_word' id='word_1_23' title='bbox 756 579 868 626; x_wconf 75' lang='lat' dir='ltr'><strong>leutitia</strong></span> <span class='ocrx_word' id='word_1_24' title='bbox 885 590 939 622; x_wconf 87' lang='lat' dir='ltr'><strong>cnm</strong></span> <span class='ocrx_word' id='word_1_25' title='bbox 950 574 1033 623; x_wconf 85' lang='lat' dir='ltr'><strong>Parcis</strong></span> <span class='ocrx_word' id='word_1_26' title='bbox 1050 573 1133 622; x_wconf 85' lang='lat' dir='ltr'><strong>iuncta</strong></span> <span class='ocrx_word' id='word_1_27' title='bbox 1152 571 1212 630; x_wconf 91' lang='grc'><strong>167,</strong></span> <span class='ocrx_word' id='word_1_28' title='bbox 1224 589 1247 619; x_wconf 82' lang='lat' dir='ltr'><strong>a.</strong></span> 
     </span>
     <span class='ocr_line' id='line_1_9' title="bbox 733 646 1196 717; baseline -0.011 -13"><span class='ocrx_word' id='word_1_29' title='bbox 733 646 736 679; x_wconf 84' lang='lat'><strong>¹</strong></span> <span class='ocrx_word' id='word_1_30' title='bbox 756 658 851 705; x_wconf 79' lang='lat' dir='ltr'><strong>Iacere</strong></span> <span class='ocrx_word' id='word_1_31' title='bbox 867 653 896 701; x_wconf 89' lang='lat' dir='ltr'><strong>de</strong></span> <span class='ocrx_word' id='word_1_32' title='bbox 913 652 966 702; x_wconf 90' lang='lat' dir='ltr'><strong>cibo</strong></span> <span class='ocrx_word' id='word_1_33' title='bbox 983 656 1007 701; x_wconf 89' lang='lat' dir='ltr'><strong>et</strong></span> <span class='ocrx_word' id='word_1_34' title='bbox 1024 656 1082 717; x_wconf 87' lang='lat' dir='ltr'><strong>poto</strong></span> <span class='ocrx_word' id='word_1_35' title='bbox 1100 652 1158 710; x_wconf 87' lang='grc'><strong>360,</strong></span> <span class='ocrx_word' id='word_1_36' title='bbox 1172 667 1196 699; x_wconf 85' lang='grc'><strong>4.</strong></span> 
     </span>
    </p>
   </div>
   <div class='ocr_carea' id='block_1_6' title="bbox 166 714 1311 797">
    <p class='ocr_par' dir='ltr' id='par_1_6' title="bbox 166 714 1311 797">
     <span class='ocr_line' id='line_1_10' title="bbox 166 714 1311 797; baseline -0.004 -16"><span class='ocrx_word' id='word_1_37' title='bbox 166 734 325 797; x_wconf 70' lang='lat' dir='ltr'><strong>Imperatores</strong></span> <span class='ocrx_word' id='word_1_38' title='bbox 348 732 449 781; x_wconf 86' lang='lat' dir='ltr'><strong>Romani</strong></span> <span class='ocrx_word' id='word_1_39' title='bbox 471 733 586 795; x_wconf 81' lang='grc' dir='ltr'><strong>βασιλεῖς</strong></span> <span class='ocrx_word' id='word_1_40' title='bbox 603 731 718 796; x_wconf 86' lang='lat' dir='ltr'><strong>appellati</strong></span> <span class='ocrx_word' id='word_1_41' title='bbox 733 714 737 795; x_wconf 82' lang='grc' dir='ltr'>Ι</span> <span class='ocrx_word' id='word_1_42' title='bbox 754 732 889 781; x_wconf 76' lang='lat' dir='ltr'><strong>Iuvenalem</strong></span> <span class='ocrx_word' id='word_1_43' title='bbox 928 731 1066 781; x_wconf 78' lang='lat' dir='ltr'><strong>memoriter</strong></span> <span class='ocrx_word' id='word_1_44' title='bbox 1109 732 1161 779; x_wconf 83' lang='grc'><strong>1414</strong></span> <span class='ocrx_word' id='word_1_45' title='bbox 1201 728 1311 780; x_wconf 83' lang='lat' dir='ltr'><strong>tenebant</strong></span> 
     </span>
    </p>
   </div>
   <div class='ocr_carea' id='block_1_7' title="bbox 166 810 718 1330">
    <p class='ocr_par' dir='ltr' id='par_1_7' title="bbox 166 810 718 1330">
     <span class='ocr_line' id='line_1_11' title="bbox 199 810 257 859; baseline 0.017 -1"><span class='ocrx_word' id='word_1_46' title='bbox 199 810 257 859; x_wconf 90' lang='grc'><strong>296.</strong></span> 
     </span>
     <span class='ocr_line' id='line_1_12' title="bbox 167 891 493 952; baseline 0 -14"><span class='ocrx_word' id='word_1_47' title='bbox 167 891 282 952; x_wconf 82' lang='lat' dir='ltr'><strong>Imperia</strong></span> <span class='ocrx_word' id='word_1_48' title='bbox 299 892 386 940; x_wconf 83' lang='lat' dir='ltr'><strong>mollia</strong></span> <span class='ocrx_word' id='word_1_49' title='bbox 403 891 459 949; x_wconf 86' lang='grc'><strong>276,</strong></span> <span class='ocrx_word' id='word_1_50' title='bbox 471 907 493 938; x_wconf 85' lang='lat' dir='ltr'><strong>a.</strong></span> 
     </span>
     <span class='ocr_line' id='line_1_13' title="bbox 166 966 684 1035; baseline -0.004 -17"><span class='ocrx_word' id='word_1_51' title='bbox 166 970 345 1032; x_wconf 73' lang='lat' dir='ltr'><strong>Impermirau,</strong></span> <span class='ocrx_word' id='word_1_52' title='bbox 358 970 430 1026; x_wconf 74' lang='grc' dir='ltr'><strong>ἅπαξ</strong></span> <span class='ocrx_word' id='word_1_53' title='bbox 445 969 575 1035; x_wconf 71' lang='grc' dir='ltr'>εἰρημένον</span> <span class='ocrx_word' id='word_1_54' title='bbox 592 969 648 1027; x_wconf 91' lang='grc'><strong>212,</strong></span> <span class='ocrx_word' id='word_1_55' title='bbox 660 966 684 1016; x_wconf 90' lang='lat' dir='ltr'><strong>b.</strong></span> 
     </span>
     <span class='ocr_line' id='line_1_14' title="bbox 167 1046 587 1111; baseline 0.002 -15"><span class='ocrx_word' id='word_1_56' title='bbox 167 1048 348 1109; x_wconf 75' lang='lat' dir='ltr'><strong>Importunas,</strong></span> <span class='ocrx_word' id='word_1_57' title='bbox 366 1046 481 1111; x_wconf 89' lang='lat' dir='ltr'><strong>superbus</strong></span> <span class='ocrx_word' id='word_1_58' title='bbox 498 1049 555 1106; x_wconf 91' lang='grc'><strong>322,</strong></span> <span class='ocrx_word' id='word_1_59' title='bbox 564 1065 587 1098; x_wconf 76' lang='lat' dir='ltr'><strong>a.</strong></span> 
     </span>
     <span class='ocr_line' id='line_1_15' title="bbox 168 1126 578 1188; baseline 0.002 -14"><span class='ocrx_word' id='word_1_60' title='bbox 168 1127 312 1188; x_wconf 80' lang='lat' dir='ltr'><strong>Improbus,</strong></span> <span class='ocrx_word' id='word_1_61' title='bbox 330 1126 469 1176; x_wconf 81' lang='lat' dir='ltr'><strong>insatiabilis</strong></span> <span class='ocrx_word' id='word_1_62' title='bbox 486 1128 542 1184; x_wconf 87' lang='lat'>181,</span> <span class='ocrx_word' id='word_1_63' title='bbox 555 1127 578 1175; x_wconf 89' lang='lat' dir='ltr'><strong>b.</strong></span> 
     </span>
     <span class='ocr_line' id='line_1_16' title="bbox 168 1205 718 1271; baseline 0.004 -18"><span class='ocrx_word' id='word_1_64' title='bbox 168 1206 205 1254; x_wconf 84' lang='lat' dir='ltr'><strong>In</strong></span> <span class='ocrx_word' id='word_1_65' title='bbox 225 1220 294 1269; x_wconf 84' lang='lat' dir='ltr'><strong>ssepe</strong></span> <span class='ocrx_word' id='word_1_66' title='bbox 314 1220 358 1269; x_wconf 86' lang='lat' dir='ltr'><strong>per</strong></span> <span class='ocrx_word' id='word_1_67' title='bbox 383 1205 533 1270; x_wconf 76' lang='lat' dir='ltr'>periphrasin</span> <span class='ocrx_word' id='word_1_68' title='bbox 554 1206 718 1271; x_wconf 82' lang='lat' dir='ltr'><strong>explicandum</strong></span> 
     </span>
     <span class='ocr_line' id='line_1_17' title="bbox 202 1283 259 1330; baseline 0 0"><span class='ocrx_word' id='word_1_69' title='bbox 202 1283 259 1330; x_wconf 92' lang='grc'><strong>204.</strong></span> 
     </span>
    </p>
   </div>
   <div class='ocr_carea' id='block_1_8' title="bbox 169 1361 719 1427">
    <p class='ocr_par' dir='ltr' id='par_1_8' title="bbox 169 1361 719 1427">
     <span class='ocr_line' id='line_1_18' title="bbox 169 1361 719 1427; baseline 0.002 -17"><span class='ocrx_word' id='word_1_70' title='bbox 169 1364 205 1410; x_wconf 83' lang='lat' dir='ltr'><strong>In</strong></span> <span class='ocrx_word' id='word_1_71' title='bbox 221 1376 291 1424; x_wconf 81' lang='lat' dir='ltr'><strong>saepe</strong></span> <span class='ocrx_word' id='word_1_72' title='bbox 307 1377 335 1411; x_wconf 86' lang='lat' dir='ltr'><strong>ex</strong></span> <span class='ocrx_word' id='word_1_73' title='bbox 353 1378 418 1427; x_wconf 91' lang='lat' dir='ltr'><strong>seqq.</strong></span> <span class='ocrx_word' id='word_1_74' title='bbox 436 1363 461 1411; x_wconf 90' lang='lat' dir='ltr'><strong>iu</strong></span> <span class='ocrx_word' id='word_1_75' title='bbox 479 1363 553 1427; x_wconf 85' lang='lat' dir='ltr'><strong>priori</strong></span> <span class='ocrx_word' id='word_1_76' title='bbox 571 1361 719 1412; x_wconf 76' lang='lat' dir='ltr'><strong>substantivo</strong></span> 
     </span>
    </p>
   </div>
   <div class='ocr_carea' id='block_1_9' title="bbox 170 1439 727 4337">
    <p class='ocr_par' dir='ltr' id='par_1_9' title="bbox 203 1439 491 1504">
     <span class='ocr_line' id='line_1_19' title="bbox 203 1439 491 1504; baseline 0.01 -17"><span class='ocrx_word' id='word_1_77' title='bbox 203 1439 383 1504; x_wconf 84' lang='lat' dir='ltr'><strong>intelligendum</strong></span> <span class='ocrx_word' id='word_1_78' title='bbox 400 1445 491 1500; x_wconf 66' lang='grc'><strong>1444.</strong></span> 
     </span>
    </p>

    <p class='ocr_par' dir='ltr' id='par_1_10' title="bbox 172 1519 481 1578">
     <span class='ocr_line' id='line_1_20' title="bbox 172 1519 481 1578; baseline 0.01 -11"><span class='ocrx_word' id='word_1_79' title='bbox 172 1521 208 1568; x_wconf 79' lang='lat' dir='ltr'><strong>In</strong></span> <span class='ocrx_word' id='word_1_80' title='bbox 225 1535 305 1568; x_wconf 82' lang='lat' dir='ltr'><strong>auras</strong></span> <span class='ocrx_word' id='word_1_81' title='bbox 321 1522 391 1570; x_wconf 81' lang='lat' dir='ltr'><strong>abire</strong></span> <span class='ocrx_word' id='word_1_82' title='bbox 407 1521 446 1578; x_wconf 92' lang='grc'><strong>89,</strong></span> <span class='ocrx_word' id='word_1_83' title='bbox 458 1519 481 1570; x_wconf 88' lang='lat' dir='ltr'><strong>b.</strong></span> 
     </span>
    </p>

    <p class='ocr_par' dir='ltr' id='par_1_11' title="bbox 170 1597 453 1656">
     <span class='ocr_line' id='line_1_21' title="bbox 170 1597 453 1656; baseline 0 -9"><span class='ocrx_word' id='word_1_84' title='bbox 170 1601 206 1647; x_wconf 84' lang='lat' dir='ltr'><strong>In</strong></span> <span class='ocrx_word' id='word_1_85' title='bbox 223 1599 279 1656; x_wconf 81' lang='lat' dir='ltr'><strong>boe,</strong></span> <span class='ocrx_word' id='word_1_86' title='bbox 296 1597 348 1646; x_wconf 91' lang='lat' dir='ltr'><strong>ideo</strong></span> <span class='ocrx_word' id='word_1_87' title='bbox 365 1599 422 1656; x_wconf 86' lang='grc'><strong>383,</strong></span> <span class='ocrx_word' id='word_1_88' title='bbox 432 1615 453 1647; x_wconf 86' lang='lat' dir='ltr'><strong>a.</strong></span> 
     </span>
    </p>

    <p class='ocr_par' dir='ltr' id='par_1_12' title="bbox 171 1677 610 1730">
     <span class='ocr_line' id='line_1_22' title="bbox 171 1677 610 1730; baseline 0.005 -4"><span class='ocrx_word' id='word_1_89' title='bbox 171 1680 207 1726; x_wconf 84' lang='lat' dir='ltr'><strong>In</strong></span> <span class='ocrx_word' id='word_1_90' title='bbox 224 1679 339 1726; x_wconf 77' lang='lat' dir='ltr'><strong>honorem</strong></span> <span class='ocrx_word' id='word_1_91' title='bbox 356 1677 454 1726; x_wconf 83' lang='lat' dir='ltr'><strong>alicuius</strong></span> <span class='ocrx_word' id='word_1_92' title='bbox 472 1681 553 1730; x_wconf 80' lang='lat' dir='ltr'><strong>dicere</strong></span> <span class='ocrx_word' id='word_1_93' title='bbox 570 1681 610 1729; x_wconf 85' lang='grc'><strong>34.</strong></span> 
     </span>
    </p>

    <p class='ocr_par' dir='ltr' id='par_1_13' title="bbox 173 1759 719 1896">
     <span class='ocr_line' id='line_1_23' title="bbox 173 1759 719 1824; baseline 0.007 -20"><span class='ocrx_word' id='word_1_94' title='bbox 173 1759 208 1805; x_wconf 82' lang='lat' dir='ltr'><strong>In</strong></span> <span class='ocrx_word' id='word_1_95' title='bbox 225 1759 349 1819; x_wconf 76' lang='lat' dir='ltr'><strong>suparibus</strong></span> <span class='ocrx_word' id='word_1_96' title='bbox 374 1763 399 1806; x_wconf 86' lang='lat' dir='ltr'><strong>et</strong></span> <span class='ocrx_word' id='word_1_97' title='bbox 416 1759 485 1807; x_wconf 69' lang='lat' dir='ltr'><strong>neele</strong></span> <span class='ocrx_word' id='word_1_98' title='bbox 502 1761 591 1817; x_wconf 76' lang='grc'><strong>140414,</strong></span> <span class='ocrx_word' id='word_1_99' title='bbox 616 1775 673 1824; x_wconf 86' lang='lat' dir='ltr'><strong>pro:</strong></span> <span class='ocrx_word' id='word_1_100' title='bbox 694 1760 719 1808; x_wconf 91' lang='lat' dir='ltr'><strong>in</strong></span> 
     </span>
     <span class='ocr_line' id='line_1_24' title="bbox 203 1835 621 1896; baseline 0.014 -14"><span class='ocrx_word' id='word_1_101' title='bbox 203 1836 281 1883; x_wconf 76' lang='lat' dir='ltr'><strong>forma</strong></span> <span class='ocrx_word' id='word_1_102' title='bbox 297 1835 385 1894; x_wconf 89' lang='lat' dir='ltr'><strong>leonis,</strong></span> <span class='ocrx_word' id='word_1_103' title='bbox 403 1837 428 1885; x_wconf 91' lang='lat' dir='ltr'><strong>in</strong></span> <span class='ocrx_word' id='word_1_104' title='bbox 445 1835 513 1885; x_wconf 87' lang='lat' dir='ltr'><strong>leone</strong></span> <span class='ocrx_word' id='word_1_105' title='bbox 531 1841 587 1896; x_wconf 85' lang='grc'><strong>174,</strong></span> <span class='ocrx_word' id='word_1_106' title='bbox 597 1837 621 1888; x_wconf 89' lang='grc'><strong>5.</strong></span> 
     </span>
    </p>

    <p class='ocr_par' dir='ltr' id='par_1_14' title="bbox 173 1917 462 1967">
     <span class='ocr_line' id='line_1_25' title="bbox 173 1917 462 1967; baseline -0.003 -2"><span class='ocrx_word' id='word_1_107' title='bbox 173 1919 268 1966; x_wconf 75' lang='lat' dir='ltr'><strong>Inane</strong></span> <span class='ocrx_word' id='word_1_108' title='bbox 284 1918 391 1965; x_wconf 81' lang='lat' dir='ltr'><strong>naeniae</strong></span> <span class='ocrx_word' id='word_1_109' title='bbox 408 1917 462 1967; x_wconf 92' lang='grc'><strong>179.</strong></span> 
     </span>
    </p>

    <p class='ocr_par' dir='ltr' id='par_1_15' title="bbox 173 1996 405 2053">
     <span class='ocr_line' id='line_1_26' title="bbox 173 1996 405 2053; baseline -0.004 -7"><span class='ocrx_word' id='word_1_110' title='bbox 173 1998 297 2046; x_wconf 69' lang='lat' dir='ltr'><strong>lucader</strong></span> <span class='ocrx_word' id='word_1_111' title='bbox 313 1996 370 2053; x_wconf 88' lang='grc'><strong>243,</strong></span> <span class='ocrx_word' id='word_1_112' title='bbox 383 2012 405 2045; x_wconf 85' lang='grc'><strong>0.</strong></span> 
     </span>
    </p>

    <p class='ocr_par' dir='ltr' id='par_1_16' title="bbox 172 2075 519 2135">
     <span class='ocr_line' id='line_1_27' title="bbox 172 2075 519 2135; baseline 0.006 -11"><span class='ocrx_word' id='word_1_113' title='bbox 172 2078 329 2126; x_wconf 81' lang='lat' dir='ltr'><strong>Inculescere</strong></span> <span class='ocrx_word' id='word_1_114' title='bbox 344 2091 411 2125; x_wconf 89' lang='lat' dir='ltr'><strong>mero</strong></span> <span class='ocrx_word' id='word_1_115' title='bbox 428 2075 484 2135; x_wconf 87' lang='grc'><strong>245,</strong></span> <span class='ocrx_word' id='word_1_116' title='bbox 497 2094 519 2126; x_wconf 85' lang='grc'><strong>4.</strong></span> 
     </span>
    </p>

    <p class='ocr_par' dir='ltr' id='par_1_17' title="bbox 172 2154 631 2219">
     <span class='ocr_line' id='line_1_28' title="bbox 172 2154 631 2219; baseline 0.002 -14"><span class='ocrx_word' id='word_1_117' title='bbox 172 2155 267 2205; x_wconf 81' lang='lat' dir='ltr'>Incolae</span> <span class='ocrx_word' id='word_1_118' title='bbox 283 2154 368 2219; x_wconf 91' lang='lat' dir='ltr'><strong>templi</strong></span> <span class='ocrx_word' id='word_1_119' title='bbox 384 2159 408 2205; x_wconf 89' lang='grc'><strong>41</strong></span> <span class='ocrx_word' id='word_1_120' title='bbox 424 2157 511 2206; x_wconf 88' lang='lat' dir='ltr'><strong>mentis</strong></span> <span class='ocrx_word' id='word_1_121' title='bbox 528 2159 572 2207; x_wconf 90' lang='lat' dir='ltr'><strong>Dei</strong></span> <span class='ocrx_word' id='word_1_122' title='bbox 591 2159 631 2207; x_wconf 88' lang='grc'><strong>64.</strong></span> 
     </span>
    </p>

    <p class='ocr_par' dir='ltr' id='par_1_18' title="bbox 173 2236 617 2300">
     <span class='ocr_line' id='line_1_29' title="bbox 173 2236 617 2300; baseline 0 -15"><span class='ocrx_word' id='word_1_123' title='bbox 173 2237 303 2298; x_wconf 71' lang='lat' dir='ltr'><strong>Inrumpit</strong></span> <span class='ocrx_word' id='word_1_124' title='bbox 319 2249 349 2282; x_wconf 87' lang='lat' dir='ltr'><strong>an</strong></span> <span class='ocrx_word' id='word_1_125' title='bbox 366 2237 463 2285; x_wconf 78' lang='lat' dir='ltr'><strong>intonsi</strong></span> <span class='ocrx_word' id='word_1_126' title='bbox 479 2236 560 2300; x_wconf 82' lang='lat' dir='ltr'><strong>capilli</strong></span> <span class='ocrx_word' id='word_1_127' title='bbox 578 2239 617 2286; x_wconf 90' lang='grc'><strong>50.</strong></span> 
     </span>
    </p>

    <p class='ocr_par' dir='ltr' id='par_1_19' title="bbox 173 2312 563 2373">
     <span class='ocr_line' id='line_1_30' title="bbox 173 2312 563 2373; baseline -0.003 -8"><span class='ocrx_word' id='word_1_128' title='bbox 173 2318 321 2366; x_wconf 80' lang='lat' dir='ltr'><strong>Incurnbere</strong></span> <span class='ocrx_word' id='word_1_129' title='bbox 338 2313 366 2361; x_wconf 91' lang='lat' dir='ltr'><strong>de</strong></span> <span class='ocrx_word' id='word_1_130' title='bbox 382 2312 471 2362; x_wconf 89' lang='lat' dir='ltr'><strong>morbis</strong></span> <span class='ocrx_word' id='word_1_131' title='bbox 488 2315 528 2373; x_wconf 89' lang='grc'><strong>20,</strong></span> <span class='ocrx_word' id='word_1_132' title='bbox 539 2313 563 2364; x_wconf 89' lang='lat' dir='ltr'><strong>b.</strong></span> 
     </span>
    </p>

    <p class='ocr_par' dir='ltr' id='par_1_20' title="bbox 173 2392 722 2456">
     <span class='ocr_line' id='line_1_31' title="bbox 173 2392 722 2456; baseline -0.002 -14"><span class='ocrx_word' id='word_1_133' title='bbox 173 2395 297 2443; x_wconf 73' lang='grc'><strong>1141041144</strong></span> <span class='ocrx_word' id='word_1_134' title='bbox 309 2394 371 2441; x_wconf 85' lang='grc'><strong>10114</strong></span> <span class='ocrx_word' id='word_1_135' title='bbox 380 2392 476 2456; x_wconf 81' lang='lat' dir='ltr'><strong>iugum,</strong></span> <span class='ocrx_word' id='word_1_136' title='bbox 488 2393 622 2452; x_wconf 73' lang='grc' dir='ltr'><strong><em>ἀδίδακτος</em></strong></span> <span class='ocrx_word' id='word_1_137' title='bbox 631 2395 688 2452; x_wconf 86' lang='grc'><strong>134,</strong></span> <span class='ocrx_word' id='word_1_138' title='bbox 697 2393 722 2442; x_wconf 89' lang='lat' dir='ltr'><strong>b.</strong></span> 
     </span>
    </p>

    <p class='ocr_par' dir='ltr' id='par_1_21' title="bbox 174 2470 515 2536">
     <span class='ocr_line' id='line_1_32' title="bbox 174 2470 515 2536; baseline 0.009 -17"><span class='ocrx_word' id='word_1_139' title='bbox 174 2471 289 2536; x_wconf 70' lang='lat' dir='ltr'><strong>Infamia</strong></span> <span class='ocrx_word' id='word_1_140' title='bbox 305 2470 383 2534; x_wconf 87' lang='lat' dir='ltr'><strong>aliqua</strong></span> <span class='ocrx_word' id='word_1_141' title='bbox 400 2487 426 2520; x_wconf 92' lang='lat' dir='ltr'><strong>re</strong></span> <span class='ocrx_word' id='word_1_142' title='bbox 444 2472 483 2530; x_wconf 88' lang='grc'><strong>18,</strong></span> <span class='ocrx_word' id='word_1_143' title='bbox 493 2489 515 2522; x_wconf 89' lang='lat' dir='ltr'><strong>a.</strong></span> 
     </span>
    </p>

    <p class='ocr_par' dir='ltr' id='par_1_22' title="bbox 174 2551 485 2616">
     <span class='ocr_line' id='line_1_33' title="bbox 174 2551 485 2616; baseline -0.003 -16"><span class='ocrx_word' id='word_1_144' title='bbox 174 2551 290 2615; x_wconf 74' lang='lat' dir='ltr'><strong>Inferias</strong></span> <span class='ocrx_word' id='word_1_145' title='bbox 300 2551 375 2616; x_wconf 84' lang='lat' dir='ltr'><strong>serre</strong></span> <span class='ocrx_word' id='word_1_146' title='bbox 392 2551 448 2609; x_wconf 90' lang='grc'><strong>121,</strong></span> <span class='ocrx_word' id='word_1_147' title='bbox 462 2551 485 2599; x_wconf 94' lang='lat' dir='ltr'><strong>b.</strong></span> 
     </span>
    </p>

    <p class='ocr_par' dir='ltr' id='par_1_23' title="bbox 175 2628 724 2773">
     <span class='ocr_line' id='line_1_34' title="bbox 175 2628 724 2694; baseline 0.002 -17"><span class='ocrx_word' id='word_1_148' title='bbox 175 2629 354 2678; x_wconf 84' lang='lat' dir='ltr'><strong>Infinitiros</strong></span> <span class='ocrx_word' id='word_1_149' title='bbox 379 2628 522 2678; x_wconf 78' lang='lat' dir='ltr'><strong>substantive</strong></span> <span class='ocrx_word' id='word_1_150' title='bbox 538 2628 626 2694; x_wconf 88' lang='lat' dir='ltr'><strong>positos</strong></span> <span class='ocrx_word' id='word_1_151' title='bbox 643 2632 724 2678; x_wconf 82' lang='lat' dir='ltr'><strong>emunt</strong></span> 
     </span>
     <span class='ocr_line' id='line_1_35' title="bbox 206 2707 566 2773; baseline 0 -17"><span class='ocrx_word' id='word_1_152' title='bbox 206 2713 291 2773; x_wconf 74' lang='lat' dir='ltr'><strong>poetae</strong></span> <span class='ocrx_word' id='word_1_153' title='bbox 307 2713 331 2757; x_wconf 89' lang='lat' dir='ltr'><strong>et</strong></span> <span class='ocrx_word' id='word_1_154' title='bbox 348 2707 456 2757; x_wconf 83' lang='lat' dir='ltr'><strong>historici</strong></span> <span class='ocrx_word' id='word_1_155' title='bbox 473 2709 530 2767; x_wconf 90' lang='grc'><strong>250,</strong></span> <span class='ocrx_word' id='word_1_156' title='bbox 542 2707 566 2756; x_wconf 92' lang='lat' dir='ltr'><strong>b.</strong></span> 
     </span>
    </p>

    <p class='ocr_par' dir='ltr' id='par_1_24' title="bbox 175 2786 631 2851">
     <span class='ocr_line' id='line_1_36' title="bbox 175 2786 631 2851; baseline 0 -14"><span class='ocrx_word' id='word_1_157' title='bbox 175 2791 300 2851; x_wconf 76' lang='lat' dir='ltr'><strong>Iuprctae</strong></span> <span class='ocrx_word' id='word_1_158' title='bbox 316 2803 371 2843; x_wconf 86' lang='lat' dir='ltr'><strong>rer,</strong></span> <span class='ocrx_word' id='word_1_159' title='bbox 385 2801 423 2835; x_wconf 88' lang='grc'><strong>144</strong></span> <span class='ocrx_word' id='word_1_160' title='bbox 441 2786 523 2836; x_wconf 90' lang='lat' dir='ltr'><strong>irritae</strong></span> <span class='ocrx_word' id='word_1_161' title='bbox 541 2789 598 2847; x_wconf 92' lang='grc'><strong>362,</strong></span> <span class='ocrx_word' id='word_1_162' title='bbox 609 2805 631 2837; x_wconf 89' lang='lat' dir='ltr'><strong>a.</strong></span> 
     </span>
    </p>

    <p class='ocr_par' dir='ltr' id='par_1_25' title="bbox 177 2866 653 2924">
     <span class='ocr_line' id='line_1_37' title="bbox 177 2866 653 2924; baseline 0.004 -10"><span class='ocrx_word' id='word_1_163' title='bbox 177 2867 333 2914; x_wconf 81' lang='lat' dir='ltr'><strong>Inhumutus</strong></span> <span class='ocrx_word' id='word_1_164' title='bbox 350 2868 373 2912; x_wconf 89' lang='grc'><strong>41</strong></span> <span class='ocrx_word' id='word_1_165' title='bbox 389 2867 562 2915; x_wconf 80' lang='lat' dir='ltr'><strong>tntumulutus</strong></span> <span class='ocrx_word' id='word_1_166' title='bbox 579 2866 619 2924; x_wconf 91' lang='grc'><strong>91,</strong></span> <span class='ocrx_word' id='word_1_167' title='bbox 632 2883 653 2916; x_wconf 85' lang='lat' dir='ltr'><strong>a.</strong></span> 
     </span>
    </p>

    <p class='ocr_par' dir='ltr' id='par_1_26' title="bbox 176 2944 626 3007">
     <span class='ocr_line' id='line_1_38' title="bbox 176 2944 626 3007; baseline 0.004 -17"><span class='ocrx_word' id='word_1_168' title='bbox 176 2944 307 2993; x_wconf 83' lang='lat' dir='ltr'><strong>Intaetum</strong></span> <span class='ocrx_word' id='word_1_169' title='bbox 326 2945 425 3007; x_wconf 78' lang='lat' dir='ltr'><strong>aliquid</strong></span> <span class='ocrx_word' id='word_1_170' title='bbox 441 2944 553 3006; x_wconf 79' lang='lat' dir='ltr'><strong>linquere</strong></span> <span class='ocrx_word' id='word_1_171' title='bbox 570 2944 626 2992; x_wconf 88' lang='grc'><strong>109.</strong></span> 
     </span>
    </p>

    <p class='ocr_par' dir='ltr' id='par_1_27' title="bbox 176 3021 698 3080">
     <span class='ocr_line' id='line_1_39' title="bbox 176 3021 698 3080; baseline -0.004 -7"><span class='ocrx_word' id='word_1_172' title='bbox 176 3024 353 3073; x_wconf 79' lang='lat' dir='ltr'><strong>Intamirsctus</strong></span> <span class='ocrx_word' id='word_1_173' title='bbox 370 3024 394 3068; x_wconf 92' lang='lat' dir='ltr'><strong>et</strong></span> <span class='ocrx_word' id='word_1_174' title='bbox 410 3022 591 3072; x_wconf 82' lang='lat' dir='ltr'><strong>interminatus</strong></span> <span class='ocrx_word' id='word_1_175' title='bbox 608 3023 664 3080; x_wconf 86' lang='grc'><strong>185,</strong></span> <span class='ocrx_word' id='word_1_176' title='bbox 674 3021 698 3071; x_wconf 93' lang='grc'><strong>5.</strong></span> 
     </span>
    </p>

    <p class='ocr_par' dir='ltr' id='par_1_28' title="bbox 177 3097 524 3166">
     <span class='ocr_line' id='line_1_40' title="bbox 177 3097 524 3166; baseline -0.02 -13"><span class='ocrx_word' id='word_1_177' title='bbox 177 3106 253 3153; x_wconf 80' lang='lat' dir='ltr'><strong>Inter</strong></span> <span class='ocrx_word' id='word_1_178' title='bbox 269 3117 325 3166; x_wconf 84' lang='lat' dir='ltr'><strong>opes</strong></span> <span class='ocrx_word' id='word_1_179' title='bbox 342 3104 416 3164; x_wconf 79' lang='lat' dir='ltr'><strong>inops</strong></span> <span class='ocrx_word' id='word_1_180' title='bbox 432 3099 489 3158; x_wconf 88' lang='grc'><strong>234,</strong></span> <span class='ocrx_word' id='word_1_181' title='bbox 501 3097 524 3147; x_wconf 91' lang='lat' dir='ltr'><strong>b.</strong></span> 
     </span>
    </p>

    <p class='ocr_par' dir='ltr' id='par_1_29' title="bbox 177 3180 409 3237">
     <span class='ocr_line' id='line_1_41' title="bbox 177 3180 409 3237; baseline -0.026 -6"><span class='ocrx_word' id='word_1_182' title='bbox 177 3185 302 3231; x_wconf 82' lang='lat' dir='ltr'><strong>Intoneta</strong></span> <span class='ocrx_word' id='word_1_183' title='bbox 319 3180 375 3237; x_wconf 91' lang='grc'><strong>338,</strong></span> <span class='ocrx_word' id='word_1_184' title='bbox 387 3195 409 3226; x_wconf 89' lang='lat' dir='ltr'><strong>a.</strong></span> 
     </span>
    </p>

    <p class='ocr_par' dir='ltr' id='par_1_30' title="bbox 178 3255 656 3315">
     <span class='ocr_line' id='line_1_42' title="bbox 178 3255 656 3315; baseline -0.013 -5"><span class='ocrx_word' id='word_1_185' title='bbox 178 3264 290 3312; x_wconf 78' lang='lat' dir='ltr'><strong>Invicem</strong></span> <span class='ocrx_word' id='word_1_186' title='bbox 306 3274 336 3307; x_wconf 86' lang='lat' dir='ltr'><strong>an</strong></span> <span class='ocrx_word' id='word_1_187' title='bbox 352 3261 380 3307; x_wconf 79' lang='lat' dir='ltr'><strong>tn</strong></span> <span class='ocrx_word' id='word_1_188' title='bbox 397 3260 462 3308; x_wconf 82' lang='lat' dir='ltr'><strong>otees</strong></span> <span class='ocrx_word' id='word_1_189' title='bbox 479 3256 536 3315; x_wconf 93' lang='grc'><strong>267,</strong></span> <span class='ocrx_word' id='word_1_190' title='bbox 546 3255 569 3304; x_wconf 91' lang='grc'><strong>5.</strong></span> <span class='ocrx_word' id='word_1_191' title='bbox 654 3276 656 3278; x_wconf 91' lang='grc'><strong><em>·</em></strong></span> 
     </span>
    </p>

    <p class='ocr_par' dir='ltr' id='par_1_31' title="bbox 177 3332 610 3395">
     <span class='ocr_line' id='line_1_43' title="bbox 177 3332 610 3395; baseline -0.016 -5"><span class='ocrx_word' id='word_1_192' title='bbox 177 3343 307 3395; x_wconf 77' lang='lat' dir='ltr'><strong>Invidere,</strong></span> <span class='ocrx_word' id='word_1_193' title='bbox 325 3352 374 3386; x_wconf 79' lang='lat' dir='ltr'><strong>mors</strong></span> <span class='ocrx_word' id='word_1_194' title='bbox 390 3337 501 3384; x_wconf 76' lang='grc'><strong>1440101414</strong></span> <span class='ocrx_word' id='word_1_195' title='bbox 517 3334 575 3393; x_wconf 91' lang='grc'><strong>136,</strong></span> <span class='ocrx_word' id='word_1_196' title='bbox 587 3332 610 3383; x_wconf 92' lang='lat' dir='ltr'><strong>b.</strong></span> 
     </span>
    </p>

    <p class='ocr_par' dir='ltr' id='par_1_32' title="bbox 178 3415 473 3480">
     <span class='ocr_line' id='line_1_44' title="bbox 178 3415 473 3480; baseline -0.031 -11"><span class='ocrx_word' id='word_1_197' title='bbox 178 3423 267 3470; x_wconf 87' lang='lat' dir='ltr'><strong>Iocosa</strong></span> <span class='ocrx_word' id='word_1_198' title='bbox 281 3418 369 3480; x_wconf 76' lang='lat' dir='ltr'><strong>puella</strong></span> <span class='ocrx_word' id='word_1_199' title='bbox 386 3415 442 3471; x_wconf 87' lang='grc'><strong>341,</strong></span> <span class='ocrx_word' id='word_1_200' title='bbox 453 3429 473 3461; x_wconf 80' lang='lat' dir='ltr'><strong>a.</strong></span> 
     </span>
    </p>

    <p class='ocr_par' dir='ltr' id='par_1_33' title="bbox 178 3493 378 3552">
     <span class='ocr_line' id='line_1_45' title="bbox 178 3493 378 3552; baseline -0.03 -5"><span class='ocrx_word' id='word_1_201' title='bbox 178 3500 269 3549; x_wconf 79' lang='lat' dir='ltr'><strong>Ionius</strong></span> <span class='ocrx_word' id='word_1_202' title='bbox 285 3496 342 3552; x_wconf 85' lang='grc'><strong>359,</strong></span> <span class='ocrx_word' id='word_1_203' title='bbox 354 3493 378 3542; x_wconf 94' lang='grc'><strong>5.</strong></span> 
     </span>
    </p>

    <p class='ocr_par' dir='ltr' id='par_1_34' title="bbox 178 3570 709 3630">
     <span class='ocr_line' id='line_1_46' title="bbox 178 3570 709 3630; baseline -0.008 -5"><span class='ocrx_word' id='word_1_204' title='bbox 178 3575 243 3624; x_wconf 83' lang='grc'><strong>10114</strong></span> <span class='ocrx_word' id='word_1_205' title='bbox 260 3574 339 3623; x_wconf 85' lang='grc'><strong>140644</strong></span> <span class='ocrx_word' id='word_1_206' title='bbox 355 3572 380 3621; x_wconf 90' lang='lat' dir='ltr'><strong>in</strong></span> <span class='ocrx_word' id='word_1_207' title='bbox 402 3570 516 3620; x_wconf 89' lang='lat' dir='ltr'><strong>conviviis</strong></span> <span class='ocrx_word' id='word_1_208' title='bbox 533 3570 616 3620; x_wconf 82' lang='lat' dir='ltr'><strong>solitae</strong></span> <span class='ocrx_word' id='word_1_209' title='bbox 632 3573 672 3630; x_wconf 90' lang='grc'><strong>45,</strong></span> <span class='ocrx_word' id='word_1_210' title='bbox 685 3571 709 3621; x_wconf 90' lang='lat' dir='ltr'><strong>b.</strong></span> 
     </span>
    </p>

    <p class='ocr_par' dir='ltr' id='par_1_35' title="bbox 179 3651 433 3718">
     <span class='ocr_line' id='line_1_47' title="bbox 179 3651 433 3718; baseline -0.024 -14"><span class='ocrx_word' id='word_1_211' title='bbox 179 3657 253 3705; x_wconf 76' lang='lat' dir='ltr'><strong>Isetco&#39;</strong></span> <span class='ocrx_word' id='word_1_212' title='bbox 269 3655 326 3718; x_wconf 74' lang='lat' dir='ltr'><strong>cprs‘</strong></span> <span class='ocrx_word' id='word_1_213' title='bbox 343 3651 400 3713; x_wconf 89' lang='grc'><strong>142,</strong></span> <span class='ocrx_word' id='word_1_214' title='bbox 411 3666 433 3698; x_wconf 86' lang='grc'><strong>0.</strong></span> 
     </span>
    </p>

    <p class='ocr_par' dir='ltr' id='par_1_36' title="bbox 179 3728 726 3796">
     <span class='ocr_line' id='line_1_48' title="bbox 179 3728 726 3796; baseline -0.004 -13"><span class='ocrx_word' id='word_1_215' title='bbox 179 3736 276 3790; x_wconf 73' lang='lat' dir='ltr'><strong>Iudex,</strong></span> <span class='ocrx_word' id='word_1_216' title='bbox 286 3746 388 3796; x_wconf 87' lang='lat' dir='ltr'><strong>persona</strong></span> <span class='ocrx_word' id='word_1_217' title='bbox 396 3732 419 3778; x_wconf 91' lang='lat' dir='ltr'><strong>et</strong></span> <span class='ocrx_word' id='word_1_218' title='bbox 428 3728 531 3778; x_wconf 86' lang='lat' dir='ltr'><strong>officium</strong></span> <span class='ocrx_word' id='word_1_219' title='bbox 540 3729 623 3779; x_wconf 91' lang='lat' dir='ltr'><strong>iudicis</strong></span> <span class='ocrx_word' id='word_1_220' title='bbox 634 3731 692 3791; x_wconf 88' lang='grc'><strong>314,</strong></span> <span class='ocrx_word' id='word_1_221' title='bbox 702 3730 726 3781; x_wconf 93' lang='grc'><strong>5.</strong></span> 
     </span>
    </p>

    <p class='ocr_par' dir='ltr' id='par_1_37' title="bbox 179 3807 582 3874">
     <span class='ocr_line' id='line_1_49' title="bbox 179 3807 582 3874; baseline -0.012 -14"><span class='ocrx_word' id='word_1_222' title='bbox 179 3814 273 3874; x_wconf 77' lang='lat' dir='ltr'><strong>lupum</strong></span> <span class='ocrx_word' id='word_1_223' title='bbox 287 3812 389 3873; x_wconf 80' lang='lat' dir='ltr'><strong>puriter</strong></span> <span class='ocrx_word' id='word_1_224' title='bbox 398 3809 474 3874; x_wconf 83' lang='lat' dir='ltr'><strong>serre</strong></span> <span class='ocrx_word' id='word_1_225' title='bbox 489 3810 546 3866; x_wconf 86' lang='grc'><strong>108,</strong></span> <span class='ocrx_word' id='word_1_226' title='bbox 558 3807 582 3856; x_wconf 92' lang='lat' dir='ltr'><strong>b.</strong></span> 
     </span>
    </p>

    <p class='ocr_par' dir='ltr' id='par_1_38' title="bbox 180 3887 448 3946">
     <span class='ocr_line' id='line_1_50' title="bbox 180 3887 448 3946; baseline -0.011 -8"><span class='ocrx_word' id='word_1_227' title='bbox 180 3892 239 3939; x_wconf 79' lang='lat' dir='ltr'><strong>Iule</strong></span> <span class='ocrx_word' id='word_1_228' title='bbox 255 3890 279 3936; x_wconf 89' lang='lat' dir='ltr'><strong>et</strong></span> <span class='ocrx_word' id='word_1_229' title='bbox 296 3891 338 3939; x_wconf 83' lang='lat' dir='ltr'><strong>itte</strong></span> <span class='ocrx_word' id='word_1_230' title='bbox 354 3888 411 3946; x_wconf 88' lang='grc'><strong>279,</strong></span> <span class='ocrx_word' id='word_1_231' title='bbox 425 3887 448 3936; x_wconf 92' lang='lat' dir='ltr'><strong>b.</strong></span> 
     </span>
    </p>

    <p class='ocr_par' dir='ltr' id='par_1_39' title="bbox 179 3967 457 4025">
     <span class='ocr_line' id='line_1_51' title="bbox 179 3967 457 4025; baseline -0.011 -8"><span class='ocrx_word' id='word_1_232' title='bbox 179 3970 280 4017; x_wconf 80' lang='lat' dir='ltr'><strong>Iulium</strong></span> <span class='ocrx_word' id='word_1_233' title='bbox 296 3969 365 4016; x_wconf 81' lang='lat' dir='ltr'><strong>sidus</strong></span> <span class='ocrx_word' id='word_1_234' title='bbox 383 3967 421 4025; x_wconf 85' lang='lat'><strong>52,</strong></span> <span class='ocrx_word' id='word_1_235' title='bbox 434 3967 457 4015; x_wconf 93' lang='lat' dir='ltr'><strong>b.</strong></span> 
     </span>
    </p>

    <p class='ocr_par' dir='ltr' id='par_1_40' title="bbox 182 4042 715 4109">
     <span class='ocr_line' id='line_1_52' title="bbox 182 4042 715 4109; baseline -0.002 -16"><span class='ocrx_word' id='word_1_236' title='bbox 182 4047 269 4102; x_wconf 83' lang='grc'><strong>10144,</strong></span> <span class='ocrx_word' id='word_1_237' title='bbox 288 4047 377 4094; x_wconf 77' lang='lat' dir='ltr'><strong>Iuleas</strong></span> <span class='ocrx_word' id='word_1_238' title='bbox 394 4042 469 4105; x_wconf 81' lang='lat' dir='ltr'><strong>gentis</strong></span> <span class='ocrx_word' id='word_1_239' title='bbox 486 4046 607 4109; x_wconf 81' lang='lat' dir='ltr'><strong>Augustas</strong></span> <span class='ocrx_word' id='word_1_240' title='bbox 625 4044 680 4102; x_wconf 86' lang='grc'><strong>279,</strong></span> <span class='ocrx_word' id='word_1_241' title='bbox 694 4061 715 4092; x_wconf 73' lang='lat' dir='ltr'><strong>a.</strong></span> 
     </span>
    </p>

    <p class='ocr_par' dir='ltr' id='par_1_41' title="bbox 181 4122 726 4186">
     <span class='ocr_line' id='line_1_53' title="bbox 181 4122 726 4186; baseline 0 -14"><span class='ocrx_word' id='word_1_242' title='bbox 181 4125 284 4186; x_wconf 79' lang='lat' dir='ltr'><strong>Iupiter</strong></span> <span class='ocrx_word' id='word_1_243' title='bbox 299 4125 397 4180; x_wconf 75' lang='grc'><strong>40144441,</strong></span> <span class='ocrx_word' id='word_1_244' title='bbox 415 4124 473 4180; x_wconf 82' lang='grc' dir='ltr'><strong><em>Ζεὺς</em></strong></span> <span class='ocrx_word' id='word_1_245' title='bbox 490 4122 614 4184; x_wconf 81' lang='grc' dir='ltr'>βουλαῖος</span> <span class='ocrx_word' id='word_1_246' title='bbox 636 4125 692 4182; x_wconf 82' lang='grc'><strong>314,</strong></span> <span class='ocrx_word' id='word_1_247' title='bbox 705 4140 726 4172; x_wconf 83' lang='lat' dir='ltr'><strong>a.</strong></span> 
     </span>
    </p>

    <p class='ocr_par' dir='ltr' id='par_1_42' title="bbox 182 4202 727 4337">
     <span class='ocr_line' id='line_1_54' title="bbox 182 4202 727 4266; baseline 0.004 -17"><span class='ocrx_word' id='word_1_248' title='bbox 182 4204 274 4266; x_wconf 83' lang='lat' dir='ltr'><strong>Iupiter</strong></span> <span class='ocrx_word' id='word_1_249' title='bbox 291 4202 316 4249; x_wconf 90' lang='lat' dir='ltr'><strong>in</strong></span> <span class='ocrx_word' id='word_1_250' title='bbox 334 4203 411 4259; x_wconf 88' lang='lat' dir='ltr'><strong>coelo,</strong></span> <span class='ocrx_word' id='word_1_251' title='bbox 428 4202 539 4250; x_wconf 84' lang='lat' dir='ltr'><strong>Caesares</strong></span> <span class='ocrx_word' id='word_1_252' title='bbox 553 4205 629 4251; x_wconf 85' lang='lat' dir='ltr'><strong>terras</strong></span> <span class='ocrx_word' id='word_1_253' title='bbox 646 4218 727 4266; x_wconf 87' lang='lat' dir='ltr'><strong>regere</strong></span> 
     </span>
     <span class='ocr_line' id='line_1_55' title="bbox 215 4279 461 4337; baseline 0.008 -11"><span class='ocrx_word' id='word_1_254' title='bbox 215 4279 351 4328; x_wconf 77' lang='lat' dir='ltr'><strong>dicebantur</strong></span> <span class='ocrx_word' id='word_1_255' title='bbox 369 4282 425 4337; x_wconf 87' lang='grc'><strong>343,</strong></span> <span class='ocrx_word' id='word_1_256' title='bbox 439 4279 461 4328; x_wconf 91' lang='lat' dir='ltr'><strong>b.</strong></span> 
     </span>
    </p>
   </div>
   <div class='ocr_carea' id='block_1_10' title="bbox 734 806 1134 955">
    <p class='ocr_par' dir='ltr' id='par_1_43' title="bbox 734 806 1134 955">
     <span class='ocr_line' id='line_1_56' title="bbox 734 806 1057 868; baseline -0.009 -7"><span class='ocrx_word' id='word_1_257' title='bbox 734 806 737 861; x_wconf 73' lang='grc'><strong>1</strong></span> <span class='ocrx_word' id='word_1_258' title='bbox 787 811 946 860; x_wconf 81' lang='lat' dir='ltr'><strong>Grammatioi</strong></span> <span class='ocrx_word' id='word_1_259' title='bbox 963 811 1021 868; x_wconf 90' lang='grc'><strong>236,</strong></span> <span class='ocrx_word' id='word_1_260' title='bbox 1033 809 1057 859; x_wconf 93' lang='grc'><strong>5.</strong></span> 
     </span>
     <span class='ocr_line' id='line_1_57' title="bbox 735 887 1134 955; baseline 0.003 -20"><span class='ocrx_word' id='word_1_261' title='bbox 735 902 737 935; x_wconf 88' lang='lat'><strong>:</strong></span> <span class='ocrx_word' id='word_1_262' title='bbox 756 893 862 940; x_wconf 83' lang='lat' dir='ltr'><strong>Iuvenes</strong></span> <span class='ocrx_word' id='word_1_263' title='bbox 878 905 922 953; x_wconf 84' lang='lat' dir='ltr'><strong>pro</strong></span> <span class='ocrx_word' id='word_1_264' title='bbox 941 892 1042 955; x_wconf 83' lang='lat' dir='ltr'><strong>puellae</strong></span> <span class='ocrx_word' id='word_1_265' title='bbox 1057 889 1098 946; x_wconf 91' lang='grc'><strong>22,</strong></span> <span class='ocrx_word' id='word_1_266' title='bbox 1110 887 1134 936; x_wconf 93' lang='grc'><strong>5.</strong></span> 
     </span>
    </p>
   </div>
   <div class='ocr_carea' id='block_1_11' title="bbox 756 1125 1311 1421">
    <p class='ocr_par' dir='ltr' id='par_1_44' title="bbox 756 1125 1078 1183">
     <span class='ocr_line' id='line_1_58' title="bbox 756 1125 1078 1183; baseline -0.012 -7"><span class='ocrx_word' id='word_1_267' title='bbox 756 1128 806 1176; x_wconf 74' lang='lat' dir='ltr'><strong>nat</strong></span> <span class='ocrx_word' id='word_1_268' title='bbox 824 1127 857 1175; x_wconf 84' lang='grc'><strong>46</strong></span> <span class='ocrx_word' id='word_1_269' title='bbox 874 1125 965 1176; x_wconf 73' lang='grc' dir='ltr'>τέκνον</span> <span class='ocrx_word' id='word_1_270' title='bbox 982 1125 1038 1183; x_wconf 86' lang='grc'><strong>233,</strong></span> <span class='ocrx_word' id='word_1_271' title='bbox 1056 1140 1078 1172; x_wconf 87' lang='lat' dir='ltr'><strong>a.</strong></span> 
     </span>
    </p>

    <p class='ocr_par' dir='ltr' id='par_1_45' title="bbox 758 1200 1311 1344">
     <span class='ocr_line' id='line_1_59' title="bbox 758 1200 1311 1269; baseline -0.011 -15"><span class='ocrx_word' id='word_1_272' title='bbox 758 1206 869 1256; x_wconf 88' lang='lat' dir='ltr'><strong>Kalendis</strong></span> <span class='ocrx_word' id='word_1_273' title='bbox 887 1205 1000 1269; x_wconf 77' lang='lat' dir='ltr'><strong>poemiae</strong></span> <span class='ocrx_word' id='word_1_274' title='bbox 1010 1221 1025 1252; x_wconf 90' lang='lat' dir='ltr'><strong>a</strong></span> <span class='ocrx_word' id='word_1_275' title='bbox 1035 1201 1140 1252; x_wconf 86' lang='lat' dir='ltr'><strong>debitore</strong></span> <span class='ocrx_word' id='word_1_276' title='bbox 1152 1200 1311 1265; x_wconf 82' lang='lat' dir='ltr'><strong>reposceban-</strong></span> 
     </span>
     <span class='ocr_line' id='line_1_60' title="bbox 788 1283 937 1344; baseline -0.007 -10"><span class='ocrx_word' id='word_1_277' title='bbox 788 1290 828 1334; x_wconf 86' lang='lat' dir='ltr'><strong>tur</strong></span> <span class='ocrx_word' id='word_1_278' title='bbox 844 1286 901 1344; x_wconf 90' lang='grc'><strong>339,</strong></span> <span class='ocrx_word' id='word_1_279' title='bbox 913 1283 937 1333; x_wconf 95' lang='lat' dir='ltr'><strong>b.</strong></span> 
     </span>
    </p>

    <p class='ocr_par' dir='ltr' id='par_1_46' title="bbox 756 1360 1141 1421">
     <span class='ocr_line' id='line_1_61' title="bbox 756 1360 1141 1421; baseline -0.016 -7"><span class='ocrx_word' id='word_1_280' title='bbox 756 1366 905 1414; x_wconf 67' lang='grc' dir='ltr'>Κόπτεσθαι</span> <span class='ocrx_word' id='word_1_281' title='bbox 920 1362 947 1410; x_wconf 89' lang='lat' dir='ltr'><strong>in</strong></span> <span class='ocrx_word' id='word_1_282' title='bbox 963 1363 1031 1411; x_wconf 86' lang='lat' dir='ltr'><strong>luctu</strong></span> <span class='ocrx_word' id='word_1_283' title='bbox 1048 1363 1106 1421; x_wconf 89' lang='grc'><strong>378,</strong></span> <span class='ocrx_word' id='word_1_284' title='bbox 1116 1360 1141 1409; x_wconf 87' lang='grc'><strong>5.</strong></span> 
     </span>
    </p>
   </div>
   <div class='ocr_carea' id='block_1_12' title="bbox 736 1454 1055 1544">
    <p class='ocr_par' dir='ltr' id='par_1_47' title="bbox 736 1454 1055 1544">
     <span class='ocr_line' id='line_1_62' title="bbox 736 1454 1055 1544; baseline 0.003 -1"><span class='ocrx_word' id='word_1_285' title='bbox 736 1454 740 1543; x_wconf 86' lang='grc'><strong>1</strong></span> <span class='ocrx_word' id='word_1_286' title='bbox 1015 1492 1055 1544; x_wconf 86' lang='lat' dir='ltr'><strong>r..</strong></span> 
     </span>
    </p>
   </div>
   <div class='ocr_carea' id='block_1_13' title="bbox 737 1592 1314 4340">
    <p class='ocr_par' dir='ltr' id='par_1_48' title="bbox 737 1592 1312 2059">
     <span class='ocr_line' id='line_1_63' title="bbox 737 1592 1076 1657; baseline -0.006 -10"><span class='ocrx_word' id='word_1_287' title='bbox 737 1592 839 1650; x_wconf 74' lang='grc'><strong>124544</strong></span> <span class='ocrx_word' id='word_1_288' title='bbox 855 1603 878 1648; x_wconf 86' lang='grc'><strong>41</strong></span> <span class='ocrx_word' id='word_1_289' title='bbox 895 1603 965 1650; x_wconf 83' lang='lat' dir='ltr'><strong>tabes</strong></span> <span class='ocrx_word' id='word_1_290' title='bbox 982 1599 1039 1657; x_wconf 88' lang='lat'>211,</span> <span class='ocrx_word' id='word_1_291' title='bbox 1055 1614 1076 1646; x_wconf 86' lang='lat' dir='ltr'><strong>a.</strong></span> 
     </span>
     <span class='ocr_line' id='line_1_64' title="bbox 737 1660 1265 1735; baseline -0.004 -9"><span class='ocrx_word' id='word_1_292' title='bbox 737 1660 872 1727; x_wconf 66' lang='grc' dir='ltr'><strong>114οῑ4004</strong></span> <span class='ocrx_word' id='word_1_293' title='bbox 890 1677 918 1726; x_wconf 76' lang='lat' dir='ltr'><strong>u</strong></span> <span class='ocrx_word' id='word_1_294' title='bbox 936 1678 1036 1727; x_wconf 65' lang='grc' dir='ltr'><strong>144οο4</strong></span> <span class='ocrx_word' id='word_1_295' title='bbox 1052 1677 1149 1728; x_wconf 69' lang='lat' dir='ltr'><strong>transui</strong></span> <span class='ocrx_word' id='word_1_296' title='bbox 1169 1677 1229 1735; x_wconf 79' lang='grc'><strong>404,</strong></span> <span class='ocrx_word' id='word_1_297' title='bbox 1242 1676 1265 1725; x_wconf 79' lang='lat' dir='ltr'><strong>t.</strong></span> 
     </span>
     <span class='ocr_line' id='line_1_65' title="bbox 737 1742 1244 1814; baseline -0.012 -6"><span class='ocrx_word' id='word_1_298' title='bbox 737 1742 740 1803; x_wconf 75' lang='grc'><strong>1</strong></span> <span class='ocrx_word' id='word_1_299' title='bbox 760 1759 906 1808; x_wconf 83' lang='lat' dir='ltr'><strong>choranctt</strong></span> <span class='ocrx_word' id='word_1_300' title='bbox 920 1757 988 1806; x_wconf 85' lang='lat' dir='ltr'><strong>varis</strong></span> <span class='ocrx_word' id='word_1_301' title='bbox 1003 1755 1149 1806; x_wconf 77' lang='lat' dir='ltr'><strong>constructio</strong></span> <span class='ocrx_word' id='word_1_302' title='bbox 1167 1753 1244 1814; x_wconf 89' lang='grc'><strong>87,5.</strong></span> 
     </span>
     <span class='ocr_line' id='line_1_66' title="bbox 757 1834 1309 1899; baseline -0.007 -14"><span class='ocrx_word' id='word_1_303' title='bbox 757 1839 878 1895; x_wconf 78' lang='lat' dir='ltr'><strong>Labores,</strong></span> <span class='ocrx_word' id='word_1_304' title='bbox 897 1837 986 1899; x_wconf 81' lang='grc' dir='ltr'><strong>πόνοι,</strong></span> <span class='ocrx_word' id='word_1_305' title='bbox 1010 1835 1036 1884; x_wconf 87' lang='lat' dir='ltr'><strong>in</strong></span> <span class='ocrx_word' id='word_1_306' title='bbox 1061 1850 1088 1883; x_wconf 88' lang='lat' dir='ltr'><strong>re</strong></span> <span class='ocrx_word' id='word_1_307' title='bbox 1103 1834 1208 1883; x_wconf 72' lang='lat' dir='ltr'><strong>militari</strong></span> <span class='ocrx_word' id='word_1_308' title='bbox 1225 1834 1280 1893; x_wconf 87' lang='grc'><strong>289,</strong></span> <span class='ocrx_word' id='word_1_309' title='bbox 1290 1851 1309 1881; x_wconf 84' lang='lat' dir='ltr'><strong>e.</strong></span> 
     </span>
     <span class='ocr_line' id='line_1_67' title="bbox 757 1914 1312 1980; baseline -0.009 -16"><span class='ocrx_word' id='word_1_310' title='bbox 757 1917 888 1980; x_wconf 86' lang='lat' dir='ltr'><strong>Lacrymse</strong></span> <span class='ocrx_word' id='word_1_311' title='bbox 903 1932 973 1980; x_wconf 90' lang='lat' dir='ltr'><strong>saepe</strong></span> <span class='ocrx_word' id='word_1_312' title='bbox 989 1914 1091 1965; x_wconf 77' lang='lat' dir='ltr'><strong>orientes</strong></span> <span class='ocrx_word' id='word_1_313' title='bbox 1102 1914 1128 1963; x_wconf 91' lang='lat' dir='ltr'><strong>in</strong></span> <span class='ocrx_word' id='word_1_314' title='bbox 1144 1930 1239 1963; x_wconf 90' lang='lat' dir='ltr'><strong>summo</strong></span> <span class='ocrx_word' id='word_1_315' title='bbox 1249 1919 1312 1961; x_wconf 85' lang='lat' dir='ltr'><strong>metu</strong></span> 
     </span>
     <span class='ocr_line' id='line_1_68' title="bbox 791 1994 1090 2059; baseline -0.013 -15"><span class='ocrx_word' id='word_1_316' title='bbox 791 2011 818 2044; x_wconf 89' lang='lat' dir='ltr'><strong>ac</strong></span> <span class='ocrx_word' id='word_1_317' title='bbox 835 1994 999 2059; x_wconf 81' lang='lat' dir='ltr'><strong>desperatione</strong></span> <span class='ocrx_word' id='word_1_318' title='bbox 1016 1995 1056 2052; x_wconf 90' lang='grc'><strong>17,</strong></span> <span class='ocrx_word' id='word_1_319' title='bbox 1069 2010 1090 2040; x_wconf 92' lang='lat' dir='ltr'><strong>a.</strong></span> 
     </span>
    </p>

    <p class='ocr_par' dir='ltr' id='par_1_49' title="bbox 759 2072 1060 2130">
     <span class='ocr_line' id='line_1_69' title="bbox 759 2072 1060 2130; baseline -0.027 -4"><span class='ocrx_word' id='word_1_320' title='bbox 759 2076 855 2125; x_wconf 70' lang='lat' dir='ltr'><strong>Laeros</strong></span> <span class='ocrx_word' id='word_1_321' title='bbox 872 2072 969 2122; x_wconf 84' lang='lat' dir='ltr'><strong>brachia</strong></span> <span class='ocrx_word' id='word_1_322' title='bbox 987 2073 1026 2130; x_wconf 93' lang='grc'><strong>54,</strong></span> <span class='ocrx_word' id='word_1_323' title='bbox 1037 2087 1060 2119; x_wconf 89' lang='lat' dir='ltr'><strong>a.</strong></span> 
     </span>
    </p>

    <p class='ocr_par' dir='ltr' id='par_1_50' title="bbox 759 2149 1088 2208">
     <span class='ocr_line' id='line_1_70' title="bbox 759 2149 1088 2208; baseline -0.018 -5"><span class='ocrx_word' id='word_1_324' title='bbox 759 2157 872 2204; x_wconf 83' lang='lat' dir='ltr'><strong>Laedere</strong></span> <span class='ocrx_word' id='word_1_325' title='bbox 886 2156 977 2205; x_wconf 83' lang='lat' dir='ltr'><strong>collum</strong></span> <span class='ocrx_word' id='word_1_326' title='bbox 995 2152 1051 2208; x_wconf 87' lang='grc'><strong>265,</strong></span> <span class='ocrx_word' id='word_1_327' title='bbox 1064 2149 1088 2198; x_wconf 88' lang='lat' dir='ltr'><strong>b.</strong></span> 
     </span>
    </p>

    <p class='ocr_par' dir='ltr' id='par_1_51' title="bbox 759 2227 1064 2293">
     <span class='ocr_line' id='line_1_71' title="bbox 759 2227 1064 2293; baseline -0.013 -13"><span class='ocrx_word' id='word_1_328' title='bbox 759 2234 855 2282; x_wconf 82' lang='lat' dir='ltr'><strong>Laetus</strong></span> <span class='ocrx_word' id='word_1_329' title='bbox 872 2234 953 2282; x_wconf 81' lang='lat' dir='ltr'><strong>ontms&#39;</strong></span> <span class='ocrx_word' id='word_1_330' title='bbox 970 2230 1028 2293; x_wconf 89' lang='grc'><strong>164,</strong></span> <span class='ocrx_word' id='word_1_331' title='bbox 1038 2227 1064 2277; x_wconf 89' lang='grc'><strong>5.</strong></span> 
     </span>
    </p>

    <p class='ocr_par' dir='ltr' id='par_1_52' title="bbox 760 2307 1313 2455">
     <span class='ocr_line' id='line_1_72' title="bbox 760 2307 1313 2372; baseline -0.013 -11"><span class='ocrx_word' id='word_1_332' title='bbox 760 2315 871 2372; x_wconf 82' lang='lat' dir='ltr'><strong>Laetus,</strong></span> <span class='ocrx_word' id='word_1_333' title='bbox 896 2327 942 2360; x_wconf 77' lang='lat' dir='ltr'><strong>vox</strong></span> <span class='ocrx_word' id='word_1_334' title='bbox 972 2308 1085 2359; x_wconf 85' lang='lat' dir='ltr'><strong>solemnis</strong></span> <span class='ocrx_word' id='word_1_335' title='bbox 1110 2307 1137 2354; x_wconf 91' lang='lat' dir='ltr'><strong>in</strong></span> <span class='ocrx_word' id='word_1_336' title='bbox 1161 2307 1266 2357; x_wconf 85' lang='lat' dir='ltr'><strong>adventu</strong></span> <span class='ocrx_word' id='word_1_337' title='bbox 1291 2310 1313 2354; x_wconf 89' lang='lat' dir='ltr'><strong>et</strong></span> 
     </span>
     <span class='ocr_line' id='line_1_73' title="bbox 793 2387 1154 2455; baseline -0.022 -15"><span class='ocrx_word' id='word_1_338' title='bbox 793 2390 926 2455; x_wconf 74' lang='lat' dir='ltr'><strong>praesentia</strong></span> <span class='ocrx_word' id='word_1_339' title='bbox 942 2391 1047 2438; x_wconf 86' lang='lat' dir='ltr'><strong>Deorum</strong></span> <span class='ocrx_word' id='word_1_340' title='bbox 1064 2387 1122 2444; x_wconf 89' lang='grc'><strong>238,</strong></span> <span class='ocrx_word' id='word_1_341' title='bbox 1131 2401 1154 2433; x_wconf 88' lang='lat' dir='ltr'><strong>a.</strong></span> 
     </span>
    </p>

    <p class='ocr_par' dir='ltr' id='par_1_53' title="bbox 760 2462 1314 2519">
     <span class='ocr_line' id='line_1_74' title="bbox 760 2462 1314 2519; baseline -0.014 0"><span class='ocrx_word' id='word_1_342' title='bbox 760 2473 882 2519; x_wconf 82' lang='lat' dir='ltr'><strong>Lambere</strong></span> <span class='ocrx_word' id='word_1_343' title='bbox 898 2468 926 2516; x_wconf 88' lang='lat' dir='ltr'><strong>de</strong></span> <span class='ocrx_word' id='word_1_344' title='bbox 947 2465 1087 2516; x_wconf 85' lang='lat' dir='ltr'><strong>fluminibus</strong></span> <span class='ocrx_word' id='word_1_345' title='bbox 1105 2463 1223 2512; x_wconf 73' lang='lat' dir='ltr'><strong>usitatum</strong></span> <span class='ocrx_word' id='word_1_346' title='bbox 1240 2464 1279 2519; x_wconf 85' lang='grc'><strong>77,</strong></span> <span class='ocrx_word' id='word_1_347' title='bbox 1290 2462 1314 2511; x_wconf 92' lang='lat' dir='ltr'><strong>b.</strong></span> 
     </span>
    </p>

    <p class='ocr_par' dir='ltr' id='par_1_54' title="bbox 761 2541 1314 2600">
     <span class='ocr_line' id='line_1_75' title="bbox 761 2541 1314 2600; baseline -0.016 -3"><span class='ocrx_word' id='word_1_348' title='bbox 761 2550 837 2597; x_wconf 85' lang='lat' dir='ltr'><strong>Lana</strong></span> <span class='ocrx_word' id='word_1_349' title='bbox 854 2545 944 2595; x_wconf 85' lang='lat' dir='ltr'><strong>colores</strong></span> <span class='ocrx_word' id='word_1_350' title='bbox 962 2543 1062 2593; x_wconf 89' lang='lat' dir='ltr'><strong>amissos</strong></span> <span class='ocrx_word' id='word_1_351' title='bbox 1072 2557 1122 2591; x_wconf 92' lang='lat' dir='ltr'><strong>non</strong></span> <span class='ocrx_word' id='word_1_352' title='bbox 1130 2543 1207 2590; x_wconf 82' lang='lat' dir='ltr'><strong>refert</strong></span> <span class='ocrx_word' id='word_1_353' title='bbox 1224 2541 1279 2600; x_wconf 88' lang='grc'><strong>297,</strong></span> <span class='ocrx_word' id='word_1_354' title='bbox 1292 2541 1314 2589; x_wconf 89' lang='grc'><strong>5.</strong></span> 
     </span>
    </p>

    <p class='ocr_par' dir='ltr' id='par_1_55' title="bbox 761 2624 1082 2682">
     <span class='ocr_line' id='line_1_76' title="bbox 761 2624 1082 2682; baseline -0.016 -7"><span class='ocrx_word' id='word_1_355' title='bbox 761 2628 856 2675; x_wconf 68' lang='lat' dir='ltr'><strong>Lassus</strong></span> <span class='ocrx_word' id='word_1_356' title='bbox 872 2627 973 2675; x_wconf 81' lang='lat' dir='ltr'><strong>siarum</strong></span> <span class='ocrx_word' id='word_1_357' title='bbox 991 2624 1048 2682; x_wconf 89' lang='grc'><strong>135,</strong></span> <span class='ocrx_word' id='word_1_358' title='bbox 1060 2638 1082 2671; x_wconf 86' lang='lat' dir='ltr'><strong>a.</strong></span> 
     </span>
    </p>

    <p class='ocr_par' dir='ltr' id='par_1_56' title="bbox 762 2703 1045 2770">
     <span class='ocr_line' id='line_1_77' title="bbox 762 2703 1045 2770; baseline -0.007 -17"><span class='ocrx_word' id='word_1_359' title='bbox 762 2708 827 2755; x_wconf 80' lang='lat' dir='ltr'><strong>Luta</strong></span> <span class='ocrx_word' id='word_1_360' title='bbox 836 2706 913 2770; x_wconf 83' lang='lat' dir='ltr'><strong>serre</strong></span> <span class='ocrx_word' id='word_1_361' title='bbox 929 2703 986 2762; x_wconf 90' lang='grc'><strong>277,</strong></span> <span class='ocrx_word' id='word_1_362' title='bbox 998 2718 1021 2751; x_wconf 87' lang='grc'><strong>4.</strong></span> <span class='ocrx_word' id='word_1_363' title='bbox 1042 2732 1045 2737; x_wconf 92' lang='grc'><strong>-</strong></span> 
     </span>
    </p>

    <p class='ocr_par' dir='ltr' id='par_1_57' title="bbox 761 2779 1073 2839">
     <span class='ocr_line' id='line_1_78' title="bbox 761 2779 1073 2839; baseline -0.006 -6"><span class='ocrx_word' id='word_1_364' title='bbox 761 2784 842 2835; x_wconf 79' lang='lat' dir='ltr'><strong>Latoe&#39;</strong></span> <span class='ocrx_word' id='word_1_365' title='bbox 856 2799 885 2831; x_wconf 86' lang='lat' dir='ltr'><strong>an</strong></span> <span class='ocrx_word' id='word_1_366' title='bbox 904 2783 979 2834; x_wconf 71' lang='lat' dir='ltr'><strong>Letoi</strong></span> <span class='ocrx_word' id='word_1_367' title='bbox 996 2782 1037 2839; x_wconf 90' lang='grc'><strong>98,</strong></span> <span class='ocrx_word' id='word_1_368' title='bbox 1049 2779 1073 2831; x_wconf 89' lang='grc'><strong>5.</strong></span> 
     </span>
    </p>

    <p class='ocr_par' dir='ltr' id='par_1_58' title="bbox 761 2859 1214 2917">
     <span class='ocr_line' id='line_1_79' title="bbox 761 2859 1214 2917; baseline -0.009 -7"><span class='ocrx_word' id='word_1_369' title='bbox 761 2863 882 2911; x_wconf 82' lang='lat' dir='ltr'><strong>Latonae</strong></span> <span class='ocrx_word' id='word_1_370' title='bbox 899 2863 956 2910; x_wconf 86' lang='lat' dir='ltr'><strong>Iove</strong></span> <span class='ocrx_word' id='word_1_371' title='bbox 972 2876 1028 2909; x_wconf 87' lang='lat' dir='ltr'><strong>vere</strong></span> <span class='ocrx_word' id='word_1_372' title='bbox 1045 2862 1123 2908; x_wconf 81' lang='lat' dir='ltr'><strong>amata</strong></span> <span class='ocrx_word' id='word_1_373' title='bbox 1141 2859 1180 2917; x_wconf 88' lang='grc'><strong>75,</strong></span> <span class='ocrx_word' id='word_1_374' title='bbox 1191 2875 1214 2907; x_wconf 87' lang='lat' dir='ltr'><strong>a.</strong></span> 
     </span>
    </p>

    <p class='ocr_par' dir='ltr' id='par_1_59' title="bbox 762 2939 1107 3004">
     <span class='ocr_line' id='line_1_80' title="bbox 762 2939 1107 3004; baseline -0.012 -14"><span class='ocrx_word' id='word_1_375' title='bbox 762 2944 873 2991; x_wconf 84' lang='lat' dir='ltr'><strong>Lutrare</strong></span> <span class='ocrx_word' id='word_1_376' title='bbox 888 2943 998 3004; x_wconf 78' lang='lat' dir='ltr'><strong>aliquem</strong></span> <span class='ocrx_word' id='word_1_377' title='bbox 1016 2939 1072 2996; x_wconf 88' lang='grc'><strong>349,</strong></span> <span class='ocrx_word' id='word_1_378' title='bbox 1085 2954 1107 2987; x_wconf 84' lang='lat' dir='ltr'><strong>a.</strong></span> 
     </span>
    </p>

    <p class='ocr_par' dir='ltr' id='par_1_60' title="bbox 762 3015 1176 3076">
     <span class='ocr_line' id='line_1_81' title="bbox 762 3015 1176 3076; baseline -0.012 -7"><span class='ocrx_word' id='word_1_379' title='bbox 762 3022 846 3070; x_wconf 82' lang='lat' dir='ltr'><strong>Latus</strong></span> <span class='ocrx_word' id='word_1_380' title='bbox 862 3017 935 3076; x_wconf 89' lang='lat' dir='ltr'><strong>orbis,</strong></span> <span class='ocrx_word' id='word_1_381' title='bbox 952 3035 983 3067; x_wconf 89' lang='lat' dir='ltr'><strong>an</strong></span> <span class='ocrx_word' id='word_1_382' title='bbox 999 3021 1081 3068; x_wconf 81' lang='grc'><strong>144144</strong></span> <span class='ocrx_word' id='word_1_383' title='bbox 1099 3019 1139 3075; x_wconf 88' lang='grc'><strong>53,</strong></span> <span class='ocrx_word' id='word_1_384' title='bbox 1152 3015 1176 3064; x_wconf 93' lang='grc'><strong>5.</strong></span> 
     </span>
    </p>

    <p class='ocr_par' dir='ltr' id='par_1_61' title="bbox 762 3094 1314 3232">
     <span class='ocr_line' id='line_1_82' title="bbox 762 3094 1314 3160; baseline -0.007 -14"><span class='ocrx_word' id='word_1_385' title='bbox 762 3098 864 3146; x_wconf 81' lang='lat' dir='ltr'><strong>Laudes</strong></span> <span class='ocrx_word' id='word_1_386' title='bbox 880 3110 924 3160; x_wconf 92' lang='lat' dir='ltr'><strong>pro</strong></span> <span class='ocrx_word' id='word_1_387' title='bbox 942 3094 1059 3154; x_wconf 87' lang='lat' dir='ltr'><strong>carmine,</strong></span> <span class='ocrx_word' id='word_1_388' title='bbox 1085 3094 1174 3159; x_wconf 90' lang='lat' dir='ltr'><strong>inquo</strong></span> <span class='ocrx_word' id='word_1_389' title='bbox 1192 3095 1246 3159; x_wconf 89' lang='lat' dir='ltr'><strong>quis</strong></span> <span class='ocrx_word' id='word_1_390' title='bbox 1264 3094 1314 3142; x_wconf 84' lang='lat' dir='ltr'><strong>len-</strong></span> 
     </span>
     <span class='ocr_line' id='line_1_83' title="bbox 794 3173 955 3232; baseline -0.019 -8"><span class='ocrx_word' id='word_1_391' title='bbox 794 3175 864 3224; x_wconf 86' lang='lat' dir='ltr'><strong>datnr</strong></span> <span class='ocrx_word' id='word_1_392' title='bbox 880 3175 921 3232; x_wconf 90' lang='grc'><strong>45,</strong></span> <span class='ocrx_word' id='word_1_393' title='bbox 932 3173 955 3222; x_wconf 95' lang='lat' dir='ltr'><strong>b.</strong></span> 
     </span>
    </p>

    <p class='ocr_par' dir='ltr' id='par_1_62' title="bbox 762 3253 1314 3391">
     <span class='ocr_line' id='line_1_84' title="bbox 762 3253 1314 3317; baseline -0.005 -12"><span class='ocrx_word' id='word_1_394' title='bbox 762 3253 854 3306; x_wconf 84' lang='lat' dir='ltr'><strong>Laudes</strong></span> <span class='ocrx_word' id='word_1_395' title='bbox 883 3257 990 3301; x_wconf 85' lang='lat' dir='ltr'><strong>veteram</strong></span> <span class='ocrx_word' id='word_1_396' title='bbox 1020 3253 1181 3302; x_wconf 83' lang='lat' dir='ltr'><strong>Romanorum</strong></span> <span class='ocrx_word' id='word_1_397' title='bbox 1211 3255 1314 3317; x_wconf 77' lang='lat' dir='ltr'><strong>Iupiter</strong></span> 
     </span>
     <span class='ocr_line' id='line_1_85' title="bbox 794 3330 869 3391; baseline -0.013 -10"><span class='ocrx_word' id='word_1_398' title='bbox 794 3334 834 3391; x_wconf 88' lang='grc'><strong>45,</strong></span> <span class='ocrx_word' id='word_1_399' title='bbox 845 3330 869 3380; x_wconf 93' lang='lat' dir='ltr'><strong>b.</strong></span> 
     </span>
    </p>

    <p class='ocr_par' dir='ltr' id='par_1_63' title="bbox 763 3409 1314 3548">
     <span class='ocr_line' id='line_1_86' title="bbox 763 3409 1314 3475; baseline -0.005 -13"><span class='ocrx_word' id='word_1_400' title='bbox 763 3414 839 3475; x_wconf 73' lang='lat' dir='ltr'><strong>Lepre</strong></span> <span class='ocrx_word' id='word_1_401' title='bbox 855 3413 879 3459; x_wconf 94' lang='lat' dir='ltr'><strong>et</strong></span> <span class='ocrx_word' id='word_1_402' title='bbox 895 3426 974 3461; x_wconf 85' lang='lat' dir='ltr'><strong>mores</strong></span> <span class='ocrx_word' id='word_1_403' title='bbox 994 3426 1063 3474; x_wconf 84' lang='lat' dir='ltr'><strong>saepe</strong></span> <span class='ocrx_word' id='word_1_404' title='bbox 1088 3409 1134 3458; x_wconf 89' lang='lat' dir='ltr'><strong>sibi</strong></span> <span class='ocrx_word' id='word_1_405' title='bbox 1160 3415 1314 3475; x_wconf 89' lang='lat' dir='ltr'><strong>opponuntur</strong></span> 
     </span>
     <span class='ocr_line' id='line_1_87' title="bbox 795 3488 887 3548; baseline 0 -10"><span class='ocrx_word' id='word_1_406' title='bbox 795 3488 851 3548; x_wconf 93' lang='grc'><strong>251,</strong></span> <span class='ocrx_word' id='word_1_407' title='bbox 863 3488 887 3538; x_wconf 92' lang='grc'><strong>5.</strong></span> 
     </span>
    </p>

    <p class='ocr_par' dir='ltr' id='par_1_64' title="bbox 764 3567 1057 3627">
     <span class='ocr_line' id='line_1_88' title="bbox 764 3567 1057 3627; baseline -0.017 -7"><span class='ocrx_word' id='word_1_408' title='bbox 764 3571 841 3620; x_wconf 74' lang='lat' dir='ltr'><strong>Lente</strong></span> <span class='ocrx_word' id='word_1_409' title='bbox 857 3585 887 3617; x_wconf 82' lang='lat' dir='ltr'><strong>en</strong></span> <span class='ocrx_word' id='word_1_410' title='bbox 904 3571 965 3620; x_wconf 79' lang='grc'><strong>14014</strong></span> <span class='ocrx_word' id='word_1_411' title='bbox 981 3568 1022 3627; x_wconf 90' lang='grc'><strong>39,</strong></span> <span class='ocrx_word' id='word_1_412' title='bbox 1033 3567 1057 3616; x_wconf 92' lang='grc'><strong>5.</strong></span> 
     </span>
    </p>

    <p class='ocr_par' dir='ltr' id='par_1_65' title="bbox 764 3645 1281 3709">
     <span class='ocr_line' id='line_1_89' title="bbox 764 3645 1281 3709; baseline -0.008 -11"><span class='ocrx_word' id='word_1_413' title='bbox 764 3651 862 3698; x_wconf 73' lang='lat' dir='ltr'><strong>Lenem</strong></span> <span class='ocrx_word' id='word_1_414' title='bbox 878 3651 948 3698; x_wconf 78' lang='lat' dir='ltr'><strong>risus</strong></span> <span class='ocrx_word' id='word_1_415' title='bbox 964 3650 987 3696; x_wconf 88' lang='lat' dir='ltr'><strong>et</strong></span> <span class='ocrx_word' id='word_1_416' title='bbox 1004 3650 1087 3698; x_wconf 79' lang='grc'><strong>1414144</strong></span> <span class='ocrx_word' id='word_1_417' title='bbox 1103 3648 1173 3695; x_wconf 80' lang='lat' dir='ltr'><strong>tomo</strong></span> <span class='ocrx_word' id='word_1_418' title='bbox 1191 3645 1281 3709; x_wconf 91' lang='grc'><strong>164,5.</strong></span> 
     </span>
    </p>

    <p class='ocr_par' dir='ltr' id='par_1_66' title="bbox 765 3727 1052 3786">
     <span class='ocr_line' id='line_1_90' title="bbox 765 3727 1052 3786; baseline -0.007 -10"><span class='ocrx_word' id='word_1_419' title='bbox 765 3729 841 3777; x_wconf 78' lang='grc'><strong>14044</strong></span> <span class='ocrx_word' id='word_1_420' title='bbox 857 3730 939 3777; x_wconf 79' lang='lat' dir='ltr'><strong>somni</strong></span> <span class='ocrx_word' id='word_1_421' title='bbox 954 3727 1012 3786; x_wconf 91' lang='grc'><strong>163,</strong></span> <span class='ocrx_word' id='word_1_422' title='bbox 1030 3742 1052 3775; x_wconf 86' lang='grc'><strong>4.</strong></span> 
     </span>
    </p>

    <p class='ocr_par' dir='ltr' id='par_1_67' title="bbox 764 3805 1293 3870">
     <span class='ocr_line' id='line_1_91' title="bbox 764 3805 1293 3870; baseline -0.006 -15"><span class='ocrx_word' id='word_1_423' title='bbox 764 3809 818 3856; x_wconf 80' lang='lat' dir='ltr'><strong>Lee·</strong></span> <span class='ocrx_word' id='word_1_424' title='bbox 835 3808 938 3869; x_wconf 70' lang='grc'><strong>4114044</strong></span> <span class='ocrx_word' id='word_1_425' title='bbox 956 3805 984 3854; x_wconf 89' lang='lat' dir='ltr'><strong>de</strong></span> <span class='ocrx_word' id='word_1_426' title='bbox 1000 3820 1075 3870; x_wconf 84' lang='lat' dir='ltr'><strong>regno</strong></span> <span class='ocrx_word' id='word_1_427' title='bbox 1092 3805 1185 3853; x_wconf 83' lang='lat' dir='ltr'><strong>inferno</strong></span> <span class='ocrx_word' id='word_1_428' title='bbox 1205 3805 1293 3863; x_wconf 70' lang='grc'><strong>1721.</strong></span> 
     </span>
    </p>

    <p class='ocr_par' dir='ltr' id='par_1_68' title="bbox 765 3884 1085 3949">
     <span class='ocr_line' id='line_1_92' title="bbox 765 3884 1085 3949; baseline -0.013 -14"><span class='ocrx_word' id='word_1_429' title='bbox 765 3887 841 3935; x_wconf 82' lang='lat' dir='ltr'><strong>Liber</strong></span> <span class='ocrx_word' id='word_1_430' title='bbox 858 3899 902 3949; x_wconf 88' lang='lat' dir='ltr'><strong>pro</strong></span> <span class='ocrx_word' id='word_1_431' title='bbox 919 3884 976 3933; x_wconf 85' lang='lat' dir='ltr'><strong>vino</strong></span> <span class='ocrx_word' id='word_1_432' title='bbox 993 3884 1050 3942; x_wconf 90' lang='grc'><strong>245,</strong></span> <span class='ocrx_word' id='word_1_433' title='bbox 1063 3900 1085 3932; x_wconf 87' lang='lat' dir='ltr'><strong>a.</strong></span> 
     </span>
    </p>

    <p class='ocr_par' dir='ltr' id='par_1_69' title="bbox 765 3963 1151 4022">
     <span class='ocr_line' id='line_1_93' title="bbox 765 3963 1151 4022; baseline -0.005 -9"><span class='ocrx_word' id='word_1_434' title='bbox 765 3967 838 4015; x_wconf 81' lang='lat' dir='ltr'><strong>Libet</strong></span> <span class='ocrx_word' id='word_1_435' title='bbox 855 3980 909 4013; x_wconf 90' lang='lat' dir='ltr'><strong>cnm</strong></span> <span class='ocrx_word' id='word_1_436' title='bbox 925 3963 1043 4014; x_wconf 87' lang='lat' dir='ltr'><strong>infinitivo</strong></span> <span class='ocrx_word' id='word_1_437' title='bbox 1060 3964 1116 4022; x_wconf 89' lang='grc'><strong>256,</strong></span> <span class='ocrx_word' id='word_1_438' title='bbox 1127 3963 1151 4012; x_wconf 95' lang='lat' dir='ltr'><strong>b.</strong></span> 
     </span>
    </p>

    <p class='ocr_par' dir='ltr' id='par_1_70' title="bbox 765 4042 1314 4181">
     <span class='ocr_line' id='line_1_94' title="bbox 765 4042 1314 4108; baseline 0 -18"><span class='ocrx_word' id='word_1_439' title='bbox 765 4042 872 4092; x_wconf 85' lang='lat' dir='ltr'><strong>Libertas</strong></span> <span class='ocrx_word' id='word_1_440' title='bbox 889 4043 981 4107; x_wconf 78' lang='lat' dir='ltr'><strong>poetica</strong></span> <span class='ocrx_word' id='word_1_441' title='bbox 1005 4042 1030 4090; x_wconf 93' lang='lat' dir='ltr'><strong>in</strong></span> <span class='ocrx_word' id='word_1_442' title='bbox 1052 4043 1188 4092; x_wconf 90' lang='lat' dir='ltr'><strong>nominibus</strong></span> <span class='ocrx_word' id='word_1_443' title='bbox 1211 4043 1314 4108; x_wconf 84' lang='lat' dir='ltr'><strong>propriis</strong></span> 
     </span>
     <span class='ocr_line' id='line_1_95' title="bbox 798 4123 887 4181; baseline 0.011 -12"><span class='ocrx_word' id='word_1_444' title='bbox 798 4123 854 4181; x_wconf 91' lang='grc'><strong>197,</strong></span> <span class='ocrx_word' id='word_1_445' title='bbox 867 4138 887 4170; x_wconf 84' lang='grc'><strong>4.</strong></span> 
     </span>
    </p>

    <p class='ocr_par' dir='ltr' id='par_1_71' title="bbox 765 4202 1314 4340">
     <span class='ocr_line' id='line_1_96' title="bbox 765 4202 1314 4266; baseline 0 -17"><span class='ocrx_word' id='word_1_446' title='bbox 765 4203 900 4264; x_wconf 75' lang='lat' dir='ltr'><strong>Licymnia</strong></span> <span class='ocrx_word' id='word_1_447' title='bbox 924 4216 971 4250; x_wconf 90' lang='lat' dir='ltr'><strong>non</strong></span> <span class='ocrx_word' id='word_1_448' title='bbox 999 4202 1077 4251; x_wconf 80' lang='lat' dir='ltr'><strong>eadem</strong></span> <span class='ocrx_word' id='word_1_449' title='bbox 1108 4204 1167 4266; x_wconf 69' lang='lat' dir='ltr'><strong>quai</strong></span> <span class='ocrx_word' id='word_1_450' title='bbox 1195 4204 1314 4252; x_wconf 77' lang='lat' dir='ltr'><strong>Terentio</strong></span> 
     </span>
     <span class='ocr_line' id='line_1_97' title="bbox 800 4279 888 4340; baseline 0.011 -13"><span class='ocrx_word' id='word_1_451' title='bbox 800 4281 856 4340; x_wconf 86' lang='grc'><strong>150,</strong></span> <span class='ocrx_word' id='word_1_452' title='bbox 865 4279 888 4328; x_wconf 94' lang='lat' dir='ltr'><strong>b.</strong></span> 
     </span>
    </p>
   </div>
   <div class='ocr_carea' id='block_1_14' title="bbox 0 0 1485 5220">
    <p class='ocr_par' dir='ltr' id='par_1_72' title="bbox 0 0 1485 5220">
     <span class='ocr_line' id='line_1_98' title="bbox 0 0 1485 5220; baseline 0 0"><span class='ocrx_word' id='word_1_453' title='bbox 0 0 1485 5220; x_wconf 95' lang='lat' dir='ltr'><strong> </strong></span> 
     </span>
    </p>
   </div>
  </div>
 </body>
</html>
