2916 5220
640 325 981 390 (¹..lttlttNt't1

419 522 575 587 Condidit
598 521 710 584 lunam
740 541 844 603 neque
867 522 955 582 certa
978 516 1107 597 fulgent

509 625 622 691 Sidera
646 624 772 688 orantis:

420 730 534 795 Otium
557 729 644 793 bello
667 727 792 792 furiosa
814 726 955 805 Thrace,

422 835 537 900 Otium
562 834 651 898 Medi
675 833 827 918 pharetra
850 829 973 912 decori,

419 939 584 1023 Grosphe,
608 959 674 1000 non
697 934 837 1020 geminis
869 954 973 1018 neque
995 955 1137 1018 purpura
1161 958 1216 1000 ve·
1240 984 1245 995 .
1296 934 1300 941 '

507 1042 581 1106 nale
605 1052 663 1105 nec
687 1061 773 1103 atrro.

419 1146 493 1210 Non
518 1144 606 1209 enirn
629 1146 729 1227 gazae
758 1163 863 1226 neque
886 1140 1066 1204 corrsnlaris

422 1248 614 1312 Surnmovet
636 1246 732 1330 lictor
754 1243 890 1308 miseros
914 1242 1078 1337 tumultus

395 1350 542 1414 ‘Mentis
571 1355 606 1435 ,et
629 1369 721 1413 curas
745 1346 896 1430 laqueata
919 1340 1040 1408 circuni

510 1453 606 1518 Tecta
629 1450 786 1521 volantes,

421 1555 553 1619 Vivitur
576 1573 675 1638 parvo
699 1552 801 1633 bene,
827 1548 877 1614 cui
901 1554 1074 1634 paternum

423 1656 578 1741 Splendet
602 1655 636 1717 in
660 1675 775 1719 mensu
799 1651 890 1716 tenui
916 1651 1076 1734 salinum,

241 1872 298 1922 MS.
330 1875 472 1935 impotenti.
505 1874 540 1920 Et
565 1874 599 1920 sic
624 1872 680 1919 alia.
720 1869 794 1919 Unde
840 1869 910 1917 Bene
926 1871 1033 1928 neuun,
1049 1871 1091 1919 eui
1107 1885 1153 1919 aaa
1166 1873 1274 1933 placent.
1293 1872 1390 1922 Melius

242 1951 367 2000 Gesnerus
383 1950 445 2013 legit
460 1952 599 2013 impotenti.
634 1951 691 1999 Non
708 1964 790 1998 ueces-
837 1946 902 1994 illud
919 1953 956 1996 est
972 1947 1022 1996 111.
1040 1947 1125 1998 Carni.
1145 1950 1182 1998 16.
1200 1951 1272 2000 Betae
1288 1957 1336 2010 eat,
1347 1956 1389 2001 cai

240 2031 342 2079 surium.
376 2030 443 2078 Nam
471 2037 496 2077 at
524 2029 621 2078 facilius
647 2031 673 2076 in
699 2043 791 2090 magno
840 2028 910 2075 Deru
930 2028 1021 2075 oototu
1046 2027 1142 2087 Paron,
1164 2031 1230 2092 quod
1249 2031 1317 2078 aetio
1337 2038 1389 2087 eet,

241 2110 303 2157 mari
320 2111 541 2173 mprennmtmor,
558 2116 583 2158 et
599 2108 679 2156 uiinor
697 2114 734 2157 est
746 2122 787 2170 op·
837 2120 924 2152 manu.
958 2105 1108 2167 Rntgersius
1119 2106 1202 2154 locum
1212 2107 1250 2155 ita
1259 2108 1388 2158 distinxit:

241 2189 380 2250 portunitas
397 2189 523 2237 evadendi.
548 2190 647 2237 Potens
655 2188 795 2249 Aegaeum,
842 2185 943 2231 Vivitur
959 2198 1038 2246 porvo
1050 2186 1121 2233 bene:
1142 2186 1192 2234 Cui
1200 2192 1340 2248 paternum
1351 2202 1388 2252 sq.

242 2274 270 2314 ut
287 2267 346 2315 alibi
366 2284 490 2331 acapnum.
524 2267 620 2318 Statius
638 2267 687 2316 III.
714 2266 794 2315 Theb.
837 2264 871 2312 Et
887 2263 1387 2326 sicdiupostRutgersiumroluitKoh-

243 2347 299 2394 433.
320 2344 794 2410 MapnoquevolonteaIniieitAepoeo.
836 2343 884 2390 lius
903 2342 927 2389 in
946 2342 1086 2392 Comment.
1103 2341 1165 2392 Crit
1182 2357 1240 2406 pag.
1257 2343 1312 2393 los.
1346 2347 1388 2395 Ito

242 2425 281 2474 Cl.
299 2426 413 2475 Moserus
430 2426 538 2488 scripsit:
556 2426 644 2487 “Quod
656 2425 691 2473 ait
702 2424 794 2474 Gesne·
836 2421 938 2469 durities
954 2419 1142 2469 constructionis
1158 2419 1259 2483 quidem
1276 2421 1389 2481 tollitur,

242 2520 299 2552 rum
316 2519 362 2568 pro
378 2507 406 2553 in
420 2507 522 2567 peierati
538 2504 646 2553 voluisse
656 2504 795 2567 impotenti,
836 2514 895 2547 narn
916 2515 946 2549 ea
968 2500 1024 2549 talis
1041 2499 1084 2548 fn:
1109 2499 1159 2549 Cui
1175 2499 1284 2548 salinum
1306 2501 1387 2564 splen-

242 2583 267 2629 id
284 2582 320 2629 ita
336 2597 423 2632 verum
441 2589 489 2640 est,
515 2590 544 2631 ut
564 2582 695 2632 coniecisse
711 2583 792 2631 dicen·
836 2579 891 2636 det,
908 2580 949 2627 itii
966 2578 1041 2626 timor
1056 2593 1107 2627 non
1126 2578 1213 2627 adimit
1229 2593 1341 2628 somnos:
1359 2587 1388 2627 ut

242 2662 288 2708 dus
306 2662 337 2708 sit
354 2663 486 2724 impotenti
501 2675 604 2724 metans
630 2661 725 2724 Aegeo,
746 2662 792 2708 du·
836 2656 886 2706 111.
916 2655 1001 2706 Carm.
1029 2657 1049 2705 l.
1084 2655 1229 2706 Destrinue
1253 2661 1321 2708 ensis
1345 2661 1388 2708 oni

243 2740 304 2787 dum
326 2746 411 2788 autem
432 2746 489 2788 ante
506 2739 643 2790 Gesnerum
663 2741 795 2802 impotenti
835 2751 912 2799 anper
932 2737 1012 2799 impio
1034 2734 1136 2795 Cerviee
1155 2738 1258 2797 pendet,
1275 2752 1326 2787 non
1343 2738 1385 2787 Si·

243 2817 337 2865 dederit
357 2816 505 2866 Sanadonus
525 2832 557 2866 ex
579 2818 700 2866 bonorum
717 2819 792 2866 libro·
836 2816 907 2864 vulne
923 2816 999 2877 dapes
1016 2815 1124 2863 Duleem
1139 2815 1304 2864 elaborabunt
1315 2831 1387 2879 adpo

244 2909 301 2941 rum
318 2894 422 2943 lectione
438 2897 584 2958 impotenti,
601 2911 667 2959 quae
682 2911 741 2945 varo
758 2904 795 2946 est
836 2909 896 2942 rem.
931 2891 981 2942 Sed
1002 2891 1124 2941 sententia
1139 2906 1204 2954 quae
1219 2906 1252 2943 ax
1268 2893 1314 2943 tali
1330 2909 1387 2943 con·

243 2973 296 3033 ipsa
316 2979 388 3021 vetus
407 2973 540 3022 verborum
556 2977 585 3023 in
599 2978 701 3036 potenti
716 2990 794 3024 enun-
836 2973 971 3021 structione
991 2971 1068 3032 redit,
1088 2986 1139 3020 non
1160 2987 1218 3022 vera
1237 2979 1283 3022 eat.
1318 2974 1387 3022 Nam

244 3052 329 3112 tiatio,
357 3059 386 3100 ut
411 3054 606 3116 pronuntiabant
632 3054 722 3106 Graeci
746 3057 793 3120 rip
836 3066 887 3099 non
910 3065 1012 3109 omues,
1041 3050 1132 3114 quibus
1156 3052 1183 3100 in
1207 3066 1294 3101 mensa
1318 3056 1388 3102 unni

245 3132 359 3195 πόλεμον
379 3146 424 3194 pro
445 3135 492 3181 τὸν
510 3135 632 3198 πόλεμον.
666 3135 741 3196 Quod
758 3135 794 3182 fn·
836 3131 950 3193 splendet
965 3130 1085 3188 salinum,
1105 3128 1215 3178 mutanti
1231 3139 1292 3181 suut
1305 3146 1388 3196 neque

244 3210 309 3272 gissa
320 3211 463 3260 Bentleium
481 3212 585 3270 mireris,
596 3212 647 3275 qui,
664 3227 721 3261 cum
732 3214 794 3261 Bur-
836 3209 908 3258 liberi
931 3209 1030 3258 sordida
1049 3208 1169 3272 cupidine
1205 3208 1289 3258 Parra
1306 3219 1388 3260 muta·

244 3290 325 3339 thium
342 3290 543 3341 iu··Adversariis
560 3291 691 3341 XXXVI.
711 3294 749 3342 14.
762 3308 794 3341 ex
836 3290 902 3338 tione
926 3289 1032 3337 Horatio
1056 3302 1127 3336 suam
1147 3303 1252 3337 manum
1272 3291 1387 3339 restitua-

245 3369 377 3418 veterrimo
394 3372 501 3433 quodam
513 3371 603 3421 Codice
614 3371 745 3435 protulisse
756 3373 792 3420 vi·
836 3383 905 3416 mus:
935 3369 1039 3416 Vivitur
1052 3382 1133 3429 porea
1149 3369 1218 3426 bena
1238 3370 1282 3417 uhi
1296 3378 1386 3432 poter·

244 3448 319 3496 disset
340 3451 487 3510 impotenti,
512 3451 663 3513 typographi
683 3459 794 3501 erratum
836 3464 904 3497 nunt.
932 3447 972 3496 Ibi
991 3446 1053 3496 bene
1068 3446 1162 3495 vivitur
1176 3461 1263 3509 parvo,
1280 3447 1325 3496 ubi
1341 3448 1387 3498 ali-

245 3540 297 3574 asse
308 3526 466 3574 existimabat
477 3528 660 3592 Barthiumquo
679 3531 795 3593 reperisse
836 3527 891 3590 quis
911 3526 937 3574 in
959 3540 985 3574 re
1005 3526 1074 3575 teum
1089 3531 1114 3574 et
1130 3525 1224 3573 mundo
1239 3526 1307 3576 Iera
1324 3527 1388 3577 nihil

244 3607 388 3667 impotenti,
405 3607 472 3668 qued
488 3621 537 3655 non
554 3608 683 3671 improbat.
716 3608 794 3672 Repe·
837 3607 917 3664 timet,
934 3605 997 3654 nihil
1013 3604 1089 3669 cupit.
1111 3605 1167 3654 Hoc
1177 3610 1215 3654 est
1224 3604 1290 3654 illud
1300 3607 1387 3667 otium,

246 3684 278 3731 rit
294 3684 398 3731 eandem
414 3685 485 3733 illam
498 3686 657 3749 scriptionem
672 3687 795 3736 Valartus
836 3685 903 3746 quod
929 3698 979 3732 non
996 3683 1045 3733 Dei
1070 3698 1116 3733 nec
1141 3681 1264 3742 thesauri,
1280 3685 1324 3734 sed
1340 3685 1387 3733 sibi

246 3764 271 3811 iu
290 3762 381 3813 Codice
398 3762 535 3821 Serbonae,
556 3765 598 3826 qui
618 3779 663 3813 nec
683 3765 736 3828 ipse
752 3780 793 3814 ve·
837 3765 952 3827 quisque,
974 3765 995 3812 si
1011 3764 1084 3821 velit,
1100 3771 1179 3827 parat.
1212 3765 1315 3814 Terent.
1336 3766 1387 3815 He·

246 3858 300 3892 ram
318 3843 343 3890 in
360 3857 390 3892 ea
405 3842 504 3891 Horatii
520 3857 635 3900 manum,
655 3844 698 3892 sed
715 3847 793 3907 impo-
837 3849 888 3890 aut.
906 3844 927 3892 Ι.
953 3844 973 3892 l.
995 3844 1050 3892 102.
1084 3844 1248 3906 Hoeqmffl,
1274 3845 1318 3893 nbi
1338 3860 1387 3893 nott

247 3926 311 3973 tenti
327 3922 452 3986 ιιςιιοιίι.Η
836 3938 893 3972 vero
908 3925 1011 3972 vivitur.
1034 3922 1131 3973 Corum.
1144 3920 1220 3984 Grnq.
1232 3922 1322 3971 laudat
1333 3937 1386 3971 ver·

283 4005 385 4051 Vivitur
404 4017 483 4064 parvo
503 4004 573 4063 dnae,
590 4004 632 4051 eni
648 4007 795 4064 paternum.
836 4015 893 4049 sum
926 4015 959 4049 ex
985 4001 1084 4050 Lucani
1111 3999 1242 4049 Pharsalia
1269 4001 1304 4050 V.
1329 4002 1386 4053 527.

247 4080 394 4143 Explicant:
421 4081 559 4142 Roucilli,
577 4083 669 4129 abillo
685 4082 795 4138 vivitur,
836 4096 850 4130 o
874 4082 942 4130 nuno
964 4086 1024 4129 tuta
1041 4080 1161 4143 facultas
1186 4081 1318 4143 Pauperis
1343 4096 1388 4129 on-

246 4162 288 4208 cui
302 4163 412 4209 solinum
426 4161 552 4222 splendet,
568 4166 593 4208 et
609 4161 735 4209 euitimor
746 4175 796 4208 non
835 4162 950 4223 pastione
967 4162 1050 4209 Loris.
1083 4158 1132 4207 Hic
1147 4158 1216 4206 locus
1231 4156 1346 4209 Curtium
1362 4166 1388 4208 et

247 4240 337 4287 odiant
362 4252 466 4286 sutrinos.
508 4237 582 4285 Dura
606 4237 795 4286 constructionis
836 4239 897 4287 alios
922 4239 1010 4295 latuit,
1034 4239 1077 4301 qui
1102 4238 1169 4300 apud
1188 4237 1321 4286 Lucanum
1341 4252 1388 4300 pro

248 4316 321 4364 ratio!
350 4315 434 4375 Magis
448 4314 523 4363 etiam
538 4323 652 4377 apparet,
671 4315 690 4362 si
701 4316 793 4364 dicam:
839 4317 917 4365 Lares
934 4316 995 4364 bene
1011 4321 1172 4364 correxerunt
1192 4317 1273 4364 uria.
1301 4315 1337 4364 Et
1353 4316 1387 4363 sie
