2916 5220
574 313 893 377 CAltlllNUM

340 501 438 566 Coelo
464 501 559 564 Musa
582 500 667 564 beat.
716 500 769 565 Sic
793 499 881 564 lovis
906 499 1044 564 interest

339 603 471 689 Optatis
495 603 602 688 epulis
627 603 767 688 impiger
792 603 966 669 Hercules:

337 709 471 774 Clarum
495 708 699 792 Tyndaridae
723 708 815 772 sidus
840 708 881 772 ab
904 707 1029 771 infimis

339 812 482 891 Quassus
506 811 651 896 eripiunt
673 811 868 896 aequoribus
895 817 1002 876 rates:

338 916 482 982 Ornatus
507 915 605 980 viridi
631 924 778 1000 tempora
801 916 957 1000 pampino

338 1020 435 1085 Liber
459 1024 536 1085 vota
558 1021 661 1085 bonos
687 1019 779 1085 ducit
802 1019 844 1084 ad
868 1019 986 1085 exitus.

160 1160 268 1208 Claram
287 1161 451 1223 Tyndaridae
467 1161 537 1208 aidus
554 1161 586 1207 ab
603 1159 697 1222 infimis
747 1159 827 1207 omnis
848 1160 976 1221 po'etaruru
997 1158 1047 1217 vis,
1065 1159 1157 1215 rirtus,
1183 1157 1257 1204 favor
1280 1164 1302 1203 et

161 1239 272 1297 Quaeras
288 1240 403 1301 eripiunt
419 1239 569 1301 aequoribus
584 1243 668 1286 rates:
748 1238 837 1301 lingua
861 1239 886 1285 in
911 1252 969 1285 eum
993 1242 1209 1299 coagmententur.
1251 1236 1301 1284 Nec

161 1320 278 1366 Ornatus
297 1319 376 1367 viridi
394 1324 506 1381 temporo
522 1319 643 1380 pampino
748 1318 808 1365 satis
825 1317 954 1381 perspicue
970 1318 1062 1366 ineatis
1078 1317 1202 1364 diuitibus
1219 1328 1302 1362 conse·

157 1398 233 1446 Liber
250 1405 308 1446 rota
325 1400 398 1446 bonos
415 1399 486 1446 ducit
503 1398 644 1445 aderitus.
749 1404 842 1454 aratur,
860 1398 902 1460 qui
920 1397 952 1445 sit
969 1397 1044 1445 iudex
1064 1394 1212 1453 interorum,
1230 1410 1302 1458 quem

749 1476 803 1538 ipse
820 1476 940 1525 Horatius
957 1490 1034 1539 paene
1050 1474 1077 1523 in
1094 1473 1176 1521 furvis
1195 1473 1300 1522 Proser·

189 1556 286 1605 Nomeu
310 1559 415 1606 Romuli
436 1564 491 1620 post
517 1558 585 1605 Iliae
605 1561 630 1604 et
647 1556 706 1604 Ma·
748 1556 821 1618 pinae
842 1557 924 1618 regnis
945 1555 1049 1603 viderat.
1092 1553 1181 1601 Eieeto
1203 1553 1301 1612 Aeaco,

159 1637 236 1683 nortis
251 1652 315 1698 puer
331 1635 414 1683 multo
425 1635 617 1692 meliusomitti,
634 1647 707 1682 nemo
748 1634 837 1682 melius
855 1634 995 1698 Scipionem
1006 1638 1030 1681 et
1041 1631 1181 1680 Romulum
1193 1645 1301 1694 sequun-

157 1715 267 1777 uagabit.
310 1717 411 1776 Linque
446 1719 533 1762 vetum
565 1715 708 1775 potentium
749 1722 791 1761 tur
816 1714 951 1773 Hercules,
977 1711 1139 1776 Tyndaridae
1166 1717 1192 1759 et
1218 1711 1302 1770 Liber,

156 1793 258 1841 omnino
279 1793 376 1841 sufficit.
415 1793 503 1839 Virtus
527 1797 564 1840 est
585 1790 707 1853 ipsorum,
749 1792 816 1841 fama
832 1798 857 1842 et
877 1792 971 1841 meritis
996 1791 1071 1854 longe
1096 1790 1204 1839 maiores
1223 1791 1303 1840 iudice

156 1880 256 1934 propter
278 1885 353 1934 quarn
370 1871 453 1919 meriti
475 1876 534 1917 sunt
557 1869 706 1917 immortali·
749 1872 845 1920 inferno
861 1878 886 1920 et
907 1873 933 1920 in
955 1872 1025 1920 coelo
1041 1871 1167 1932 degentes.
1198 1870 1302 1928 Versus,

157 1958 245 2007 tatem,
255 1951 336 2013 favor
348 1955 386 1998 est
399 1949 495 2011 generis
508 1948 612 1995 humani
623 1947 707 2006 totius,
748 1952 783 1999 ita
795 1951 947 2010 constitutos,
959 1964 1031 1999 nemo
1043 1949 1219 2012 reprehendat.
1238 1949 1302 1998 Sunt

156 2031 222 2094 quod
231 2032 269 2090 iis,
277 2030 309 2078 ob
317 2030 436 2077 virtutem
445 2034 470 2076 et
478 2026 597 2077 beneficia
607 2027 707 2074 immor·
748 2031 813 2078 enim
830 2043 888 2078 vere
904 2028 997 2077 Latini.
1019 2028 1057 2076 At
1073 2028 1129 2089 quis
1147 2042 1200 2075 non
1218 2042 1300 2089 repre·

157 2109 279 2159 talitatem
300 2108 400 2166 tribuit,
422 2110 509 2170 linqua
533 2113 571 2155 est
596 2107 707 2155 solorum
748 2109 840 2158 hendat
864 2124 887 2156 v.
909 2122 943 2157 c.:
975 2107 1096 2155 Horatius
1121 2113 1148 2154 et
1171 2106 1215 2154 alii
1233 2114 1301 2156 vates

157 2193 258 2246 vatum,
271 2188 314 2252 qui
328 2187 374 2235 hoc
386 2187 422 2235 ita
437 2185 553 2234 accidisse
562 2191 656 2233 canunt
682 2190 707 2233 et
748 2189 918 2237 Maecenatem
935 2203 978 2236 arro
990 2186 1085 2250 surore
1101 2191 1126 2233 et
1144 2189 1243 2236 uirtute
1257 2188 1301 2235 im·

157 2269 189 2317 ab
197 2268 320 2318 oblivione
329 2268 462 2316 vindicant.
484 2266 642 2316 Haasuntin
658 2265 708 2314 ista
747 2269 878 2318 mortalem
896 2267 988 2316 fecere?
1021 2267 1059 2314 Ne
1075 2265 1236 2328 probandum
1247 2268 1300 2330 qui-

157 2348 260 2396 heroum
272 2362 362 2396 caussa
369 2347 455 2395 solitae
469 2345 565 2394 dicendi
576 2344 707 2393 formulae.
747 2350 817 2406 dem,
834 2349 855 2397 si
872 2349 979 2396 addatur
995 2352 1020 2394 et
1037 2347 1131 2408 linqua.

157 2428 256 2483 Fauor,
273 2426 403 2485 voluntas,
420 2439 549 2488 nunquam
567 2424 611 2471 uni
628 2422 706 2472 homi·
781 2431 824 2478 stc
854 2430 925 2478 lova
945 2430 1050 2476 interest
1075 2427 1176 2484 optatu
1209 2427 1299 2487 epatu.

156 2518 219 2552 uum
236 2505 325 2562 classi,
343 2505 446 2553 minime
458 2505 570 2560 uatibus,
587 2503 629 2566 qui
644 2516 706 2551 sem-
746 2508 845 2557 Auctor
869 2507 971 2570 Dialogi
1000 2507 1031 2554 de
1051 2503 1146 2552 caussis
1169 2510 1301 2566 corruptae

156 2598 200 2648 per
225 2587 298 2649 pauci
322 2593 393 2644 sunt,
418 2585 544 2633 tribuitur.
587 2584 706 2633 Horatius
744 2586 909 2650 eloquentiae,
944 2583 1061 2640 Tacitus,
1098 2589 1127 2631 ut
1154 2589 1228 2644 puto,
1263 2584 1298 2631 12.

156 2665 266 2727 primum
287 2665 423 2714 nominarit
448 2665 587 2725 Romanos,
605 2665 647 2727 qui
663 2681 707 2728 per
747 2668 819 2715 “Nec
838 2668 900 2715 allis
919 2670 965 2713 cut
981 2665 1062 2727 pluria
1081 2663 1162 2710 tucior
1187 2668 1235 2710 aut
1255 2679 1299 2711 uu-

156 2745 252 2805 poetas,
274 2750 378 2807 uterque
401 2759 445 2806 per
470 2744 594 2800 Ennium,
612 2744 707 2793 laudati
745 2747 844 2808 quatior
861 2747 944 2794 horror.
980 2746 1101 2792 Prima-m
1126 2745 1198 2804 apud
1220 2744 1299 2799 Deos,

157 2828 222 2870 sunt.
249 2822 297 2871 His
314 2823 397 2871 minus
414 2828 480 2871 recte
493 2822 707 2871 Aeacusitasub·
746 2839 853 2886 quorum
867 2824 984 2887 proferre
1000 2837 1120 2885 responsa
1136 2828 1163 2870 et
1180 2823 1300 2870 interesse

158 2901 279 2962 iungitur,
297 2907 325 2948 ut
341 2902 411 2964 quasi
428 2901 497 2949 solus
513 2916 558 2964 per
574 2916 601 2950 sc
617 2907 672 2960 stet,
682 2909 707 2950 et
747 2905 830 2964 epulis
840 2904 1001 2965 ferebantur.

657 3047 807 3070 QUO—-

545 3206 790 3270 oARMuN
838 3206 897 3270 IX.

336 3345 377 3425 N
380 3385 396 3425 e
420 3361 504 3425 forte
527 3361 638 3426 credas
663 3360 853 3444 interitura,
879 3385 977 3448 quae,

324 3543 476 3592 CARMEN
496 3543 544 3591 IX¹
745 3524 811 3567 sunt.
829 3519 886 3581 Ego
894 3533 944 3567 uon
954 3520 1123 3578 committam,
1135 3528 1163 3568 ut
1179 3529 1238 3570 tuac
1248 3523 1301 3570 vir-

206 3639 219 3666 Ἱ
746 3603 809 3646 tutes
824 3599 1300 3662 permenonpraedicentur.”1amiu-

192 3639 335 3723 bententia
356 3672 485 3729 carminis,
506 3681 535 3721 ut
556 3689 622 3722 nunc
645 3675 704 3738 legi·
745 3682 782 3725 ter
791 3677 875 3740 priora
892 3677 948 3725 illa:
966 3679 1041 3726 “Mea
1054 3680 1225 3728 carminanon
1233 3680 1299 3743 peri-

158 3762 211 3809 tur,
229 3753 276 3801 hoc
296 3753 381 3801 ordine
398 3754 519 3816 procedit:
545 3754 600 3803 “Ne
621 3755 704 3806 crede,
745 3756 819 3814 bunt,
840 3755 909 3805 fuere
933 3757 1007 3805 multi
1032 3757 1106 3806 fortes
1123 3765 1183 3807 ante
1204 3759 1300 3807 bellum

156 3834 238 3893 Lolli,
255 3848 311 3881 mea
321 3833 432 3881 carmina
448 3847 500 3881 esse
516 3834 654 3882 interitura.
677 3834 704 3884 Si
745 3835 1248 3900 Troianum,scdignoti,quianonvatem
1256 3839 1300 3887 ha-

156 3912 281 3960 Hcmerus
316 3911 481 3975 principatum
519 3913 583 3959 inter
621 3914 704 3973 poetas
744 3914 847 3974 buere;''
861 3915 935 3963 nulla
943 3922 980 3963 est
989 3917 1184 3974 cennectic,scd
1196 3917 1300 3981 impedi·

157 3998 238 4051 tenet,
255 4005 348 4054 magna
364 3996 446 4039 tamen
465 3997 501 4038 est
524 3991 627 4038 Pindari
645 3992 703 4042 alic·
744 3995 790 4042 tior
800 3994 953 4057 cogitationis
964 4010 1060 4044 cursus.
1074 3996 1157 4046 Credo
1166 3998 1300 4048 Gramma-

157 4084 263 4133 rumque
274 4070 423 4134 Lyricorum
441 4070 527 4132 gloria.
547 4070 626 4118 Plura
638 4072 704 4120 bella
745 4073 820 4131 ticos,
836 4075 879 4136 qui
895 4075 940 4121 hoc
957 4088 1056 4122 carmen
1072 4075 1299 4137 interpolaverunt,

157 4150 217 4197 olim
235 4149 346 4205 fuerant,
364 4164 438 4211 quam
452 4137 602 4204 Troianum,
620 4150 703 4212 plures
744 4152 818 4199 etiarn
838 4166 954 4199 versuum
972 4152 1081 4199 ordinem
1103 4153 1252 4207 mutavisse,
1275 4161 1300 4200 ot

157 4227 300 4277 fortitudine
312 4229 458 4286 eluxerunt,
475 4244 550 4290 quam
567 4230 703 4291 Agamem·
744 4231 877 4279 Horatium
886 4230 1022 4292 scripsisse,
1032 4238 1059 4278 ut
1071 4231 1199 4288 indicabo,
1213 4233 1299 4294 positis

157 4321 214 4353 non.
242 4307 291 4356 Sed
308 4308 367 4368 quia
383 4314 439 4355 rete
460 4315 603 4365 caruerunt,
626 4309 704 4370 ignoti
744 4311 864 4373 cuiusque
882 4308 1016 4358 tetrastichi
1034 4308 1121 4372 primis
1140 4312 1263 4359 versibus.

773 4449 785 4476 ἱ
