2916 5220
543 315 715 379 LIBER
760 317 786 380 I.

454 541 702 607 CARMEX
747 543 876 608 XVIII.

143 690 310 787 Nullam,
333 705 439 788 Vare,
463 728 555 770 sacra
577 706 645 772 vite
667 708 759 792 prius
782 710 903 774 severis
927 709 1073 774 arborem

141 810 237 874 Circa
258 808 340 874 mite
362 809 472 874 solum
494 809 622 874 Tiburis
654 817 688 875 et
710 812 841 876 moenia
864 811 974 879 Catili.

142 912 245 978 Siccis
269 913 381 977 omnia
403 936 481 978 nam
504 915 587 979 dura
611 915 700 979 Deus
722 917 911 1001 proposuit,
938 939 1042 1003 neque

142 1015 309 1081 Mordaees
332 1017 429 1082 aliter
451 1017 633 1104 diffugiunt
654 1019 904 1084 sollicitudines.

140 1118 223 1198 Quis
245 1127 322 1204 post
344 1120 423 1185 vina
443 1143 578 1206 gravem
600 1121 758 1187 militiam
779 1129 839 1187 ant
861 1123 1054 1208 pauperiem
1077 1130 1207 1209 crepat?

140 1221 224 1300 Quis
247 1245 313 1287 non
335 1231 369 1289 te
391 1224 513 1309 potius,
539 1225 666 1290 Bacche
688 1232 797 1309 pater,
822 1234 935 1311 teque,
959 1226 1077 1292 decens
1100 1226 1234 1292 Venus?

229 1495 383 1545 CABMEN
403 1496 500 1545 XVIII
685 1468 732 1517 Sibi
754 1468 913 1532 Pheneum.
938 1469 1018 1518 TBCIi.
1035 1470 1086 1519 m.
1111 1471 1178 1520 HiSi
1195 1473 1234 1520 49.

502 1533 509 1544 ’
686 1549 814 1598 Antoniae
832 1565 989 1613 nequaquam
1011 1551 1073 1613 pori
1092 1552 1235 1600 {anomia

127 1589 185 1676 N
178 1627 269 1683 utum,
298 1629 378 1688 Vere,
398 1641 472 1676 sacro
493 1628 545 1676 site
564 1629 644 1686 prius
684 1634 740 1688 poet
756 1629 907 1678 Cremonam
924 1631 1020 1692 opebot.
1048 1629 1139 1677 Florus
1154 1629 1235 1678 Iun

92 1703 192 1753 Comnu
208 1704 300 1769 Cruq.:
323 1706 433 1766 Suadet,
449 1690 492 1756 obi
507 1712 645 1770 competens
686 1708 740 1755 Nea
755 1709 862 1756 ulterior
878 1723 973 1756 osorum
982 1708 1059 1771 fecit.
1087 1708 1159 1766 Quid
1168 1710 1235 1756 enim

93 1789 192 1847 tenipus
206 1791 257 1844 est,
272 1791 303 1833 ut
317 1787 417 1833 nullam
433 1787 546 1835 arborem
562 1787 645 1847 prius,
685 1800 737 1834 ema
751 1792 808 1848 port
823 1789 934 1849 φιὶπᾳιω
949 1788 1060 1849 leqtom
1080 1784 1155 1836 ovid.
1171 1786 1234 1836 XII.

92 1877 170 1924 quam
185 1865 262 1912 ostem
276 1869 363 1926 ponat.
391 1864 426 1911 Et
443 1863 483 1911 hic
495 1865 595 1912 videtur
608 1865 644 1913 le
685 1864 746 1913 Met
757 1864 814 1916 607.
846 1867 920 1925 Quod
937 1868 1062 1914 Priamus
1077 1868 1185 1930 pamm
1198 1881 1235 1916 ee

93 1941 160 2002 gisae
176 1957 240 1990 aere.
264 1941 301 1990 Ut
315 1941 385 1990 Acro
404 1958 544 1992 serenoro.
564 1943 644 1992 Cuius
684 1958 733 1991 na
755 1950 813 2006 post
832 1946 947 1993 Hectora
968 1951 1063 2008 posset,
1095 1947 1150 1994 Hoc
1167 1945 1234 2006 suit.

93 2020 235 2076 lectionem,
245 2020 367 2068 anemine
376 2028 529 2080 annotatam,
538 2022 645 2069 miratur
684 2019 863 2071 ValonFlacc
877 2023 911 2072 V.
929 2024 1026 2086 Argon.
1035 2025 1075 2075 77.
1092 2025 1235 2074 Poetociee

93 2099 233 2147 Burmann.
242 2100 274 2147 ad
289 2097 362 2148 Oviu
376 2099 427 2148 III.
445 2100 504 2148 Art.
513 2100 570 2150 703.
588 2100 644 2148 Iam
684 2101 804 2164 rubrs'lpoe
819 2103 953 2150 murima
969 2105 1082 2152 ctorem
1104 2105 1233 2164 Aequoris.

93 2177 204 2227 fecerant
229 2177 370 2235 Fabricius,
398 2178 570 2234 Pulmannus,
591 2178 642 2227 clii.
685 2178 770 2240 Atque
785 2192 816 2226 ca
829 2179 925 2228 dicendi
938 2180 1045 2230 brevitas
1057 2181 1144 2230 multis
1160 2181 1234 2230 inter·

97 2259 149 2306 Ver
168 2271 219 2304 non
239 2256 319 2304 estin
336 2271 410 2304 versu
427 2257 523 2306 Alcaei.
558 2255 644 2316 Μηδέν
684 2257 795 2318 pretibns
807 2257 889 2306 fraudi
897 2257 954 2318 fuit,
968 2260 1045 2307 miror
1053 2259 1144 2308 Latine
1156 2260 1233 2308 scien-

94 2335 161 2384 ἄλλο
178 2334 302 2399 φιπεὺης
324 2335 447 2400 πρότερον
463 2335 580 2400 δένδρεον
596 2335 642 2398 ἀμ·
683 2336 778 2384 tissima
800 2334 977 2399 Oudendorpio
999 2339 1025 2385 in
1045 2338 1151 2387 Anthol.
1168 2338 1233 2387 Bur·

94 2413 172 2463 πὲλω.
198 2414 308 2462 Nomina
322 2416 424 2477 propria
439 2430 511 2478 saepe
527 2422 644 2478 corrupta
683 2428 768 2461 manu.
791 2414 822 2463 T.
840 2415 860 2462 I.
882 2429 939 2478 pag.
957 2417 980 2463 Δ.
1012 2417 1122 2479 quoeor
1137 2417 1235 2478 positor

92 2501 153 2542 sunt
173 2495 200 2541 in
220 2494 370 2542 communia.
403 2494 503 2556 Nuper,
523 2494 550 2541 in
572 2494 642 2542 Mne·
682 2499 784 2556 pestana
798 2499 857 2556 post
867 2493 984 2556 fulmina
999 2508 1101 2557 pennos.
1130 2493 1178 2544 Ubi
1191 2508 1232 2542 vo-

92 2587 198 2637 mosyne
218 2573 345 2631 Ioeidensi,
365 2573 476 2636 Virgilio
492 2573 548 2621 Ecl.
565 2573 642 2621 VIII.
684 2571 750 2619 lebat
759 2587 808 2634 pro
811 2571 937 2634 fulmine,
954 2572 1028 2637 idque
1042 2572 1162 2635 probabat
1169 2574 1232 2623 Bur-

92 2653 118 2703 7.
138 2651 291 2700 reddendum
311 2653 456 2700 conieci-
480 2668 511 2701 en
528 2654 578 2700 erit
594 2668 640 2700 on·
683 2664 796 2698 mannus.
831 2651 887 2698 Imo
912 2651 1038 2714 intellige:
1055 2659 1112 2715 post
1127 2651 1233 2701 fulmina

92 2747 181 2794 wem,
202 2732 289 2787 Galle,
305 2733 366 2788 dien
382 2744 428 2793 pro
440 2732 484 2780 ille
495 2733 554 2779 dies.
577 2731 642 2780 Red-
682 2734 788 2790 poetata,
796 2744 864 2778 nuno
873 2736 954 2792 gestat
961 2745 1055 2794 pennas
1064 2731 1146 2779 oloris.
1165 2731 1232 2781 Hinc

92 2811 202 2859 dendum
220 2824 318 2873 qnoque
334 2816 395 2872 puto
412 2809 641 2859 Tibullol.10.ll.
682 2807 758 2855 etiam
779 2809 941 2871 explicandus
962 2817 1000 2859 est
1020 2809 1185 2859 Nemesianus
1206 2811 1232 2858 in

97 2891 170 2939 Tenue
186 2891 249 2938 nobi
264 2891 319 2937 vito
328 2888 401 2952 soret
412 2890 643 2950 oulytneetn‘etia
683 2885 770 2949 Eclog.
799 2887 850 2937 III.
878 2890 918 2938 21.
960 2892 1028 2938 Vera
1062 2889 1128 2938 loeis
1150 2892 1234 2953 proles

92 2983 190 3016 nossem
216 2971 306 3029 Arma,
322 2969 586 3018 mouumemeorde
596 2972 642 3018 mi·
683 2966 813 3018 tomiano
827 2970 1050 3031 poetaidoacoeli
1076 2969 1233 3018 Solannem

93 3048 288 3095 coutentium!
324 3045 425 3106 Quanto
446 3047 547 3095 melius:
571 3049 643 3098 Tune
685 3047 778 3095 Semele
795 3049 939 3096 viditlooe'e
950 3047 1154 3110 oroprzffeseam.
1173 3046 1233 3097 Sola

93 3126 158 3172 mihi
174 3127 229 3172 vito
240 3124 324 3187 soret,
345 3127 427 3186 Volgi.
460 3125 577 3173 Tibullus
593 3126 642 3175 ele·
685 3125 782 3176 Semele
798 3142 883 3176 veram
899 3126 968 3175 Iovis
985 3125 1072 3174 faciem
1081 3124 1157 3183 vidit,
1167 3132 1232 3188 post-

93 3203 161 3264 giam
170 3203 237 3250 misit
246 3201 308 3252 Caio
315 3203 411 3265 Valgio
419 3203 493 3261 Rufo,
501 3205 589 3262 amico,
600 3220 642 3268 po-
683 3219 759 3266 quam
770 3206 814 3254 ille
822 3207 891 3255 Dens
902 3204 999 3254 coelum
1010 3203 1151 3266 reliquerat.
1165 3205 1232 3252 Nam

92 3282 148 3330 eoae
165 3282 244 3344 epiro,
266 3283 346 3332 eidem
362 3283 461 3330 Horatii
482 3283 568 3332 amico.
602 3284 642 3333 De
683 3283 745 3332 alias
762 3282 865 3334 fallebat
880 3285 907 3334 in
923 3297 1018 3348 cygno,
1034 3288 1115 3338 tauro,
1132 3290 1158 3330 et
1178 3283 1233 3332 eliis

92 3374 143 3422 qno
171 3360 303 3424 diligenter
334 3361 450 3424 exposuit
480 3362 583 3411 Estrens
615 3363 641 3411 in
683 3362 778 3426 figuris.
812 3364 898 3412 Minus
915 3361 1116 3411 recteBerthius
1133 3366 1232 3410 etcum

93 3437 324 3503 Prosopogrspbeis
338 3440 483 3489 Horatiana.
682 3457 712 3491 eo
728 3443 866 3491 Burmann.
891 3443 975 3490 odera
994 3441 1054 3491 coeli
1069 3439 1232 3502 interpretan-

126 3519 271 3567 Poetvino.
295 3519 422 3568 Omissum
434 3526 472 3568 est
483 3519 641 3583 partiprium
682 3527 724 3567 tur
743 3521 815 3569 Deos.
842 3519 925 3570 Schol.
952 3519 1027 3569 Statii
1051 3519 1083 3567 ad
1105 3519 1125 3567 I.
1152 3518 1231 3569 Theb.

91 3596 161 3645 verbi
177 3598 290 3648 alicuius.
317 3599 424 3662 Antiqui
439 3612 526 3660 prosae
542 3598 641 3661 scripto
682 3599 744 3648 256:
762 3599 822 3648 Noa
838 3599 936 3649 irascor
946 3601 987 3648 illi
996 3599 1108 3655 civitati,
1125 3599 1166 3648 obi
1179 3615 1231 3648 ma-

92 3689 131 3724 res
147 3678 229 3726 rarius
245 3678 281 3727 ita
296 3678 442 3742 loquuntur.
469 3675 572 3726 Sallust.
598 3677 641 3725 Iu·
683 3684 754 3726 totus
774 3679 903 3728 adultemo
923 3679 1079 3738 wornabe'sti,
1100 3679 1233 3727 camellis

91 3755 177 3816 gurth.
195 3756 236 3804 55.
271 3758 357 3820 Neque
379 3761 436 3819 port
463 3757 571 3805 iosidIoe
596 3759 641 3805 Iu·
681 3759 747 3807 enim
772 3757 904 3806 maiestate
928 3758 1091 3807 annotante
1119 3772 1232 3806 concam·

90 3837 200 3894 partitae
241 3836 321 3898 effm
361 3835 473 3884 exonia
511 3835 639 3895 praedari
682 3838 729 3896 bie,
746 3838 781 3884 od
797 3838 916 3886 Semelem
934 3836 1233 3899 oeroprofeseuenumeo

90 3910 177 3961 cioero
206 3913 254 3963 1v.
280 3916 311 3962 ed
335 3915 408 3964 Fam.
435 3915 457 3962 4.
503 3915 565 3962 Post
597 3917 642 3963 bos
681 3916 792 3964 intrasti.
827 3915 908 3963 Plura
923 3914 980 3962 vide
996 3912 1232 3976 sp.Cort.l.l.Sal·

90 3993 220 4051 munias,
236 3995 266 4041 id
280 4000 330 4056 eet,
344 3999 479 4059 postquam
498 3994 576 4042 armis
592 3994 641 4042 dis·
682 3993 762 4051 lustii,
782 3999 808 4042 et
826 3993 921 4042 Lucan.
940 3992 974 4041 V.
992 3993 1048 4043 474.
1066 3999 1090 4040 et
1106 3992 1155 4041 VI.
1177 3993 1231 4042 145.

90 4071 190 4132 reptare·
209 4077 322 4135 coeptum
344 4079 381 4121 eet
402 4073 432 4120 de
455 4071 511 4120 iure
529 4072 641 4133 publico,
683 4073 838 4135 Quantopere
855 4070 943 4122 Graeci
961 4070 1107 4120 recentiores
1123 4071 1171 4120 hoc
1184 4087 1232 4120 usu

89 4150 158 4197 nibil
178 4163 232 4198 esse
248 4155 333 4200 notum
349 4153 422 4199 aliud
437 4166 494 4200 cam
509 4151 641 4213 dignitate.
681 4149 867 4214 praepositionis
883 4151 945 4213 μετὰ
963 4149 1078 4199 delectati
1095 4150 1232 4213 sintprse·

89 4226 175 4290 Magis
197 4228 243 4275 hoc
262 4229 389 4291 proprium
410 4235 448 4277 est
468 4230 597 4292 poetarum
618 4235 642 4279 et
682 4229 754 4292 cipue
770 4228 910 4287 Himerius,
925 4228 1008 4278 docuit
1018 4230 1049 4279 ad
1064 4244 1120 4279 cum
1130 4229 1232 4279 Wcrns·

89 4306 241 4370 scriptorum
263 4309 318 4357 aevi
336 4309 489 4365 recentioris,
510 4308 596 4371 quiin
614 4322 642 4358 eo
683 4307 744 4357 dori.
763 4323 819 4373 pag.
838 4297 893 4356 41.'
