2916 5220
566 311 881 378 (lalllMlNUll

389 508 561 570 lleeurrere
589 508 621 567 et
644 501 730 565 votis
754 498 895 585 pacisci,

430 609 480 672 Ne
504 604 642 691 Cypriae
665 602 840 687 Tyriaeque
864 622 986 664 merces

341 712 476 777 Addant
499 730 595 775 avaro
619 706 751 771 diuitias
775 704 876 768 mari:

340 816 429 881 Tunc
454 836 521 896 me,
545 809 679 877 biremis
703 806 865 893 praesidio
890 805 1049 891 scaphae,

385 919 506 982 Tutunr
530 937 586 1000 per
609 915 757 997 Aegaeos
782 908 946 974 turnultus

430 1022 521 1084 Aura
542 1018 624 1082 feret
646 1014 864 1100 geminusque
892 1011 1022 1077 Pollux.

163 1179 259 1240 mrrpiat
271 1175 369 1239 Africis
384 1174 456 1220 Litus
463 1171 586 1233 procellis.
604 1169 708 1230 Magire
748 1164 809 1212 tius:
835 1163 957 1212 “Addunt
981 1179 1058 1212 avaro
1083 1165 1190 1213 divitias
1209 1168 1293 1216 mari.”

162 1263 200 1306 cst
216 1254 377 1304 Homericum
393 1250 471 1312 βοᾶν.
505 1247 577 1296 Iliad.
604 1252 632 1295 P.
650 1246 707 1293 265.
748 1243 827 1307 Apud
843 1242 990 1291 Iuvenalem
1002 1241 1064 1290 XII.
1076 1243 1116 1291 33.
1126 1243 1213 1293 navita
1225 1245 1293 1309 inpe-

163 1337 226 1400 ἀμφὶ
238 1335 262 1384 δέ
274 1332 295 1382 τ’
305 1329 482 1396 ἅκραιἨϊόνες
490 1328 610 1390 βοόωσιν,
628 1325 708 1386 Quem
748 1322 828 1369 riculo
854 1321 920 1369 vitae
951 1322 1073 1370 Desidere
1104 1324 1177 1372 iaetu
1211 1325 1295 1387 Coepit

163 1415 245 1463 locum
263 1413 323 1461 adeo
339 1409 477 1458 mirahatur
493 1407 583 1462 Plato,
603 1411 633 1451 ut
652 1403 709 1450 hinc
748 1416 805 1451 cum
822 1403 911 1450 sentia
944 1399 995 1448 Ubi
1016 1399 1156 1449 Scholiasta
1174 1402 1223 1450 “de
1238 1403 1296 1466 peri·

163 1491 318 1555 potissimum
339 1503 354 1534 a
374 1485 491 1534 faciendis
507 1483 618 1533 versibus
635 1480 710 1529 fuerit
749 1480 808 1528 culo
824 1484 848 1527 et
865 1479 896 1527 de
912 1479 965 1526 vita
980 1478 1059 1542 coepit
1072 1481 1163 1543 pacisci
1173 1495 1296 1530 cumven-

163 1571 300 1619 aeeerritus.
335 1568 475 1617 Homerum
496 1566 607 1613 imitatur
630 1561 708 1625 Apol-
750 1559 793 1615 tis,
810 1564 836 1607 et
850 1559 972 1606 iacturam
988 1558 1109 1608 mercium
1129 1559 1236 1609 facere-'⁹

163 1648 244 1697 lonius
260 1647 373 1696 Rhodius
381 1646 417 1694 11.
428 1646 526 1708 Argon.
535 1643 593 1691 ast.
602 1640 708 1704 βόωνὲ
782 1641 858 1686 Aura
867 1637 938 1700 feret
955 1640 1113 1700 geminasque
1129 1641 1237 1690 Pollux.
1273 1639 1298 1691 Si

163 1726 292 1792 ἁλιμύρεες
306 1726 391 1774 ἀκταί.
422 1723 506 1772 Latini
517 1724 603 1785 ptabtae
614 1723 710 1783 nauaire
750 1723 820 1765 tanta
834 1717 871 1764 vis
882 1723 1012 1765 ventorum
1024 1715 1095 1774 smil,
1112 1724 1141 1764 ut
1151 1733 1249 1782 magna
1259 1734 1299 1768 na·

163 1814 187 1856 et
203 1809 313 1855 clamare
329 1805 414 1851 dicunt
431 1802 505 1849 litora
522 1807 546 1848 et
558 1815 633 1849 mare.
658 1801 709 1848 Ilo·
750 1794 829 1842 visin
847 1810 944 1843 summo
962 1795 1072 1858 periculo
1088 1805 1215 1857 versetur,
1237 1800 1300 1848 unde

162 1891 208 1933 rat.
226 1884 305 1945 Epod.
323 1883 357 1930 X.
391 1882 481 1929 Ionius
499 1882 546 1928 udo
562 1895 710 1929 cumremu·
736 1874 837 1922 ‘eodem
861 1882 972 1938 ternpore
997 1891 1075 1935 aura,
1095 1891 1160 1940 quae
1183 1879 1301 1942 scapham

161 1965 229 2025 piem
245 1964 315 2010 aaut
331 1966 394 2008 uoto.
421 1959 516 2008 Seneca
527 1958 627 2020 llippol.
639 1959 709 2006 1026.
751 1953 777 2001 in
789 1960 889 2016 portum
900 1955 941 2002 vel
952 1960 1043 2003 terram
1055 1956 1301 2008 dueatlBentleius:

163 2048 244 2090 totam
269 2056 339 2088 arare
363 2040 485 2101 iaaaarrait.
519 2036 606 2086 Valer.
626 2038 709 2086 Flaee.
752 2032 891 2094 “Equidem
908 2033 938 2082 de
954 2034 1044 2082 reculis
1061 2034 1122 2083 meis
1138 2036 1302 2086 minimesol·

163 2121 198 2169 11.
220 2120 276 2168 498.
302 2119 398 2181 rrauqt're
417 2120 494 2165 uates.
527 2116 587 2164 Vid.
610 2115 710 2165 Ouden-
751 2110 846 2169 licituS,
868 2111 926 2159 satis
943 2113 1051 2173 habeb0,
1071 2115 1092 2162 si
1108 2115 1149 2163 vel
1166 2115 1194 2162 in
1212 2118 1304 2180 scapha

163 2201 230 2262 dorp.
256 2198 287 2246 ad
313 2197 432 2259 Appuleii
449 2196 497 2245 VI.
524 2196 708 2258 Metamorpho-
751 2190 946 2239 nudusadlitus
956 2192 1091 2255 appellum,
1108 2195 1236 2243 mercibus
1246 2211 1303 2247 curn

163 2291 222 2325 scon
243 2292 299 2340 pag.
318 2276 373 2323 406.
401 2274 497 2324 Statius
514 2274 547 2322 X.
574 2274 651 2322 Theb.
670 2276 709 2323 94.
751 2268 805 2332 ipsu
821 2270 880 2317 navi
896 2270 1025 2334 naufragio
1041 2273 1213 2335 pereuntibus.
1243 2276 1304 2326 Ideo

163 2359 234 2406 Licet
250 2359 333 2406 arania
348 2357 552 2404 elaarentlr'tara.
578 2354 710 2405 VidGro-
752 2355 835 2397 autem
856 2352 964 2412 scaphae
982 2353 1121 2413 praesidio,
1146 2353 1210 2415 quia
1231 2355 1303 2414 olim,

162 2450 217 2484 nov,
234 2435 270 2484 Π,
289 2434 391 2484 observ.
415 2435 448 2485 17,
754 2434 780 2474 ut
797 2427 881 2486 hodie,
902 2429 928 2477 in
951 2430 1013 2478 tales
1034 2445 1093 2478 usus
1110 2431 1219 2494 scaphae
1236 2435 1304 2482 navi·

194 2517 235 2564 Ne
257 2515 369 2577 Cypriae
389 2514 528 2575 Tyriaeque
548 2525 638 2558 merces
655 2511 708 2558 Ad·
752 2506 798 2554 bus
815 2508 945 2557 adiunctae
960 2514 1043 2567 erant,
1060 2516 1089 2556 ut
1104 2510 1236 2572 eleganter
1247 2512 1303 2562 Sta-

161 2595 224 2640 daut
241 2608 318 2641 auaro
335 2594 438 2640 divitias
455 2592 528 2639 ηιαή.
562 2589 645 2637 Multo
662 2588 709 2637 ele·
751 2587 800 2634 tius
821 2586 842 2634 1.
865 2586 926 2636 silv.
945 2587 984 2636 4.·’
1017 2588 1094 2636 Navis
1120 2589 1200 2652 igitur
1226 2593 1301 2642 vehe-

161 2673 261 2734 gantius
278 2679 302 2720 et
319 2673 399 2734 magis
416 2672 535 2721 Latinum
553 2675 602 2725 est,
617 2669 637 2716 si
652 2668 708 2715 scri·
749 2666 902 2714 mantissima
921 2674 1065 2730 tempestate
1083 2670 1158 2729 perit,
1179 2671 1302 2734 scapham

161 2750 260 2798 bernus:
278 2767 309 2799 ne
328 2750 440 2812 Cyprias
457 2751 597 2810 Tyriasque
610 2763 708 2797 reserves.
750 2746 808 2792 navi
832 2752 888 2808 post
912 2752 983 2808 terga
1007 2747 1138 2809 alligatam
1159 2765 1229 2798 aura
1255 2751 1303 2799 fert

160 2829 218 2876 Non
239 2842 322 2876 meum
344 2835 393 2884 est,
415 2841 484 2875 orare
500 2824 621 2888 procellas
639 2825 709 2872 Afri·
750 2831 830 2873 tutam
846 2839 890 2888 per
907 2825 1021 2888 Aegaeos
1038 2826 1171 2876 tumultus.
1189 2828 1227 2879 Et
1242 2831 1302 2893 quid

160 2922 201 2955 cas
217 2922 249 2956 ne
266 2906 372 2970 Cyprias
392 2919 485 2954 merces
503 2904 595 2951 addant
611 2902 709 2951 divitias
749 2918 812 2965 opus
829 2912 882 2953 erat
898 2921 978 2963 aura,
998 2919 1056 2953 cum
1075 2907 1168 2969 scapha
1183 2908 1220 2956 sic
1237 2912 1302 2958 dire-

161 2989 232 3036 mari.
266 2984 378 3035 Pulchra
402 2983 532 3047 appositio,
558 2981 640 3044 qualis
664 2981 710 3030 illa
750 2984 798 3030 arie
814 2983 921 3042 dicatur,
943 2990 971 3031 ut
991 2999 1066 3033 usum
1088 2999 1215 3033 remorum
1233 2986 1301 3035 suffi-

160 3069 234 3116 deaus
256 3067 342 3114 addite
362 3067 426 3114 coela
449 3069 474 3111 et
496 3076 541 3109 noa
562 3063 652 3110 rainae
668 3077 709 3111 ae·
750 3074 804 3109 cere
824 3062 1008 3126 intelligamus?
1041 3062 1107 3121 Alii,
1128 3063 1234 3116 fortasse
1254 3067 1302 3115 hoc

159 3147 321 3208 aeramnae
331 3144 519 3193 illustraverunt
528 3140 669 3190 Gronovius
678 3142 709 3188 ad
749 3139 913 3203 incongruum
938 3142 1065 3200 videntes,
1090 3144 1209 3206 scapham
1236 3145 1300 3196 fece·

160 3223 214 3273 Liv.
242 3222 326 3273 XLV.
351 3224 376 3274 7.
397 3227 422 3270 et
442 3220 559 3270 Heinsius
583 3219 614 3266 ad
638 3219 708 3268 Vell.
749 3227 809 3268 runt
833 3221 910 3283 paulo
934 3222 1066 3280 maiorem,
1091 3238 1142 3271 non
1167 3223 1301 3287 alligatam

160 3302 258 3352 Patere.
280 3303 315 3351 II.
335 3303 375 3353 27.
409 3298 609 3363 Tempestatibus
626 3305 709 3346 autem
749 3301 808 3349 navi
824 3300 864 3348 isti
880 3301 1042 3362 periclitanti,
1058 3303 1101 3350 sed
1118 3302 1145 3350 in
1162 3302 1213 3350 alia
1230 3310 1302 3366 parte

159 3390 218 3430 vota
233 3390 258 3432 et
273 3395 358 3445 preces
375 3380 502 3429 faciebant.
531 3377 618 3426 Horat.
628 3378 708 3440 Epod.
749 3380 824 3427 maris
846 3380 941 3442 Aegaei
963 3379 1020 3429 vela
1035 3380 1172 3430 facientem.
1210 3383 1302 3433 Nescio

160 3461 194 3510 X.
222 3464 380 3510 Libidinaeus
394 3459 566 3508 annulabitur
578 3471 653 3518 caper
670 3458 709 3503 Et
749 3473 781 3505 an
806 3466 897 3507 natura
921 3466 1077 3521 tempestates
1094 3459 1121 3507 in
1138 3461 1246 3524 Aegaeo
1265 3462 1302 3510 ita

159 3557 226 3602 aqua
251 3541 447 3601 tempestatibus.
491 3537 586 3586 Seneca
606 3537 707 3598 Quaest.
749 3537 854 3597 dividat,
875 3544 904 3586 ut
925 3538 965 3586 hic
981 3537 1018 3586 vis
1035 3546 1167 3587 ventorum
1191 3541 1301 3599 saeviat,

160 3619 219 3667 Nat.
247 3618 295 3667 IV.
321 3617 344 3667 7.
379 3619 480 3678 Negant
500 3630 572 3678 posse
584 3614 658 3676 fieri,
675 3619 704 3662 ut
748 3616 799 3664 illic
824 3632 886 3665 aura
910 3625 1004 3680 regnet.
1042 3617 1124 3669 Credo
1146 3620 1301 3681 legendum:

160 3712 216 3745 earn
240 3696 363 3758 grandine
388 3694 480 3755 aliquia
503 3697 662 3755 paciscatur,
683 3700 707 3742 et
750 3698 832 3744 Astra
841 3698 930 3760 serent
946 3698 1104 3760 genuinasque
1121 3700 1225 3748 Pollux.
1255 3700 1301 3749 Be·

160 3780 318 3836 tempeetatea
340 3773 494 3821 rraunuaeulia
510 3776 626 3822 redimat.
660 3772 708 3820 Ia·
749 3776 836 3825 neficio
860 3775 993 3825 Castorum
1018 3777 1129 3824 evadam.
1168 3781 1253 3826 Astra
1278 3785 1303 3827 et

160 3868 217 3901 curn
238 3853 324 3902 citavit
346 3851 429 3902 Schol.
451 3853 482 3899 ad
500 3851 574 3901 Statii
590 3851 611 3899 Ι.
629 3850 708 3899 Theb.
752 3855 847 3902 Pollux
863 3856 975 3916 pensinae
991 3868 1035 3917 pro
1048 3857 1128 3902 Astra
1138 3855 1232 3917 perorari
1243 3858 1302 3906 Pal-

160 3933 232 3981 3393·
250 3934 349 3981 auara:
367 3929 503 3979 indefessis.
525 3933 627 3981 Avarus
643 3930 709 3978 enim
751 3934 822 3981 lueis.
851 3934 958 3982 Clarum
972 3936 1136 3995 Tyndaridae
1144 3937 1222 3994 ueras,
1235 3937 1302 3998 apud

160 4012 257 4061 animus
281 4011 381 4086 difficile
405 4009 531 4074 fatigatur.
566 4012 602 4061 Ut
627 4011 708 4059 Hora·
751 4011 886 4060 Horatium
904 4012 951 4061 IV.
969 4012 1051 4062 Carm.
1070 4013 1093 4061 8.

647 4175 811 4201 ψ-
