2916 5220
173 312 238 374 eut
582 304 901 369 (1.·lul[1>tUl1

262 494 333 570 Quo
357 491 431 576 pius
455 492 604 572 Aeneas,
630 513 693 574 quo
717 490 831 556 Tullus
856 490 946 555 dives
971 495 1004 554 et
1026 491 1160 571 AncuS,

310 593 424 657 Pulvis
450 600 481 658 et
506 593 623 657 rumbra
647 614 771 657 sumus.

171 742 248 793 veluti
265 744 347 792 victus
364 759 380 789 u
397 744 499 802 victore,
511 740 563 790 fera
575 756 591 787 a
602 746 718 788 venatore
761 737 891 787 literarum
907 748 966 789 sunt
982 741 1105 792 simillimi
1126 749 1151 792 et
1172 742 1247 791 facile
1262 757 1311 792 coa·

170 822 276 879 deiecta,
297 823 397 870 decidit.
432 821 501 869 Hace
523 828 547 868 et
564 819 615 868 alia
631 820 716 867 huius·
761 817 864 867 lescunt.
897 820 964 868 Hinc
990 837 1013 870 v.
1039 837 1061 870 c.
1078 823 1105 871 in
1122 822 1220 886 Virgil.
1237 823 1309 873 MSS.

170 902 237 950 modi
254 916 344 964 parum
362 907 475 948 accurate
491 901 517 947 in
534 898 641 955 Iexicis,
655 913 718 961 quae
760 896 825 945 Aen.
844 897 893 946 VI.
910 899 967 947 849.
988 915 1034 963 pro
1055 903 1147 950 ducent
1172 901 1250 949 scribi
1272 916 1310 964 po

169 981 249 1028 adhuc
267 979 393 1036 habemns,
410 979 508 1027 Latinis
525 970 636 1040 exposita
650 984 716 1025 sunt.
760 976 809 1022 tuit
826 978 931 1035 uticem,
957 979 1023 1040 quod
1048 994 1074 1027 se
1098 993 1151 1026 non
1172 979 1310 1043 intelligere
1364 984 1371 1003 “

205 1060 261 1117 Quo
276 1061 336 1121 pius
364 1060 474 1115 Ameria,
501 1071 549 1118 quo
569 1057 659 1104 Tulliae
676 1058 714 1104 di·
760 1053 819 1102 dicit
845 1055 984 1104 Burmann.
1022 1058 1064 1105 Its
1087 1063 1113 1106 et
1138 1064 1310 1120 permutantur

168 1154 209 1188 ves
230 1144 254 1187 et
272 1140 365 1186 dacus.
409 1135 463 1184 Cur
486 1135 525 1182 hic
548 1134 652 1182 Tullum
675 1134 715 1182 vel
760 1135 789 1182 cl.
807 1140 831 1183 et
848 1138 872 1183 d.
890 1135 984 1184 Markl.
1006 1135 1037 1182 sd
1061 1134 1136 1184 Statii
1152 1133 1188 1182 Π.
1209 1135 1271 1184 Silv.
1288 1138 1309 1188 7.

169 1219 270 1266 Ancum
288 1214 399 1262 nominet
416 1215 518 1262 elicitam
530 1228 579 1260 non
592 1227 715 1275 assequor.
760 1227 815 1274 pag.
832 1214 889 1262 253.
907 1220 931 1262 et-
948 1215 999 1276 ipse
1015 1213 1156 1262 Burmann.
1174 1213 1208 1261 ad
1224 1213 1308 1264 Valet.

168 1296 296 1345 Bentleius
313 1293 424 1355 corrigit:
450 1294 551 1347 Talem,
571 1307 670 1354 pauper
691 1299 716 1339 et
759 1291 844 1340 Flacci
860 1293 909 1341 VI.
920 1294 977 1344 747.
995 1293 1026 1342 In
1037 1292 1125 1340 multis
1137 1299 1224 1342 autem
1235 1294 1309 1345 MSS.

170 1377 263 1424 Aucus.
296 1373 383 1434 Neque
399 1371 466 1418 illius
483 1371 584 1434 epitheti
596 1372 716 1418 rationem
759 1370 853 1434 legitur
876 1374 967 1420 Tullus
988 1374 1070 1420 dices:
1091 1386 1143 1419 non
1164 1373 1234 1422 dives
1253 1375 1310 1422 Tul·

168 1454 292 1516 intelligo,
310 1466 374 1515 quae
391 1452 526 1499 sententiae
537 1452 568 1499 sit
580 1464 716 1499 accommo-
759 1452 806 1499 lus.
841 1453 920 1501 Abire
939 1452 966 1500 in
987 1451 1034 1498 hac
1054 1465 1080 1499 re
1096 1457 1188 1499 notum
1204 1459 1243 1501 est
1259 1469 1308 1502 ver·

168 1533 233 1581 data.
266 1532 317 1581 Vel
334 1532 400 1579 enim
417 1531 540 1587 homines,
557 1545 662 1593 quorum
674 1545 715 1578 ex-
759 1529 828 1578 bum.
849 1530 973 1578 Lucilius:
997 1532 1134 1592 Insperato
1155 1533 1221 1580 abiit
1241 1547 1309 1595 quem

167 1612 250 1674 empla
265 1612 432 1674 proponimus,
449 1610 523 1657 nullo
539 1610 647 1671 epitheto
658 1614 716 1656 sunt
759 1623 811 1656 uria
827 1612 923 1671 uncina
939 1610 1046 1658 obstulit
1062 1610 1134 1657 bora.
1157 1609 1244 1659 Plaut.
1261 1610 1307 1660 Ca-

167 1689 329 1751 insignicudi,
345 1688 386 1736 vel
403 1701 443 1744 eo,
460 1689 526 1750 quod
543 1688 648 1744 indicat,
669 1702 714 1735 nos
759 1688 803 1735 sin.
822 1686 923 1750 Prolog.
948 1688 986 1736 19.
1023 1688 1076 1745 Qui
1099 1703 1170 1737 uuae
1194 1690 1309 1738 abierunt

167 1773 277 1829 putasse,
296 1767 372 1814 talem
389 1766 515 1813 hominem
533 1767 595 1814 mori
613 1781 662 1814 nou
675 1767 714 1815 de·
760 1769 1017 1816 biuciucommunem
1029 1768 1115 1816 locum
1144 1767 1254 1817 Phaedr.
1264 1769 1309 1817 VI.

167 1845 248 1892 buisse
264 1859 311 1893 nec
327 1845 441 1906 potuisse.
476 1844 517 1893 Sic
540 1846 639 1893 Lucret.
665 1846 714 1894 ΙΙΙ.
762 1847 798 1893 19,
833 1848 959 1894 Abiturus
975 1847 1049 1906 illuc,
1066 1860 1114 1908 quo
1129 1849 1233 1908 priores
1249 1850 1308 1898 abu·

170 1926 239 1973 1083.
258 1926 370 1971 Lumirm
385 1925 440 1971 auia
456 1925 534 1971 oculis
550 1925 627 1972 etium
638 1925 716 1972 bonus
759 1931 833 1984 runt,
854 1925 924 1982 Quid
940 1930 1021 1973 memte
1036 1939 1107 1973 ccccc
1124 1926 1247 1974 raiserum
1264 1933 1309 1976 tor·

167 2003 248 2052 Aueu'
281 2003 398 2064 reliquit,
432 2002 484 2058 Qui
512 2003 599 2049 urelior
629 2004 716 2050 uiuitis
758 2018 817 2066 ques
828 2003 968 2066 spiritum?
988 2003 1046 2051 Tibi
1062 2004 1124 2060 dico,
1142 2020 1229 2064 acore,
1250 2022 1308 2068 pau·

166 2099 242 2145 quam
260 2088 289 2128 tu
300 2081 370 2144 suit,
387 2082 507 2142 improbe,
523 2084 602 2129 rebus.
629 2080 714 2129 Horat.
758 2084 827 2130 dium
848 2083 960 2130 haeredis
985 2083 1031 2128 tui.
1066 2080 1175 2131 Pontius
1200 2084 1309 2134 Paullin.

167 2162 187 2210 l.
206 2162 289 2211 Carm.
311 2162 351 2210 28.
388 2162 487 2210 Occidit
509 2165 533 2208 et
555 2162 657 2221 Pelopis
677 2177 715 2222 pe·
758 2161 841 2210 Carm.
860 2176 916 2224 pag.
938 2162 978 2209 89.
1014 2161 1073 2218 Qua
1093 2175 1209 2221 proceres
1230 2165 1310 2212 abiere

167 2244 248 2300 nitor,
273 2242 375 2291 eouuicc
401 2242 523 2288 Deorum.
566 2236 716 2287 Occiderunt
756 2242 801 2302 pii.
830 2240 902 2300 Quod
920 2239 952 2286 ad
969 2238 1075 2286 formam
1090 2241 1309 2304 obicitproabiit,

167 2320 254 2368 Ancus
272 2327 296 2369 et
313 2319 449 2376 Tantalus,
472 2317 583 2380 quamvis
600 2317 641 2364 hie
657 2332 713 2365 con·
758 2334 787 2368 ea
811 2320 837 2366 in
862 2319 960 2382 optimis
987 2318 1063 2368 MSS.
1090 2332 1164 2381 saepe
1189 2320 1309 2379 cernitur,

166 2401 232 2449 vivio
249 2401 374 2456 Deorum,
391 2398 433 2446 ille
450 2395 582 2444 virtutibus
600 2403 663 2445 esset
679 2397 714 2444 in·
757 2399 823 2447 male
839 2400 870 2446 ab
893 2399 948 2447 aliis
970 2397 1056 2445 deinde
1079 2404 1191 2447 extrusa.
1226 2399 1309 2450 Caete-

110 2482 114 2488 '
166 2480 251 2541 signis.
283 2477 373 2541 Virgil.
404 2475 453 2524 IX.
483 2475 547 2523 Aen.
577 2474 633 2526 327.
662 2479 715 2538 repi
757 2494 813 2526 rum
836 2479 896 2527 haec
916 2478 1057 2528 coniectura
1078 2478 1140 2525 mihi
1158 2479 1184 2526 in
1201 2484 1309 2528 mentem

170 2559 255 2607 Turno
270 2559 428 2621 paratissimus
439 2570 535 2616 aupur:
550 2555 600 2602 Sed
610 2570 659 2602 ucri
669 2571 713 2603 uu·
757 2558 853 2617 incidit,
872 2572 950 2620 quum
967 2557 1081 2619 legebam
1092 2558 1183 2606 Horat.
1196 2556 1216 2606 I.
1230 2558 1307 2621 Epist.

165 2638 236 2696 curio
259 2639 343 2698 potuit
367 2638 488 2698 depellere
510 2640 612 2696 pestem.
645 2634 713 2682 Iam:
756 2636 819 2685 VII.
844 2639 885 2688 27.
920 2639 966 2684 Ire
992 2641 1075 2685 tanuen
1099 2643 1195 2695 restet,
1222 2639 1308 2686 Numa

165 2714 254 2762 Ancus
266 2714 334 2761 diues
344 2714 439 2769 occidit,
448 2711 603 2760 est:divitiae
612 2711 714 2759 Ancum
755 2730 802 2776 quo
827 2716 925 2763 deuenit
949 2721 973 2763 et
999 2717 1093 2765 Ancus.
1135 2716 1234 2764 Ibimus
1259 2731 1308 2780 quo

165 2800 244 2841 morte
260 2807 310 2840 non
325 2797 462 2854 potueruut
477 2789 590 2838 liberare.
618 2788 666 2837 Sed
683 2791 713 2838 de
755 2792 855 2841 devenit
879 2793 981 2855 Ancus,
1006 2794 1143 2842 recidemus
1164 2810 1214 2858 quo
1231 2795 1307 2843 abivit

165 2872 255 2919 divitiis
272 2871 338 2919 Anci
355 2870 417 2917 nihil
434 2874 536 2915 constat.
571 2868 597 2917 Si
618 2875 712 2917 consta·
755 2871 856 2929 Ancus,
883 2873 985 2920 omnino
1009 2872 1095 2921 eadem
1122 2881 1192 2921 suut.
1226 2874 1305 2922 Hora·

166 2958 215 3006 ret,
232 2957 260 2997 ut
277 2950 307 2997 ds
324 2949 427 3006 Croeso,
445 2946 576 2995 lectionem
593 2960 643 2993 non
661 2962 711 2995 mo·
755 2950 827 2999 tionis
845 2966 904 2999 usus
921 2957 959 2999 est
976 2951 1001 2998 in
1016 2951 1111 3000 Philos.
1132 2952 1199 3000 Mor.
1218 2952 1306 3002 Hilde-

165 3041 255 3076 verem.
290 3027 356 3074 Nam
378 3031 473 3072 rectum
493 3031 541 3073 est:
567 3027 667 3075 Occidit
687 3034 712 3076 et
755 3029 838 3077 bertus
855 3047 879 3093 p.
897 3031 952 3082 970.
971 3037 996 3078 et
1013 3031 1070 3080 992.
1088 3030 1161 3078 nulla
1178 3032 1305 3091 varietate,

165 3106 232 3153 dices
248 3105 360 3153 Croesus.
386 3104 480 3154 Contra
496 3112 628 3168 paupertas
645 3105 712 3155 Anci
754 3109 803 3156 nisi
818 3111 884 3173 quod
911 3110 996 3158 vitiose
1020 3111 1131 3174 legatur:
1159 3112 1206 3158 Ire
1221 3116 1304 3160 taurea

165 3183 355 3247 ascriptoribus
372 3191 531 3233 memoratur.
557 3185 615 3232 Nou
628 3191 711 3234 tamen
753 3195 834 3237 restat
859 3191 886 3237 iu
910 3191 963 3246 uia,
980 3205 1027 3252 quo
1048 3191 1146 3238 devenit
1165 3195 1189 3237 et
1210 3191 1317 3238 Aucus?

164 3263 221 3311 hinc
231 3265 388 3312 emendemus
399 3279 496 3326 pauper
506 3267 598 3313 Arrace.
616 3264 712 3327 Nempe
754 3267 845 3316 Postea
860 3269 964 3330 cognovi
977 3274 1001 3316 et
1010 3267 1160 3315 Withofium
1176 3267 1212 3315 ita
1224 3268 1303 3316 conie-

164 3343 267 3392 lacimus
288 3345 423 3392 Horatium
446 3343 579 3390 dicentem:
610 3343 710 3390 Occidit
752 3347 849 3395 cissein
861 3345 1304 3409 libelloaliquoGermanicescripto.

164 3428 189 3470 et
202 3424 615 3485 Auctis,querucisessetpuuper.
632 3421 711 3481 Quasi
753 3424 819 3485 Quia
834 3425 922 3473 lanius
947 3439 997 3472 non
1021 3426 1181 3482 memoravit,
1206 3425 1304 3487 ignora·

164 3501 219 3563 quis
250 3516 360 3564 unquam
389 3506 513 3563 putasset,
542 3506 711 3562 paupertatem
753 3504 819 3551 bam.
853 3505 895 3552 Ex
919 3503 1019 3552 Horatii
1044 3503 1124 3565 Epist.
1152 3506 1304 3567 Numaque

164 3595 217 3628 essa
238 3580 325 3628 debere
347 3579 470 3626 auxilium
492 3586 578 3627 contra
597 3586 709 3629 mortem.
753 3584 851 3630 deuenit
867 3588 892 3631 et
908 3585 1008 3639 Anaua,
1032 3581 1120 3629 coniici
1143 3597 1243 3646 quoque
1260 3598 1303 3646 po·

164 3659 289 3722 Apparet,
306 3658 332 3704 ni
349 3657 435 3714 fallor,
452 3672 530 3720 neque
547 3659 615 3706 dices
631 3673 711 3720 neque
753 3667 827 3708 terat:
840 3676 887 3724 quo
901 3663 992 3709 Tullus
1001 3662 1069 3709 veuit
1077 3665 1102 3709 et
1112 3663 1209 3711 Aucus.
1226 3663 1304 3726 Finge

161 3754 261 3801 pauper
276 3738 308 3785 ab
324 3737 429 3784 Horatio
446 3737 519 3783 scribi
529 3736 644 3798 potuisse.
661 3738 710 3786 Ne·
752 3739 886 3786 Horatium
911 3738 1034 3801 scripsisse
1062 3740 1153 3787 Tullus
1183 3744 1252 3790 veuit
1281 3748 1305 3790 et

164 3833 211 3880 que
227 3818 288 3881 legit
299 3817 493 3867 commentator.
511 3815 654 3878 Antiquam
665 3817 711 3865 hoc
753 3821 851 3876 Aueiae,
863 3824 888 3867 et
896 3819 1005 3881 glossam
1015 3817 1210 3881 superlinearem
1219 3821 1303 3870 fuisse:

165 3902 201 3944 est
219 3896 323 3952 vulnus,
340 3900 423 3942 ortum
440 3891 710 3942 exconfusioneunius
752 3899 809 3944 “ut:
837 3899 925 3945 Numa
949 3912 997 3959 quo
1023 3898 1121 3945 deceruit
1146 3906 1171 3948 et
1193 3901 1304 3949 Aucus.'’

163 3974 290 4032 literulae,
316 3973 382 4036 quod
403 3973 453 4019 iam
470 3971 538 4019 facili
555 3973 653 4020 medela
670 3988 709 4021 sa·
752 3974 835 4035 Quam
851 3974 922 4024 facile
939 3977 1037 4025 deuenit
1053 3975 1191 4024 intextum
1203 3978 1305 4026 alterius

164 4053 240 4100 nabo:
258 4055 310 4101 Nos
331 4054 373 4101 ubi
397 4054 543 4109 recidimus,
570 4054 626 4110 Quo
649 4056 711 4114 pius
752 4055 809 4105 MS.
830 4056 976 4104 descendere
995 4055 1088 4118 potuit!
1122 4055 1180 4103 Hoc
1201 4058 1305 4106 vitiabat

165 4135 273 4188 Aeaeus,
296 4147 343 4194 quo
367 4134 458 4180 Tullus
475 4133 555 4179 abicit
570 4137 595 4180 et
612 4135 710 4189 Aucus,
752 4141 875 4191 metrum,
898 4149 955 4193 nec,
981 4135 1070 4198 quippe
1087 4134 1155 4181 hand
1172 4136 1305 4200 perspicue

168 4212 257 4259 Parlais
273 4216 298 4258 et
314 4213 404 4259 umbra
425 4225 518 4258 sunaus.
553 4213 593 4258 Ab
610 4216 635 4258 et
652 4213 669 4258 d
684 4212 711 4258 in
752 4215 886 4277 seriptum,
912 4213 973 4261 bene
1003 4213 1053 4276 legi
1085 4217 1191 4275 poterat.
1235 4215 1305 4277 Ergo

165 4288 241 4338 MSS.
259 4303 329 4351 saepe
346 4295 535 4350 permutantur,
552 4289 611 4351 quia
621 4289 710 4336 ductus
752 4291 849 4340 dmreait
865 4296 889 4338 ct
905 4296 1030 4338 mut-atum
1047 4292 1125 4340 estin
1143 4293 1212 4342 dives
1229 4299 1261 4342 et.
