2916 5220
593 315 767 378 LIBER
813 315 874 376 lll.
1234 313 1298 375 ‘273

453 563 454 566 ’
531 553 778 619 OARMEN
823 551 934 617 XXX.

342 690 454 790 Exegi
478 709 728 768 monumentum
753 725 826 768 aere
848 703 1023 788 perennius

341 807 522 894 Regalique
546 807 612 872 situ
636 806 845 892 pyramidum
868 806 988 887 altius,

342 911 437 990 Quod
460 931 527 975 non
550 909 654 974 imber
677 909 777 990 edax,
803 929 869 972 non
883 908 1015 992 ,Aquilo
1039 909 1205 993 impotens

344 1012 455 1078 Possit
479 1013 620 1094 diruere,
644 1017 703 1076 aut
726 1010 977 1076 innumerabilis

339 1116 512 1180 Annorum
536 1115 634 1180 series
667 1121 700 1179 et
723 1113 804 1198 fuga
827 1119 1020 1199 temporum.

341 1219 416 1284 Non
439 1219 546 1284 omnis
570 1217 690 1282 moriar
712 1216 882 1302 multaque
905 1239 981 1302 pars
1008 1217 1077 1282 mei

343 1321 473 1386 Vitabit
496 1321 687 1385 Libitinam.
735 1320 849 1404 Usque
873 1341 932 1404 ego
956 1325 1087 1404 postera

341 1426 493 1492 (ireseum
515 1427 613 1491 laude
636 1447 766 1507 recens,
791 1425 871 1490 dum
896 1423 1098 1509 Capitolium

341 1531 483 1596 Sca-ndat
505 1552 580 1595 cum
606 1529 706 1594 tacita
729 1528 857 1614 virgine
881 1526 1040 1613 pontifex.

343 1634 461 1716 Dicar,
486 1656 551 1718 qua
573 1633 699 1697 'violens
724 1631 889 1716 obstrepit
911 1630 1070 1713 Aufidus,

343 1739 473 1822 Eique
489 1758 620 1821 pauper
642 1757 743 1821 aquae
765 1736 904 1799 Daunus
927 1738 1096 1820 aprestium

341 1843 497 1927 Repnauit
514 1838 726 1924 popularum,
751 1860 791 1902 eu
813 1837 922 1903 humili
938 1846 1054 1922 potens

304 2048 457 2098 CARMEN
474 2049 563 2098 XXX.
749 2023 835 2070 etium.
853 2022 948 2070 Versus
965 2021 1063 2070 Obscurl
1079 2028 1104 2070 el
1125 2021 1192 2068 mall.
1217 2021 1298 2069 Fraus

750 2100 977 2150 Grammaticorum
1006 2101 1031 2147 in
1059 2115 1086 2148 rc
1113 2099 1185 2147 nulla
1205 2099 1299 2147 facilior

191 2145 292 2242 Exegi
303 2186 555 2229 monueruntumaere
565 2181 708 2241 perennius.
749 2186 811 2238 erat,
838 2195 913 2242 quam
938 2180 963 2227 in
990 2179 1167 2241 Geographica.
1209 2179 1299 2241 Itaque

158 2260 262 2308 Hieron.
288 2259 367 2322 Epist.
388 2260 428 2308 86.
465 2261 548 2322 Eaepi
568 2274 708 2307 monumen·
749 2257 861 2305 ridemus
882 2259 965 2320 poetas
988 2259 1126 2320 plurimum
1147 2258 1172 2304 in
1194 2258 1241 2305 hcc
1258 2273 1298 2319 ge-

159 2346 216 2388 tam
240 2354 297 2388 nere
318 2341 467 2401 perennius,
492 2341 558 2402 quod
577 2340 650 2386 nulla
670 2341 709 2387 rie·
749 2350 806 2383 nere
820 2336 895 2385 fuisse
906 2337 1055 2398 inquinatos.
1068 2322 1298 2384 Horatius¹tantum

158 2424 259 2467 struere
273 2420 353 2480 possit
368 2424 482 2466 uetustas.
508 2418 589 2465 Locus
600 2431 709 2464 commu·
748 2415 858 2463 indicare
881 2414 960 2463 voluit
985 2415 1091 2477 patriam
1113 2429 1191 2461 suam.
1226 2413 1298 2462 Hanc

159 2496 210 2555 nis,
236 2496 354 2545 amultis
370 2502 502 2555 traetatus,
528 2498 602 2544 etiam
619 2496 661 2559 qui
678 2511 710 2543 ex
750 2494 809 2542 satis
833 2495 997 2558 intelligimus
1020 2509 1052 2542 ex
1074 2493 1176 2542 flumine
1194 2494 1298 2542 Aufidc.

158 2575 265 2623 Horatio
288 2574 451 2638 profecerunt.
486 2574 581 2624 Statius
598 2575 619 2623 1.
647 2573 708 2623 silv.
750 2573 844 2622 Aliena
864 2575 905 2622 hic
929 2580 966 2623 est
988 2573 1187 2622 commemoratio
1212 2573 1298 2620 Dauni

161 2656 182 2702 l.
195 2655 235 2702 91.
258 2657 317 2703 Non
328 2657 372 2704 hec
383 2656 526 2717 imbriferas
538 2657 628 2703 hiemes
638 2669 709 2717 epus,
749 2659 774 2700 et
796 2654 910 2716 antiquae
932 2652 1059 2712 historiae;
1082 2652 1152 2699 nimii
1173 2661 1232 2701 sunt
1248 2660 1298 2701 tres

158 2740 208 2782 aut
224 2735 294 2782 Icaria
313 2735 394 2794 ignem
415 2734 601 2794 Terpeminum,
629 2731 710 2780 Aeolii
750 2746 836 2780 versus
860 2732 885 2779 in
906 2731 975 2780 brevi
997 2732 1118 2792 carmine,
1137 2731 1169 2778 ad
1184 2731 1247 2779 illud
1264 2732 1297 2779 si·

158 2829 209 2862 nen
232 2812 334 2875 spiritua
359 2813 467 2860 carceris
493 2813 595 2873 horret,
626 2811 708 2858 Anna·
750 2811 918 2873 gnificandum
940 2814 981 2860 ubi
997 2818 1075 2860 ustus
1091 2827 1154 2860 sum.
1188 2811 1223 2859 m
1239 2825 1298 2873 qua-

157 2907 246 2941 rumve
262 2906 358 2947 mcras,
374 2891 453 2939 stabit
470 2891 531 2938 dum
543 2897 612 2939 terra
622 2893 707 2952 pelus-
750 2891 785 2939 les
802 2895 899 2940 versus!
934 2890 1067 2954 Legimus:
1084 2906 1136 2954 qua
1151 2892 1245 2940 violens
1260 2893 1298 2939 ob-

158 2985 218 3032 que,
241 2970 309 3017 Dum
332 2972 449 3019 Romana
469 2971 530 3018 dies.
564 2969 625 3017 Vid.
642 2969 707 3018 Bur·
749 2972 843 3034 strepit
865 2970 982 3034 Aufidus.
1016 2970 1086 3017 Licet
1107 2968 1203 3031 Apulia
1224 2967 1300 3017 fuerit

158 3063 244 3097 mann.
262 3048 293 3095 ad
310 3049 423 3111 Propert.
441 3047 491 3096 ΙΙΙ.
512 3049 532 3096 l.
750 3049 885 3107 siticulosa,
911 3057 995 3097 tamen
1020 3048 1085 3096 male
1110 3046 1185 3095 fluvio
1206 3047 1299 3094 obstre-

198 3130 256 3177 Non
281 3132 361 3177 sirenis
386 3129 488 3176 nuriar.
531 3126 647 3174 Imitatus
672 3133 709 3174 est
750 3128 829 3191 penti,
851 3130 917 3192 quod
938 3144 988 3177 non
1010 3129 1039 3176 fit
1055 3128 1108 3176 sinc
1124 3127 1204 3174 multa
1221 3143 1299 3190 aqua,

160 3207 257 3256 Seneca
273 3207 365 3255 Treui.
379 3206 436 3257 378.
459 3206 501 3254 An
514 3206 562 3253 toti
573 3207 708 3267 inurimur,
750 3209 912 3270 subiungitur
918 3211 1031 3257 Daunus
1042 3224 1122 3270 aquae
1132 3222 1238 3270 pauper.
1252 3205 1299 3255 Co·

158 3286 280 3347 arsllaque
293 3300 356 3347 pars
372 3291 455 3333 nranet
471 3285 566 3333 nestri?
591 3281 708 3343 Quinctil.
750 3287 842 3350 gitares
863 3294 887 3336 te
911 3288 935 3334 in
958 3285 1033 3333 aliam
1055 3287 1178 3349 regionem
1201 3286 1298 3333 abduci.

158 3364 273 3413 Declam.
297 3363 330 3411 X.
355 3365 378 3411 2.
413 3365 532 3427 Experto
557 3377 605 3413 non
630 3369 709 3411 tetum
750 3367 832 3428 Quam
854 3367 915 3415 bene
937 3371 1021 3412 autem
1043 3379 1087 3412 rex
1104 3364 1159 3426 agri
1176 3364 1233 3411 sicci
1249 3364 1300 3426 ipse

159 3444 225 3490 arari
242 3443 370 3489 nerninem.
751 3446 846 3494 dicatur
874 3460 954 3507 aquae
979 3460 1091 3507 pauper,
1120 3444 1163 3492 alii
1191 3442 1299 3491 videant.

195 3518 313 3568 Creseam
330 3520 404 3566 laude
420 3534 512 3568 reeens.
544 3520 643 3568 Auctor
660 3522 709 3584 epi·
751 3527 910 3587 Populos-ura
935 3533 1001 3573 certe
1021 3538 1066 3587 pro
1087 3525 1227 3580 hortunam,
1249 3537 1299 3572 non

159 3597 307 3661 grammatis
324 3598 350 3645 in
363 3597 580 3648 Anth01.111.14.
607 3600 709 3664 Οὕνομα
749 3604 905 3666 probandum
926 3609 969 3651 est.
1003 3601 1058 3650 Iam
1084 3600 1129 3648 illa
1153 3616 1184 3648 er
1209 3602 1301 3648 lrunrili

158 3676 212 3739 μὴν
236 3675 317 3737 ἥρωος
342 3673 380 3723 ἀεὶ
406 3675 477 3737 νεὸν,
500 3679 530 3726 οὐ
551 3680 599 3743 γὰρ
621 3678 709 3737 ἀοιδὰς
728 3688 730 3761 i
749 3681 909 3744 permulceo
926 3687 950 3730 et
967 3680 1299 3742 sensutamambiguopo-

158 3754 311 3819 Ἀμβλύνειν
328 3753 401 3817 αἰὼν,
418 3755 466 3814 κῆν
482 3756 692 3822 restauraverat.
750 3759 797 3808 sita
818 3766 891 3817 sunt,
915 3766 944 3807 ut
965 3759 1057 3807 nescias
1080 3759 1110 3805 ad
1127 3759 1247 3806 Daunum
1268 3772 1299 3805 au

197 3836 304 3883 Violens.
322 3833 418 3882 Vocem
427 3834 492 3882 hane
500 3834 638 3884 illustravit
646 3837 709 3885 Bur·
751 3839 782 3886 ad
807 3839 941 3887 Horatium
957 3831 1063 3885 'referas
1102 3835 1179 3897 Origo
1204 3835 1300 3898 glossae

158 3927 244 3962 mann.
263 3912 293 3960 ad
311 3912 416 3961 Anthol.
434 3914 506 3962 Tom.
519 3914 540 3963 I.
558 3930 615 3978 pag.
628 3916 668 3964 85.
686 3921 711 3964 et
751 3917 811 3966 haec
835 3932 887 3966 esse
908 3916 995 3979 potuit.
1029 3915 1073 3964 Ad
1091 3915 1167 3963 rerba
1184 3931 1234 3976 qua
1251 3917 1300 3964 uio·

157 3994 289 4058 praecipue
306 3990 465 4055 Oudendorp.
483 3993 514 4040 ad
531 3993 652 4057 Appuleii
662 3994 709 4043 VI.
752 3999 804 4045 lens
825 3999 946 4058 obstrepit
970 3995 1079 4058 Aufidus
1101 4000 1218 4043 annotare
1238 3994 1299 4044 sole·

158 4074 263 4122 Metam.
286 4086 342 4135 pag.
364 4072 420 4120 410.
455 4070 710 4123 dilatationem.
751 4075 827 4122 hant:
858 4077 983 4138 “Aspidas
1001 4073 1102 4131 fluruen
1125 4074 1153 4120 in
1178 4076 1299 4135 Apuliu.¹'
1328 4093 1331 4097 ·

158 4153 235 4201 Nova
263 4149 322 4198 Vol.
348 4149 384 4198 II.
411 4164 468 4212 pag.
497 4151 534 4202 17.
571 4149 710 4200 Commeat.
752 4155 825 4202 Hanc
847 4153 955 4215 glossam
977 4153 1001 4199 in
1019 4158 1126 4198 metrum
1143 4152 1299 4214 redigebant,

158 4234 287 4287 “torrens,
304 4229 478 4292 impetuosus.''
752 4248 783 4281 ex
802 4231 960 4294 Geographia
976 4229 1100 4289 addentes,
1112 4230 1238 4278 Dauniam
1248 4245 1301 4282 esse

194 4309 235 4356 Et
251 4324 302 4371 qun
317 4323 416 4372 pauper
427 4324 508 4371 equae
520 4310 628 4357 Daunus
644 4324 712 4371 spre-
753 4318 847 4374 partem
865 4309 988 4372 Apuliae,
1010 4325 1025 4356 a
1041 4309 1144 4367 Dauu0,
1165 4325 1223 4373 rege
1240 4312 1301 4360 anti-

1127 4394 1167 4455 18
