2916 5220
605 305 777 368 LIBER
823 307 847 369 l.

338 489 490 553 llissolve
515 489 635 573 frigus,
662 489 752 574 ligna
777 513 873 574 super
897 491 966 555 tino

340 593 443 677 large
468 615 644 678 reponens,
670 599 767 679 atrluc
791 594 965 678 benignius

383 696 544 779 Deprome
568 695 776 780 quadrimum
801 696 939 777 Sabina,

428 797 686 879 briaitarum,
711 820 837 863 merum
861 799 959 863 diota.

338 900 497 964 Permitte
522 900 616 964 Divis
639 908 782 983 caetera,
809 902 864 986 qui
889 903 985 967 sirnul

337 1003 486 1067 Stravere
507 1009 622 1068 ventos
641 1025 778 1088 aequore
803 1004 926 1069 fervido

383 1105 650 1190 Deproeliantes‚
676 1129 734 1171 nec
756 1109 900 1191 cupressi

428 1210 495 1274 Nec
517 1216 640 1275 veteres
666 1211 835 1295 agitantur
857 1213 937 1276 orni.

338 1313 425 1390 Quid
449 1312 495 1376 sit
517 1312 666 1377 futurum
690 1337 777 1395 cras,
802 1316 880 1399 fuge
904 1339 1073 1401 quaerero,
1099 1328 1130 1381 et

339 1415 445 1493 Quem
469 1437 537 1481 sors
562 1417 688 1480 dierum
712 1440 850 1503 cunique
874 1420 983 1495 dabit,
1009 1419 1097 1483 lucro

380 1518 536 1603 Appone,
561 1541 620 1583 nec
644 1520 754 1584 dulces
779 1543 903 1585 amores

430 1620 551 1706 Sperne
574 1644 672 1706 puer,
698 1645 801 1709 neque
826 1630 863 1688 tu
885 1626 1034 1705 choreas,

340 1723 451 1788 Donec
474 1724 594 1789 virenti
617 1725 754 1791 canities
778 1728 871 1792 abest

338 1826 475 1891 Morosa.
524 1827 621 1891 Nunc
642 1834 675 1892 et
696 1850 831 1914 campus
856 1836 890 1895 et
912 1855 1003 1896 areae

384 1929 552 2014 Lenesque
576 1930 637 1994 sub
660 1938 789 1997 noctem
814 1935 938 1999 susurri

431 2030 622 2116 Composita
645 2040 834 2117 repetantur
857 2036 955 2100 hora:

158 2248 185 2281 se
202 2232 227 2279 iu
244 2247 327 2280 omnes
344 2237 426 2295 partes
443 2237 555 2291 vertant,
576 2240 604 2280 ut
624 2233 706 2282 Hora·
728 2210 730 2285 l
751 2251 886 2298 pronomen
903 2240 1093 2300 interponeret.”
1128 2238 1183 2299 Ego
1205 2235 1243 2283 liic
1261 2251 1297 2284 sc·

159 2312 223 2359 tium
239 2311 366 2359 commode
383 2310 515 2373 explicent.
548 2312 626 2374 Apud
644 2312 708 2360 Mal·
752 2316 801 2364 mel
822 2317 915 2371 dicam,
936 2317 982 2366 hoc
1003 2330 1130 2378 nunquam
1151 2315 1235 2363 fecisse
1252 2315 1300 2363 Ro-

158 2392 222 2440 lium
239 2393 270 2440 de
287 2392 375 2440 Metris
390 2406 448 2454 pag.
465 2391 505 2439 23.
522 2392 626 2454 legitur:
651 2390 709 2439 Stet
752 2407 853 2440 manum
871 2395 981 2455 poetam,
999 2395 1019 2441 si
1035 2395 1066 2441 sit
1077 2400 1163 2441 contra
1173 2395 1299 2455 ingenium

158 2473 217 2518 nive
236 2472 365 2518 eund-idus.
403 2469 536 2518 Caeterum
557 2469 587 2516 de
609 2469 709 2519 Soracte
752 2478 777 2519 ct
796 2473 999 2521 consuetudinem
1020 2473 1132 2536 linguae:
1158 2488 1182 2519 v.
1205 2474 1299 2520 Lucan.

158 2551 185 2597 in
208 2547 352 2597 Annalibus
378 2548 532 2611 Geographis
549 2549 710 2597 Maltebrunii
752 2550 1075 2601 laurasamensis
1088 2553 1301 2613 arruurelirtquos

158 2634 307 2676 annotatum
328 2634 366 2676 est
386 2628 443 2676 hoc:
466 2629 492 2675 in
513 2642 609 2675 summo
627 2635 709 2675 monte
755 2631 891 2687 Adrnmreo,
909 2644 952 2678 uec
970 2636 999 2676 tu
1015 2630 1118 2690 poprtler
1135 2633 1243 2690 utruque
1259 2644 1300 2675 re·

157 2723 212 2756 osse
233 2714 326 2770 septem
347 2705 457 2770 fastigia:
483 2720 533 2755 uon
554 2707 605 2770 tegi
626 2713 710 2755 tamen
752 2713 838 2770 pantes
865 2708 993 2755 Armenta.
1027 2707 1085 2756 Vid.
1104 2706 1171 2756 Cort.
1185 2708 1227 2768 qui
1244 2708 1301 2754 dicit

158 2788 217 2835 nire
241 2792 370 2850 perpetua:
396 2786 478 2833 nivem
499 2785 547 2833 cito
568 2786 709 2848 liquescere.
754 2793 783 2833 tu
800 2800 832 2834 ex
848 2785 925 2835 MSS.
942 2785 1031 2833 Horat.
1048 2787 1135 2836 Vinar.
1152 2787 1301 2835 inscitcesse

158 2866 293 2914 Horatium
309 2867 386 2928 igitur
402 2865 432 2912 de
449 2864 538 2927 hyeme
554 2879 604 2912 uon
621 2866 711 2913 usitata
752 2864 864 2912 eiectum.
899 2863 986 2912 Cicero
1002 2864 1135 2913 11.1)ivin.
1151 2864 1190 2916 72.
1213 2867 1301 2914 Instat

159 2947 235 3009 loqui
752 2945 819 2992 enirn
835 2949 860 2991 et
877 2949 967 3007 urpuet
983 2951 1020 3006 et,
1037 2959 1084 3006 quo
1099 2950 1238 3007 tecumque
1248 2961 1300 2993 oer-

194 3028 328 3086 Deprome.
345 3025 376 3073 In
388 3024 513 3073 unoLeid.
525 3026 624 3086 depone.
637 3023 710 3084 Quod
753 3024 825 3080 teris,
840 3024 1012 3084 persequitur,
1028 3024 1078 3070 sire
1095 3028 1124 3069 tu
1140 3027 1233 3077 vatem,
1249 3025 1302 3071 siue

158 3109 186 3150 et
203 3101 245 3149 alii
261 3103 287 3149 in
304 3102 360 3149 aliis
377 3102 534 3150 inuenerunt.
754 3106 783 3147 tu
803 3117 874 3149 onreu
894 3103 1010 3150 audieris.
1046 3100 1097 3149 Ubi
1114 3101 1228 3149 Moserus
1251 3116 1300 3150 me-

194 3183 322 3230 Permitte
332 3183 399 3230 dicia
410 3187 517 3230 caetera.
535 3181 709 3230 VaLMaxim.
754 3194 808 3227 mor
825 3187 878 3228 erat
894 3180 1025 3228 Horatiani
1041 3193 1132 3227 versus.
1151 3180 1299 3228 Linxxv.

159 3260 181 3307 I.
207 3260 231 3310 7.
275 3261 388 3310 Proinde
406 3261 474 3322 fide,
501 3265 600 3309 caetero
626 3262 711 3309 tacitis
753 3260 777 3307 6.
812 3261 858 3306 Vis
879 3266 909 3306 tu
929 3261 1009 3320 uteri,
1029 3261 1068 3307 vu
1084 3265 1166 3316 terra,
1189 3261 1301 3321 experiri

157 3340 279 3401 yrerncr'tte
289 3337 367 3400 fatis.
401 3337 591 3400 Oudendorpius
613 3339 651 3386 hic
671 3340 709 3386 in-

159 3417 265 3476 dicavit,
282 3431 308 3464 se
324 3416 354 3464 de
371 3417 416 3465 hoc
433 3417 510 3465 verbo
526 3417 605 3478 egisse
616 3418 648 3464 ad
659 3417 710 3464 Lu-

158 3513 215 3545 can.
224 3496 288 3544 VII.
296 3497 353 3544 235.
365 3502 390 3542 et
402 3494 503 3544 Caesar.
519 3495 549 3542 Β.
564 3493 631 3543 Gall.
641 3494 675 3542 V.
685 3496 710 3542 3.

197 3578 269 3634 Quid
284 3578 319 3624 sit
329 3575 454 3636 saturum
471 3587 543 3634 erus,
558 3573 623 3635 supe
640 3589 711 3632 quae·

160 3672 229 3711 rere,
246 3660 278 3702 et.
314 3655 354 3701 Et
374 3666 423 3700 nou
441 3652 532 3712 legitur
548 3653 573 3699 iu
591 3666 640 3700 uno
654 3651 710 3709 MS,

160 3733 230 3782 Leid.
249 3739 277 3780 ut
293 3746 372 3793 neque
388 3732 413 3778 in
431 3731 497 3786 aliis,
515 3745 578 3792 quae
594 3732 711 3793 interpro-

160 3821 198 3860 tes
221 3811 344 3859 viderunt.
379 3809 538 3872 Oudendorp.
560 3825 710 3873 quamquam

161 3891 200 3938 hic
224 3895 294 3951 putet
319 3889 411 3936 durum
436 3895 461 3937 et
485 3889 605 3948 otiosum,
628 3896 711 3937 tamen

160 3986 211 4019 nou
237 3970 312 4018 audet
332 3970 435 4026 tollere,
461 3970 518 4031 quia
539 3969 656 4018 Horatius
678 3970 712 4017 sic

160 4064 233 4112 saepe
249 4050 338 4111 posuit
372 4050 460 4112 Neque
476 4064 522 4112 ego
539 4050 634 4098 tollam.

196 4132 293 4190 Sperne
307 4144 381 4190 puer,
393 4145 470 4190 neque
487 4135 515 4176 tu
526 4131 634 4177 choreus.
654 4129 711 4176 Sca-

161 4209 226 4271 liger
247 4209 273 4255 in
299 4207 336 4255 Re
358 4207 460 4256 Poetica
480 4223 537 4270 pag.
559 4208 616 4255 815.
643 4207 711 4254 dicit:

162 4288 275 4336 “Versus
293 4287 399 4349 coegisse
416 4287 512 4335 videtur
530 4286 662 4343 Horatius,
685 4291 711 4332 ut

754 3340 889 3385 uirtutem?
915 3337 1010 3386 Seneca
1025 3338 1099 3386 Herc.
1111 3338 1171 3386 Fur.
1181 3353 1217 3385 vs.
1231 3339 1299 3390 1247.

753 3419 804 3464 siue
825 3431 863 3464 rue
883 3417 988 3465 altorem
1004 3431 1075 3465 cocus
1099 3417 1146 3464 Seu
1163 3421 1192 3463 tu
1208 3432 1298 3478 puren-

755 3502 811 3544 iem.
845 3494 946 3542 Terent.
963 3495 1068 3542 Maurus
1086 3493 1116 3541 tle
1132 3492 1222 3541 Literis
1239 3502 1300 3544 caet.

755 3589 789 3622 vs.
811 3574 879 3623 1390.
913 3575 959 3621 Vis
975 3575 1108 3621 Iumburn?
1133 3575 1175 3621 die
1191 3577 1300 3623 Pureus.

754 3655 791 3702 uis
808 3659 837 3701 tu
857 3654 1025 3702 Troelruerun?
1057 3654 1137 3701 Rarius
1153 3654 1200 3702 dr‘c.
1227 3653 1301 3701 Adde

754 3732 907 3791 Bentleium‘,
934 3733 976 3794 qui
1004 3732 1079 3779 etiam
1109 3731 1193 3778 attulit
1219 3732 1300 3779 locum

755 3811 869 3860 Senecae.

788 3892 912 3951 Lerresque
927 3893 972 3938 sub
990 3896 1084 3939 tractem
1101 3890 1207 3935 susrurt.
1224 3886 1300 3935 MSS.

755 3970 876 4032 ‹puaedam
902 3971 1018 4029 leuesque.
1052 3967 1093 4014 Ita
1113 3973 1138 4012 ct
1159 3965 1255 4012 Nestor.
1277 3973 1301 4011 ct

756 4049 815 4098 Cod.
834 4047 970 4094 Zulichem.
991 4059 1015 4091 v.
1034 4046 1135 4092 Santen.
1153 4042 1184 4088 ud
1201 4042 1301 4090 Terent.

756 4127 873 4174 Maurum
895 4139 952 4185 pag.
968 4122 1027 4172 247.
1061 4121 1108 4170 Vir
1129 4121 1172 4169 ille
1194 4121 1302 4169 doctissi-

756 4220 810 4252 mus
827 4206 851 4252 in
870 4203 945 4264 longa
961 4201 1124 4263 disputatione
1141 4202 1172 4249 de
1184 4215 1242 4249 voco
1255 4203 1302 4250 irte-

757 4288 795 4334 uis
821 4297 891 4346 saepe
914 4282 1016 4330 nimium
1042 4280 1128 4329 tribuit
1148 4280 1224 4331 MSS.
1248 4280 1302 4342 qui·
