2916 5220
486 339 661 402 11111111
706 341 769 402 lll.

148 524 406 611 Baccharumque
427 526 594 592 euleulluu

193 628 355 693 Procerus
377 627 520 694 uoulbue
543 638 662 694 celere
673 629 853 714 fraxinos!

147 729 212 795 Nu
225 753 366 815 pureum
388 741 445 796 uul
467 732 576 798 luuu‘li
598 733 704 814 uode,

194 833 251 897 Nil
275 835 414 900 mortale
436 835 558 920 loquar.
610 836 719 901 Dulce
736 834 918 920 perieulum
941 841 1008 919 est,

148 935 177 1002 O
201 937 340 1004 Lenaee!
365 940 457 1025 sequi
480 941 587 1005 Deum

194 1040 391 1126 (lingentem
414 1043 513 1107 viridi
537 1049 684 1133 tempora
706 1044 873 1130 pampino.

91 1192 141 1239 Nil
147 1207 256 1253 paruum
264 1199 311 1242 aut
320 1195 410 1242 lucilli
418 1197 494 1244 uredo.
506 1193 608 1257 Optima
650 1210 739 1244 manus
768 1197 919 1246 Horatiauae
946 1204 1045 1245 servata
1068 1195 1141 1243 credo
1168 1194 1194 1241 in

56 1270 230 1333 interpretatio
246 1273 425 1321 vocabulorum
441 1275 478 1323 ull
494 1277 607 1324 mortale.
650 1275 741 1325 Codice
757 1276 841 1332 Galei,
858 1277 915 1334 nbi,
935 1282 997 1325 teste
1012 1273 1138 1332 Bentleio,
1160 1274 1194 1322 le·

56 1348 140 1397 Prosa
161 1355 245 1397 autem
266 1357 303 1399 est
320 1353 411 1402 humili
428 1354 511 1409 ruodo,
534 1352 608 1401 sieuti
650 1355 718 1416 gitur
743 1356 804 1404 Ilee.
842 1354 982 1403 Nimirum:
1003 1354 1076 1401 dulce
1094 1353 1193 1413 pericu·

56 1429 164 1478 dicimus
180 1433 229 1478 tuli
245 1435 327 1490 nudo,
348 1433 392 1480 loc
409 1433 484 1480 creoda
518 1431 609 1480 Dicere
628 1402 630 1459 l
649 1435 713 1492 lum,
734 1433 862 1482 OLelo'e!
879 1435 950 1495 sequi
966 1434 1066 1488 Deum,
1089 1431 1194 1493 Ciuqeu-

57 1507 180 1557 debuerat
205 1511 341 1558 liernilibus
365 1513 453 1559 modu.
486 1511 526 1559 De
551 1527 607 1560 eur·
649 1516 698 1559 leur
714 1513 792 1560 uiridi
809 1519 922 1574 tempora
939 1511 1067 1574 puuipiuo.
1093 1509 1194 1566 Poetae,

57 1589 127 1637 mine
142 1595 295 1650 usurpantur
312 1592 386 1638 arcodi.
649 1605 749 1639 carmen
766 1591 888 1655 gravioris
904 1590 1022 1639 momenti
1038 1588 1194 1652 incipientes,

92 1669 178 1717 Dulce
200 1669 340 1729 periculum
365 1674 409 1716 est.
443 1668 538 1718 Statius
560 1669 607 1718 IV.
649 1668 780 1717 Phoebum
796 1669 950 1718 invocabant.
968 1668 1076 1724 “Nunc,
1093 1666 1195 1723 dicito

59 1745 124 1795 silv.
142 1747 165 1794 5.
181 1747 223 1795 25.
247 1748 287 1795 uic
304 1763 358 1795 meu
375 1750 490 1796 carutiuu
508 1749 609 1810 Reqiuu
628 1788 630 1815 Ι
649 1748 761 1798 Phoebe!
788 1765 837 1797 non
863 1755 888 1797 tc
909 1747 1027 1810 imploro,
1051 1746 1094 1793 sed
1117 1744 1195 1792 alium

58 1827 180 1874 bellorum
209 1829 296 1888 ulruqo
329 1826 451 1875 Caesareo
484 1828 610 1876 decorauit
628 1820 630 1827 ’
649 1827 733 1875 Deum
749 1843 849 1892 sequar,
865 1829 944 1886 hunc,
964 1825 1007 1890 qui
1023 1832 1135 1887 tempora
1150 1838 1196 1871 sua

57 1918 131 1952 uuro.
167 1904 232 1952 Cum
258 1911 287 1952 lu
308 1906 400 1952 sodalis
420 1907 492 1953 dulce
510 1908 608 1968 per-lcu-
648 1907 721 1955 viridi
738 1909 855 1971 pampino
870 1906 961 1970 cingit,
985 1905 1121 1954 Bacchum.
1150 1902 1194 1952 Se-

58 1983 114 2030 lum
149 1984 274 2032 Couuiaue
295 1985 361 2031 currui
380 1990 478 2045 pectore
503 1986 607 2034 tolleres.
648 2001 711 2049 quar
728 1987 805 2036 animi
826 1988 960 2050 impetum,
986 1998 1059 2047 quem
1080 1981 1195 2032 Bacchus

58 2060 91 2108 In
113 2059 174 2111 Cod.
195 2061 334 2111 Helmstad.
356 2067 381 2109 et
400 2061 437 2110 ed.
455 2063 554 2112 Veneta
570 2072 608 2113 est
649 2065 709 2114 mihi
718 2067 843 2130 inspirat.''
853 2065 968 2126 Vulgata
978 2063 1052 2112 lectio
1062 2061 1137 2110 etiam
1148 2061 1195 2108 hoc

57 2153 109 2187 non
125 2139 226 2203 legitur.
261 2140 333 2201 Quod
353 2154 412 2188 cum
433 2140 496 2189 Iano
518 2143 608 2191 melius
648 2141 1195 2200 habetincommodum,utnesciamus,suane

58 2218 175 2266 arbitror.
648 2223 694 2271 sibi
712 2230 823 2287 tempora
839 2222 953 2271 Bacchus
969 2219 1086 2284 pampino
1102 2220 1194 2279 cingat,

54 2288 59 2296 ’
95 2299 119 2346 0
138 2300 248 2348 Lenaee!
265 2302 336 2363 arqui
357 2301 445 2348 Deum.
471 2299 540 2348 Haec
555 2315 607 2348 eor·
648 2318 680 2350 an
697 2303 761 2351 aliis.
795 2301 896 2364 Inque
917 2299 967 2347 iam
980 2297 1132 2348 scholiastae
1149 2296 1194 2343 flu·

56 2383 134 2439 rupta
150 2384 215 2426 sunt.
236 2380 258 2427 0
276 2380 386 2428 Leuuee!
403 2393 453 2427 non
467 2393 519 2427 esse
529 2388 608 2442 potest
647 2389 741 2431 cluant.

56 2457 207 2506 exclamatio
222 2459 352 2518 Bacchica,
362 2458 441 2522 qualis
457 2458 523 2507 Eeo'e'
537 2461 605 2510 Buc-
679 2463 719 2510 De
743 2460 822 2508 forma
839 2457 952 2507 adiectivi
974 2457 1066 2504 Letous
1086 2453 1194 2500 vidimus

56 2538 115 2594 clue,
139 2535 253 2600 frequens
277 2537 343 2601 apud
364 2538 448 2600 poetas
473 2542 498 2584 et
519 2536 606 2585 aPri·
647 2541 678 2588 ad
695 2541 714 2588 1.
734 2542 773 2589 31.
795 2540 829 2587 Et
850 2536 998 2587 Aristoteles
1015 2534 1042 2582 in
1059 2532 1155 2582 Ethicis
1172 2532 1192 2579 Ι.

56 2613 143 2663 seiano
162 2615 266 2664 laudata
284 2629 316 2664 ex
338 2616 442 2664 Horatio
458 2631 515 2678 pag.
536 2616 605 2665 1012.
647 2619 724 2685 ὁμὲν
740 2621 767 2669 ἐν
784 2618 858 2682 Δήλῳ
877 2617 949 2681 παρὰ
966 2616 1003 2679 rqi
1011 2614 1063 2677 scel
1080 2612 1128 2671 τὴν
1145 2612 1192 2660 al-

56 2692 134 2742 etiam
151 2694 190 2742 his
206 2694 286 2743 verbis
298 2695 376 2742 “Heu
387 2696 431 2742 lcoe
443 2695 544 2742 Bocche
551 2710 606 2756 pre·
647 2702 692 2748 τοῦ
706 2700 813 2763 γνώμην
825 2695 1022 2762 ἀποφηνάμενος
1036 2690 1193 2757 συνέγραψεν

56 2787 108 2821 aar·
142 2772 213 2834 Quae
237 2787 303 2821 nune
335 2774 360 2821 in
382 2771 527 2820 Horatianis
556 2788 606 2820 non
647 2778 688 2826 ἐπὶ
708 2779 738 2826 rt
755 2776 920 2843 προπύλαιον
945 2775 989 2822 τοῦ
1011 2771 1122 2831 norton
1157 2769 1194 2819 Ut

56 2852 190 2915 leguntur,
207 2852 348 2900 memoriter
365 2850 427 2900 forte
443 2867 459 2898 a
476 2851 606 2901 Gramma·
646 2857 673 2904 in
697 2857 803 2905 Horatio
832 2854 935 2903 confusa
963 2858 1024 2900 sunt
1047 2853 1144 2898 Maece
1168 2856 1194 2898 et

56 2931 109 2979 tiro
124 2930 206 2980 citata.
240 2931 327 2994 Neque
348 2930 468 2979 Horatius
485 2931 524 2978 hic
540 2938 607 2980 recte
647 2938 713 2994 Iloe,
730 2937 765 2984 ita
782 2935 848 2998 apud
866 2934 952 2985 Senee.
969 2930 1056 2993 Oedip.
1073 2929 1129 2978 230.
1148 2931 1193 2976 Iu·

56 3009 187 3058 Bacchum
212 3009 386 3072 alloqueretur.
427 3010 501 3057 Esset
527 3011 605 3060 enim:
646 3015 710 3076 cipit
726 3017 839 3064 Lethaea
855 3020 924 3062 cutes
939 3011 1193 3074 spurqereltorreutes

56 3088 169 3146 “Dulce,
190 3103 206 3137 o
226 3089 334 3138 Bacche!
356 3089 425 3152 sequi
446 3090 542 3147 Deum,
564 3092 606 3152 qui
645 3107 735 3151 cocras,
743 3094 878 3156 legendum
885 3097 922 3140 est
929 3093 1007 3138 Letoa
1015 3094 1092 3145 valea,
1104 3086 1193 3135 hocest

56 3172 96 3216 est
113 3168 252 3216 Bacchus.'’
272 3168 399 3217 Bentleius
421 3168 481 3216 haee
497 3168 533 3217 ita
549 3183 604 3217 mu·
648 3173 772 3221 Phoebeia
788 3176 865 3230 cules,
882 3176 911 3218 nt
926 3169 952 3216 in
969 3166 1097 3215 nonnullis
1113 3165 1191 3215 MSS.

57 3247 134 3294 tavit:
150 3249 197 3304 Te,
207 3249 314 3307 Lenaee,
325 3250 396 3311 sequi
408 3250 502 3297 ducem.
520 3251 606 3298 Deum
645 3248 781 3299 invenitur.
807 3250 845 3299 At
860 3250 887 3296 in
909 3246 1002 3310 optimo
1021 3243 1065 3292 illo
1082 3244 1191 3292 Etrusco

56 3324 168 3374 defendit
175 3326 313 3375 Burmann.
327 3325 433 3376 Anthol.
442 3326 604 3376 Latiarem.
645 3334 682 3377 est
699 3330 775 3386 luite,
792 3343 824 3377 ex
840 3342 901 3391 quo,
922 3324 1001 3374 literis
1022 3323 1190 3386 transpositis,

56 3404 79 3453 1.
91 3419 151 3467 pag.
162 3406 216 3458 170.
233 3405 383 3469 exopposito
395 3407 434 3453 ull
450 3408 556 3454 acutule
572 3409 605 3456 lo·
644 3406 690 3456 feci
707 3409 792 3456 Letoa.
818 3405 959 3457 Gronovius
979 3402 1123 3452 coniiciebat
1142 3418 1188 3466 per

55 3498 133 3548 quur,
151 3485 235 3533 Deum
251 3499 349 3548 sequar.
367 3484 490 3547 Equidem
503 3485 606 3549 vestigia
645 3489 720 3546 colla,
739 3485 857 3535 Heinsius
874 3486 978 3548 repleta.

550 3634 713 3662 «κο,-

409 3801 653 3867 OARMEN
700 3802 826 3867 XXVI.

237 3938 326 4020 Vixi
348 3955 468 4041 puellis
492 3978 596 4042 nuper
619 3956 755 4023 idoneus

188 4135 341 4188 CARMEN
368 4139 472 4188 XXVI.
641 4111 747 4161 Frankii
763 4113 903 4161 emendatio
913 4114 968 4162 uici
978 4115 1075 4162 duellis.
1101 4113 1191 4162 Inedi-

643 4193 722 4253 tione,
739 4194 759 4241 si
776 4198 841 4241 recte
858 4192 973 4250 memini,
993 4193 1102 4256 quadam
1120 4193 1189 4241 Pari·

99 4232 176 4318 Viae
190 4268 282 4328 puellis
298 4283 379 4332 nuper
395 4271 505 4319 murus
543 4269 603 4318 Mei·
643 4271 710 4333 sina,
727 4272 778 4321 vidi
795 4274 897 4322 choreis.
922 4273 1039 4323 Fortasse
1055 4279 1092 4321 est
1108 4272 1190 4330 editio,

52 4343 130 4395 nekio
152 4343 253 4408 elegans
275 4355 300 4397 et
318 4362 380 4397 vera
400 4348 499 4397 videtur
520 4347 604 4397 Caroli
644 4351 745 4411 demtis,
763 4356 791 4398 ut
807 4350 941 4408 dicebamr,
958 4351 1091 4400 obscoenis.

1016 4433 1054 4494 li
