2916 5220
553 300 868 367 cnaMrNUir

370 487 485 570 Miles,
508 495 541 554 te
564 489 663 571 duee,
685 487 832 573 gesserit.

322 591 410 675 Nos,
431 592 595 678 Agrippa,
618 615 723 678 neque
745 593 825 657 haec
844 590 968 673 dicere,
993 611 1053 656 nec
1075 611 1209 675 gravem

324 696 457 762 Pelidae
484 697 690 762 stomachum
714 697 825 762 cedere
845 695 964 778 nescii,

179 898 268 960 Miles,
289 902 408 959 tartare,
429 899 539 962 peremit.
572 897 626 946 Vix
643 898 691 947 La·
738 896 816 946 simus
833 897 904 946 miles
921 896 1008 946 fuerat
1042 896 1179 958 Postquam
1196 894 1290 943 Home·

146 979 207 1034 tine,
223 978 418 1035 credodieitur:
440 980 616 1039 Taarrtberia,
629 994 693 1041 qaae
738 992 781 1025 rus
807 976 880 1025 Iliad.
908 982 933 1026 Γ.
958 978 1011 1028 179.
1045 977 1076 1025 de
1098 976 1291 1038 Agamemnone

145 1059 215 1106 milet
231 1059 340 1120 permit.
374 1058 441 1106 Fieri
456 1062 549 1120 potest,
570 1062 609 1115 ut,
626 1058 692 1120 quod
738 1055 847 1104 dixerat:
865 1055 1025 1120 Ἀμφότερον,
1041 1053 1163 1116 βασιλεύς
1181 1051 1204 1100 τ’
1221 1052 1290 1116 ἁγα-

145 1135 169 1182 iu
187 1149 216 1183 eo
232 1134 287 1182 duri
305 1135 348 1191 sit,
369 1134 452 1197 aliqui
468 1136 594 1183 minuatur
611 1136 693 1184 addito
738 1135 785 1192 Str
802 1134 923 1200 κρατερός
940 1132 961 1182 τ’
979 1132 1103 1198 αἰχμητής
1109 1169 1116 1193 ,
1139 1130 1213 1179 multi
1230 1130 1290 1178 scri-

146 1218 170 1261 ta
194 1216 272 1272 duce,
297 1213 368 1276 quasi
393 1221 470 1262 esset:
500 1215 540 1262 Tu
565 1214 693 1271 scriberis,
738 1220 820 1276 ptores
832 1227 962 1262 uervraam
974 1211 1034 1259 dieti
1042 1210 1188 1259 brevitatem
1198 1209 1291 1258 imitati

145 1307 208 1355 quae
228 1293 281 1340 dux
302 1307 360 1340 cum
380 1293 501 1341 militibus
517 1295 567 1341 tuis
584 1296 693 1357 gesseris.
738 1301 810 1350 sunt,
827 1293 938 1341 historici
954 1289 1073 1354 inprimis.
1096 1289 1199 1340 Sallust.
1213 1287 1290 1338 Catil.

147 1370 196 1431 Sed
209 1384 304 1433 semper
317 1371 411 1434 aliquid
423 1373 517 1429 haeret,
526 1374 592 1435 quod
606 1380 694 1423 aterso
739 1371 779 1420 60.
807 1371 922 1420 Catilina
947 1371 1030 1419 anania
1044 1370 1182 1431 providere.
1219 1365 1291 1416 Mal·

145 1449 218 1510 poeta
230 1448 303 1496 huius
316 1450 402 1497 aetatis
413 1465 464 1498 non
476 1458 608 1514 exspectes.
620 1452 694 1514 Quod
739 1457 794 1499 tam
806 1452 860 1515 ipae
870 1465 994 1513 preparare,
1009 1463 1083 1510 saepe
1096 1449 1190 1496 bostem
1196 1446 1291 1509 scrire.

145 1526 260 1575 nonnulli
275 1527 407 1577 observant
422 1543 454 1577 ex
471 1530 622 1579 antecedenti
634 1535 694 1581 acri-
740 1531 846 1580 Strenue*
862 1530 953 1578 militia
969 1534 995 1577 et
1011 1528 1067 1577 boni
1079 1528 1242 1589 imperatoria
1255 1524 1291 1588 cf·

146 1608 222 1663 beria,
240 1606 279 1654 hic
295 1622 347 1656 esse
364 1608 523 1671 repetendum
536 1611 695 1659 etaeribetar
732 1610 798 1671 ficia
817 1611 894 1658 amal
914 1609 1101 1670 exsequebatur.
1135 1604 1198 1653 Vid.
1219 1603 1290 1654 Cort.

146 1688 213 1748 quod
229 1687 319 1736 milites
332 1690 464 1751 gesserint,
476 1689 523 1736 hoe
535 1694 560 1736 et
572 1689 645 1738 valde
657 1705 694 1738 ar·
739 1687 807 1736 Plin.
825 1687 953 1750 Panegyr.
973 1685 1010 1734 10.
1044 1686 1191 1747 Imperator
1210 1688 1240 1730 tu
1259 1684 1291 1730 ti-

147 1766 276 1814 bitrarium
288 1775 332 1824 est,
344 1775 369 1817 et
381 1768 496 1830 exemplo
508 1772 582 1815 caret.
600 1767 696 1818 Deinde
740 1769 803 1815 talia
819 1772 844 1815 et
859 1765 1011 1827 irrmpiuibua
1021 1767 1047 1813 et
1057 1763 1150 1824 aigum
1162 1766 1292 1810 caeteram

147 1843 203 1890 laus
220 1844 301 1901 (lucis,
318 1860 394 1908 quam
411 1847 542 1910 praecipue
557 1848 582 1895 in
595 1849 696 1897 exordio
740 1845 873 1904 trabeatis,
890 1845 974 1892 labore
989 1848 1015 1891 et
1031 1840 1174 1901 vigilantia,
1190 1841 1254 1900 dua,
1266 1845 1292 1888 et

147 1935 237 1970 ornare
254 1922 444 1980 debebat,baud
461 1939 550 1986 parum
568 1925 695 1982 minuitur,
740 1928 837 1986 legatur
854 1930 879 1972 et
895 1924 973 1971 natea.
1008 1921 1110 1972 Sueten.
1127 1920 1239 1982 August.
1252 1921 1291 1968 10.

148 2008 199 2048 tam
217 2001 309 2050 diserta
330 2009 354 2050 et
370 2003 503 2052 honorifica
519 2017 603 2052 rerum
620 2019 635 2051 a
651 2003 695 2051 mi·
739 2018 789 2052 aaa
805 2003 876 2051 morio
892 2003 972 2059 ducis,
988 2002 1033 2049 aed
1043 2001 1120 2048 eham
1132 2000 1222 2046 utilitia
1223 1998 1291 2060 fua-

148 2080 233 2128 litibus
250 2088 376 2144 gestarum
389 2081 518 2128 mentione.
537 2080 633 2129 Scimus
644 2095 696 2128 om·
739 2087 808 2131 ctam
825 2095 933 2129 meam.
951 2079 1055 2130 Curtius
1066 2078 1129 2127 VII.
1143 2079 1166 2125 2.
1186 2077 1292 2140 Septua-

148 2173 203 2217 nes‚
220 2175 338 2223 magnam
356 2158 436 2207 laudis
452 2166 548 2221 partem
565 2174 637 2222 saepe
653 2160 696 2207 du·
739 2161 811 2222 piata
835 2164 913 2208 natus
938 2173 1030 2217 aanor,
1054 2159 1151 2206 iuream
1171 2158 1244 2206 ἀοσὶο
1266 2163 1293 2206 et

148 2238 218 2286 cibus
240 2254 292 2288 esse
313 2239 490 2288 detrahendam
510 2253 615 2301 eumque
631 2238 697 2286 mili·
740 2253 814 2295 saepe
829 2239 906 2287 etiam
922 2239 1031 2300 precarii
1047 2238 1137 2284 utilitia
1149 2238 1238 2284 naenia
1249 2252 1292 2284 ea-

148 2319 215 2367 tibus
231 2318 475 2379 communicandam
492 2319 534 2368 sed
551 2319 598 2367 hoc
614 2325 697 2367 tamen
740 2318 825 2379 placit.
856 2315 1009 2364 Ammianus
1027 2313 1167 2364 Marcellin.
1185 2313 1291 2362 XXIV.

149 2412 195 2446 usu
213 2404 338 2460 receptum
354 2404 402 2458 est,
381 2399 450 2447 tde
463 2413 512 2462 quo
523 2397 678 2461 Euripides
671 2414 697 2446 in
740 2394 831 2457 peel.
855 2396 933 2444 Miles
949 2396 984 2443 ad
996 2394 1174 2457 Imperatoria
1182 2395 1293 2442 tentoria

149 2478 272 2526 Androm
282 2478 339 2526 685.
352 2486 496 2541 querentem
509 2478 567 2526 facit
580 2478 697 2527 Peleum:
741 2480 912 2538 congregatus,
936 2475 1024 2522 laudm
1049 2475 1072 2522 ei
1094 2474 1242 2535 perhibebat
1267 2479 1293 2521 et

145 2555 226 2605 Ὀταν
235 2561 348 2620 τροπαῖα
358 2559 487 2623 asclepium
495 2557 575 2622 στήσῃ
580 2557 697 2621 στρατός,
740 2556 846 2617 masaa,
853 2556 920 2618 quod
926 2555 1016 2617 abique
1024 2554 1156 2616 ignoratus
1164 2554 1218 2600 dux
1226 2558 1293 2601 estet

150 2635 186 2682 Ob
204 2639 256 2684 τῶν
274 2635 427 2684 πονούντων
445 2635 555 2698 τοῦργον
573 2633 698 2697 ἡγοῦνται
741 2651 776 2682 aa
788 2636 858 2683 miles
870 2634 956 2696 anapia.
979 2633 1050 2680 Idem
1058 2630 1190 2680 XXVIII.
1199 2646 1223 2693 p.
1232 2630 1291 2680 395.

150 2711 218 2773 τόδε,
241 2711 339 2760 *nai
329 2732 342 2760 ο
364 2712 508 2776 στρατηγὸς
529 2712 577 2771 τὴν
598 2711 699 2771 δόκησιν
744 2713 809 2762 Cant
834 2714 932 2762 strenui
957 2713 1045 2760 nitrea
1066 2712 1154 2759 munia
1173 2716 1199 2758 et
1216 2727 1292 2773 prae·

150 2788 266 2850 ᾰρνυται.
302 2790 352 2839 Sed
373 2791 456 2853 poeta,
481 2789 596 2838 bellicam
618 2791 698 2852 Impe-
742 2791 807 2838 clari
824 2793 895 2840 dacia
912 2805 988 2839 carus
1000 2791 1118 2852 expleret.
1136 2789 1208 2842 ssonf.
1217 2789 1292 2837 Plut-

150 2868 239 2916 ratoris
256 2869 365 2932 gloriam
378 2870 534 2933 praedicare,
546 2867 630 2916 omnia
641 2883 698 2930 pru·
742 2872 809 2919 arch.
826 2872 852 2919 in
869 2871 956 2933 Pelop.
973 2870 997 2917 2.
1014 2878 1039 2918 et
1055 2867 1160 2920 Lucian.
1177 2870 1256 2933 Hipp.
1271 2872 1292 2919 l.

150 2947 210 2995 dcns
231 2948 318 3005 evit,at
343 2963 407 3011 quae
428 2947 460 2995 ad
480 2946 543 2994 tales
565 2945 698 2994 sententias
742 2949 777 2996 Et
801 2949 836 2997 sic
861 2949 954 2998 Varius
979 2956 1045 3000 recte
1069 2950 1174 2998 scribere
1195 2956 1294 3012 poterat

150 3024 297 3086 pertineant
323 3026 377 3073 Iam
390 3024 452 3072 mihi
465 3024 581 3073 unamin
594 3024 699 3073 Horatio
742 3044 924 3093 quamcumque
936 3044 989 3078 reru
998 3029 1115 3093 Agrippa
1125 3027 1196 3077 miles
1206 3028 1293 3092 gessis-

150 3101 277 3152 litterulam
294 3113 372 3161 muta,
389 3119 453 3168 quae
469 3110 569 3168 propter
582 3117 699 3166 maguam
743 3116 786 3157 set.
796 3094 1203 3173 Quidquidenimdnrr'inproelio,
1212 3107 1295 3157 officia

150 3180 337 3232 similitudinem
362 3184 452 3233 centies
478 3199 494 3231 a
514 3182 622 3231 librariis
643 3197 699 3230 eum
743 3187 830 3236 militis
859 3201 1009 3251 exsequens,
1037 3185 1113 3250 gerit,
1138 3186 1294 3235 laudandum

150 3262 230 3311 altera
246 3264 348 3313 confusa
364 3272 413 3324 est,
430 3278 479 3312 non
501 3261 583 3310 solum
600 3260 700 3326 fragosa
743 3273 780 3316 est
796 3266 822 3313 in
839 3266 992 3315 carminibus
1008 3267 1145 3330 petitarum.
1163 3265 1294 3330 Quidquid

150 3339 282 3390 verborum
290 3343 442 3391 constructio
451 3341 556 3399 tollitur,
570 3341 612 3389 sed
624 3341 699 3389 etiam
744 3353 826 3394 autem
839 3346 892 3394 dux
905 3345 931 3393 in
943 3345 1009 3394 bello
1019 3345 1147 3409 genitheo
1158 3360 1209 3394 non
1221 3361 1295 3396 omne

149 3419 236 3481 poetae
248 3421 348 3484 elegans
361 3421 455 3470 dietum
468 3420 589 3477 redditur,
604 3427 629 3468 et
642 3420 699 3469 duci
744 3426 848 3489 dignum
869 3432 905 3475 est
927 3431 1075 3489 argumento
1092 3424 1166 3488 epioe.
1202 3425 1295 3476 Gerere

150 3497 261 3546 maxima
277 3500 369 3562 gloria,
386 3515 449 3563 quae
466 3499 543 3548 tribui
559 3498 644 3562 possit,
656 3499 699 3547 tri·
743 3504 913 3568 potestatium
930 3519 969 3553 res
980 3504 1081 3554 levioris
1093 3504 1219 3553 momenti.
1237 3504 1296 3566 Qua

149 3577 243 3625 buitur.
265 3579 404 3640 Legamus:
428 3581 512 3637 Quam
528 3594 581 3626 rem
597 3594 701 3641 curamue
744 3599 771 3633 re
792 3591 874 3633 motus
895 3584 999 3634 Bentlei.
1016 3585 1147 3647 vulgatam
1163 3583 1294 3632 lectionem

143 3655 223 3718 ferox
235 3657 341 3704 anatim
354 3662 400 3704 arat
412 3658 481 3719 eqaia
502 3655 589 3717 Miles,
598 3662 621 3705 te
630 3659 698 3715 daca,
743 3677 793 3712 non
811 3663 912 3722 ferebat,
929 3664 1026 3727 legens:
1047 3665 1107 3722 Qec
1121 3677 1175 3711 rem
1190 3679 1294 3726 cunque.

148 3735 260 3796 persam.
289 3735 356 3782 Laus
374 3735 503 3798 Agrippae
520 3735 637 3784 universa
649 3751 699 3786 cer-
743 3741 817 3803 Quod
843 3757 886 3804 per
907 3757 989 3790 meam
1008 3741 1206 3791 emendationem
1228 3756 1295 3791 nuuc

149 3812 219 3861 nitur
236 3813 261 3860 in
279 3813 428 3864 allocutione
456 3817 478 3863 0
489 3814 700 3880 fortiattpm'ppa
743 3833 793 3868 non
818 3827 855 3869 est
880 3820 1050 3869 necessarium.
1085 3820 1167 3882 Quam
1193 3821 1294 3884 elegans

149 3899 174 3942 et
192 3895 301 3942 beatiam
317 3895 403 3944 rietur.
438 3894 486 3944 Sed
507 3895 554 3943 hoc
570 3895 700 3959 Agrippae
743 3913 815 3962 porro
835 3906 860 3948 et
881 3907 982 3963 captum
997 3899 1159 3948 librariorum
1176 3913 1295 3963 superaus

149 3986 208 4022 cum
220 3973 307 4022 multis
319 3973 374 4022 aliis
385 3975 490 4023 ducibus
499 3983 699 4034 eratcommune,
744 3978 836 4027 dictum
853 3979 885 4028 sit
901 3997 966 4044 qaae
982 3982 1052 4029 miles
1070 3986 1094 4028 te
1106 3982 1169 4029 aare
1181 3983 1295 4042 paretis,

149 4059 174 4100 et
190 4060 286 4115 partem
303 4053 357 4104 iure
376 4069 421 4104 suo
438 4056 581 4119 repetebant
600 4056 698 4105 milites.
744 4060 863 4124 exemplis
880 4075 955 4124 quarn
971 4058 1136 4122 explicatione
1151 4058 1241 4108 melius
1254 4075 1294 4123 ap

150 4130 232 4192 Igitur
257 4132 326 4180 addit
347 4134 473 4197 propriam
495 4135 624 4199 Agrippae
646 4137 699 4184 lau·
744 4139 846 4202 parebit.
880 4140 925 4190 An
943 4138 1077 4202 Pompeius
1094 4138 1169 4188 fuerit
1185 4138 1294 4202 primus,

150 4209 219 4266 dem,
236 4225 338 4275 eamque
355 4228 449 4272 raram,
467 4215 533 4276 quod
545 4215 637 4264 scilieet
649 4231 699 4264 non
744 4217 785 4280 qui
803 4218 944 4282 usurpavit,
961 4217 1050 4266 nescio.
1084 4217 1222 4280 Antiquius
1241 4219 1294 4281 qui-

151 4289 224 4336 modo
245 4289 359 4352 egregins
380 4293 444 4349 dux,
466 4295 507 4342 sed
529 4295 603 4342 etiarn
621 4295 698 4344 fortis·
744 4298 800 4346 dem
817 4313 866 4347 nen
884 4297 974 4346 inveni.
1008 4296 1141 4360 Pompeius
1158 4295 1293 4360 igitur‚ctr-
