2916 5220
600 299 843 363 trinua.

250 483 346 549 Unde
367 483 428 548 tibi
450 484 592 549 reditum
616 490 703 550 certo
727 485 912 549 subtemine
932 486 1052 578 barcae

295 588 443 672 Rupere,
468 609 527 652 nec
549 593 654 653 mater
676 588 811 652 domum
834 588 963 652 coerula
984 594 1017 653 te
1039 587 1178 653 revehet.

249 689 324 754 Illic
348 711 444 754 omne
465 691 592 754 malum
620 689 697 754 vino
721 695 887 774 cantuque
913 691 1041 774 levato,

295 793 459 858 Deformis
486 793 706 878 aegrimoniae
733 792 885 858 dulcibus
910 793 1097 878 alloquiis.”

163 967 237 1012 Pura
274 965 383 1012 Fabaria
404 965 515 1026 fluento.
566 964 708 1013 Meinekins

160 1043 264 1093 coniecit
281 1046 363 1100 tardi,
381 1044 454 1106 idque
470 1044 559 1101 edidit,
576 1051 601 1092 et
618 1044 709 1107 recepit

161 1123 295 1186 Hauptius.

197 1203 270 1250 Unde
292 1202 339 1249 tibi
356 1203 467 1249 reditum
488 1207 555 1250 certo
571 1203 709 1250 subtemine

161 1281 265 1328 Parcae
282 1281 392 1341 Rupere.
422 1279 518 1328 Parcae
535 1288 595 1327 nent
613 1280 655 1328 fila
674 1279 708 1327 fa-

752 966 811 1013 istic
840 965 955 1027 uitaeque
983 966 1092 1027 uiaeque.
1134 932 1252 1026 QuInctil.
1274 965 1295 1015 Ι.

751 1043 865 1092 Declam.
882 1043 905 1091 2.
930 1045 1002 1091 Idem
1019 1046 1111 1092 unmria
1127 1053 1152 1093 et
1168 1047 1223 1107 spei
1232 1045 1297 1107 fluis

750 1129 795 1171 eat.
814 1123 927 1172 Gualter.
940 1123 1080 1172 Alexandr.
1089 1124 1138 1174 VI.
1151 1125 1204 1174 118.
1223 1126 1297 1173 More

751 1205 865 1250 Darium
882 1206 936 1252 utta
953 1206 1027 1250 simut
1045 1210 1069 1252 et
1087 1205 1227 1252 diddenrnte
1241 1206 1296 1266 pri-

749 1289 800 1330 vat.
820 1282 943 1332 Gnnther.
961 1283 1048 1346 Ligur.
1066 1285 1124 1333 235.
1141 1287 1227 1333 acerbo
1245 1286 1296 1332 Fu-

161 1359 230 1408 talia.
257 1360 376 1407 Mensura
393 1358 494 1407 filorum
507 1367 602 1421 quanta
618 1361 709 1422 cuique
750 1377 807 1410 nere
835 1362 989 1410 Cbunradus
1018 1365 1098 1412 vitam
1122 1368 1297 1426 sceptrumque

157 1437 191 1486 sit
207 1438 340 1496 destinata,
357 1440 533 1496 constitutum,
544 1439 708 1496 immutabile,

158 1524 257 1566 certum
279 1525 324 1566 est.
357 1518 448 1565 Fateor
471 1525 555 1566 tamen
577 1519 641 1565 hanc
662 1533 705 1565 ex-

157 1594 316 1656 plicationem
346 1598 437 1646 habere
470 1598 566 1661 aliquid
594 1599 707 1646 contorti.

158 1675 201 1723 Ita
219 1675 300 1723 visum
322 1683 347 1725 et
364 1677 432 1734 aliIs,
457 1692 565 1740 quorum
588 1677 615 1725 hi
631 1678 706 1725 corri-

158 1761 224 1816 gunt
248 1762 313 1805 secto
338 1758 489 1817 subtemine,
515 1757 599 1805 Bentl.
620 1763 705 1811 curto,

158 1833 273 1882 Klotzius
298 1836 323 1883 in
352 1836 422 1884 Lect.
442 1835 538 1884 Venus.
565 1851 622 1898 pag.
649 1838 705 1885 401.

159 1921 227 1962 certo
246 1917 292 1962 sub
312 1918 418 1962 nomine.
456 1914 488 1961 In
509 1915 602 1963 talibus
627 1916 707 1964 conie-

158 1993 238 2040 cturis
265 2008 315 2041 non
340 2008 426 2042 vereor
451 2009 533 2042 meam
558 2009 704 2057 proponere:

165 2073 237 2119 Unde
247 2075 293 2120 tibi
310 2075 419 2120 reditum
429 2079 513 2122 certae
529 2080 552 2121 et
564 2075 705 2120 subtemina

159 2152 262 2199 Parcae
280 2153 390 2214 Rupere.
413 2152 509 2200 Parcae
526 2151 643 2198 dicuntur
655 2167 706 2200 cer·

160 2236 212 2289 tae,
238 2231 296 2294 quia
321 2246 370 2278 non
388 2231 542 2279 mentiuntur
564 2245 644 2293 neque
660 2230 705 2278 fal·

159 2309 255 2368 luntur,
273 2310 315 2358 sed
332 2310 442 2365 faciunt,
468 2311 534 2372 quod
555 2309 631 2357 semel
649 2324 705 2358 con-

159 2389 301 2437 stituerunt.
337 2389 377 2436 Ita
405 2389 494 2437 Horat.
520 2389 541 2437 I.
568 2388 652 2438 Curm.
681 2391 704 2441 7.

162 2469 253 2519 Certus
273 2471 339 2516 enim
359 2470 476 2529 promisit
499 2471 596 2529 Apollo.
635 2468 705 2516 Idem

160 2550 273 2597 Paruum
291 2546 350 2594 alibi
368 2547 476 2608 appellat
493 2562 541 2594 non
556 2548 705 2596 mendacem.

160 2627 254 2677 Statius
275 2626 310 2674 V.
334 2625 396 2675 silv.
421 2627 441 2674 1.
464 2632 548 2674 certae
568 2628 658 2675 iurent
679 2630 706 2675 in

749 1441 860 1502 retiquIt.

782 1520 838 1568 Nee
854 1524 936 1567 muter
952 1520 1052 1566 domum
1065 1518 1173 1567 Caerula
1190 1524 1215 1567 te
1231 1535 1295 1568 rene·

749 1600 798 1646 bet.
833 1597 921 1645 Thetis
940 1598 1091 1660 intelligitur
1112 1613 1188 1646 ruere.
1222 1597 1295 1658 Quod

748 1676 864 1724 nonnulli
872 1677 1016 1738 interpretes
1026 1681 1116 1724 vocant
1128 1678 1295 1727 Invenustum.

748 1752 789 1800 Ita
806 1760 889 1800 tamen
907 1753 1001 1816 accepit
1017 1754 1077 1803 Val.
1095 1756 1177 1804 Flauo.
1195 1757 1229 1805 V.
1238 1757 1294 1804 200.

750 1835 843 1881 Adnue
868 1834 937 1880 1)qu
959 1836 1044 1882 muris.
1072 1834 1166 1898 (Helle)
1188 1837 1296 1894 Quando

748 1919 839 1974 eponret
855 1927 947 1960 rurant
957 1928 1004 1976 per
1017 1921 1041 1962 te
1051 1915 1142 1961 eebor?
1161 1913 1294 1963 Claudian.

747 1992 825 2054 Nupt.
852 1992 946 2040 Honor.
967 1998 992 2038 et
1016 1991 1112 2039 Mariae
1132 1992 1185 2043 178.
1217 1993 1295 2056 Nym·

747 2072 810 2135 phac
837 2074 960 2121 Victrices
979 2083 1022 2117 nm
1042 2085 1114 2130 saepe
1135 2077 1204 2119 rates
1231 2075 1294 2120 ctus·

747 2166 843 2213 remque
866 2157 1002 2211 paternum
1031 2151 1155 2198 Venimus.
1195 2151 1295 2200 Suavis-

747 2231 810 2277 sima
822 2235 904 2276 autem
913 2227 1000 2275 matris
1011 2229 1220 2288 commemoratio,
1229 2231 1294 2293 quod

748 2308 813 2370 apud
831 2307 972 2355 Pindarum
990 2320 1061 2369 saepe
1078 2308 1241 2356 observarunt
1259 2309 1294 2355 in·

748 2393 881 2449 terpretes,
900 2393 929 2432 ut
946 2384 1047 2448 Olymp.
1067 2385 1089 2432 I.
1107 2387 1147 2434 46.

781 2465 913 2528 Deforunia
935 2467 1101 2526 ueprirnonine
1121 2466 1235 2514 dulcibus
1260 2469 1295 2514 al-

747 2548 843 2608 loquiis.
870 2545 941 2594 Idem
967 2545 1082 2593 Klotzins
1105 2545 1174 2592 Lect.
1196 2544 1293 2592 Venus.

747 2641 803 2687 pag.
828 2626 883 2674 402.
910 2625 1010 2672 volebat
1032 2625 1151 2688 deformis
1176 2625 1294 2685 deprimo·

157 2713 217 2757 uota
232 2721 335 2756 sorores.
368 2705 424 2752 Hoc
443 2710 480 2753 est
505 2705 616 2763 ἀληθεῖς.
650 2705 705 2752 Iam
747 2707 819 2752 niue:
837 2704 862 2750 id
880 2710 926 2760 est,
946 2703 1075 2766 deforrnee.
1093 2703 1151 2750 Non
1168 2703 1295 2764 cogitavit,

150 2787 217 2849 filu,
233 2788 356 2840 atanrinn,
368 2786 507 2831 subtemine.
519 2798 635 2845 rumpere
644 2785 705 2833 Par·
747 2797 772 2830 se
789 2783 825 2829 ita
841 2798 939 2831 versum
957 2783 1040 2830 secisse
1057 2789 1137 2830 metro
1154 2796 1294 2845 repugnan-

158 2879 244 2911 carum
261 2863 390 2926 propriam
405 2867 449 2910 est.
484 2861 601 2911 Ovidius:
619 2867 705 2912 stemi-
747 2871 805 2911 tem.
822 2862 962 2911 Bentleius:
983 2864 1155 2911 onmernalum
1166 2865 1224 2911 uino
1237 2878 1295 2911 cori-

157 2960 192 2992 na
209 2946 321 3004 rupisset
338 2945 368 2990 de
385 2942 468 2990 trIbua
486 2958 536 2989 unu
553 2958 631 2991 soror.
659 2944 703 2993 Se·
747 2948 824 3004 tuque
841 2944 921 2991 teneto
940 2942 1069 3005 Deformis
1079 2943 1255 3004 neminemne,
1265 2957 1295 2991 ac

157 3039 219 3072 neca
239 3022 327 3072 Octav.
353 3024 390 3070 14.
431 3024 538 3071 Utinam
555 3028 614 3070 ante
628 3039 705 3071 nranu
746 3022 862 3069 dulcibus
879 3024 1010 3084 alloquiis:
1029 3021 1134 3082 iungens
1150 3023 1244 3068 mulum
1256 3023 1296 3068 de·

160 3105 315 3153 cranmere
341 3119 390 3152 aua
418 3119 473 3150 meu
496 3105 607 3164 raptant
646 3105 705 3151 Sta·
740 3098 834 3160 formis
851 3101 1026 3160 repr-imoniue.
1045 3097 1156 3158 Quid,si
1167 3099 1294 3160 legamus:

156 3185 226 3231 mina
246 3183 343 3232 Clotho.
378 3182 514 3245 Eleganter
535 3183 641 3245 denique
663 3200 705 3230 re.
746 3179 809 3225 Illic
829 3193 899 3225 ornne
924 3180 1020 3224 matum
1042 3179 1099 3224 rino
1120 3183 1246 3239 cantuque
1263 3179 1295 3225 le-

156 3265 250 3324 perunt
267 3262 376 3310 reditum
386 3267 411 3310 et
424 3263 578 3321 subtemina,
590 3261 656 3323 quod
669 3267 706 3308 est
746 3262 816 3314 vato,
835 3257 981 3316 Deformem
998 3262 1023 3304 et
1044 3257 1222 3317 deprimentem
1239 3257 1294 3303 dui·

157 3341 249 3391 Graeci
264 3342 362 3404 poetae,
379 3341 474 3389 νόστον
491 3358 517 3390 τε
533 3341 631 3403 fitense.
650 3341 705 3389 Hu-
745 3337 816 3384 tibris
833 3335 971 3397 alloquiis?
991 3335 1090 3383 Malum
1107 3335 1166 3382 virro
1175 3341 1199 3382 et
1209 3341 1293 3392 cantu,

156 3420 264 3468 iusmodi
281 3427 354 3467 acuta
371 3420 477 3468 brevitas
497 3428 534 3469 est
549 3421 575 3467 tn
592 3421 629 3468 his
648 3420 704 3469 Sal·
747 3413 925 3476 aegrimoniam
934 3413 1055 3477 alloquiis.
1065 3413 1204 3463 Comment.
1217 3413 1293 3476 Cruq.

157 3499 228 3547 lustii
252 3499 309 3561 Ing.
331 3501 355 3547 5.
381 3501 489 3559 Imperii
511 3501 625 3561 vitaeque
640 3501 707 3562 finis
748 3492 942 3541 “Familiariunz
975 3495 1129 3542 santonibus
1153 3500 1178 3542 et
1204 3497 1294 3544 amico·

156 3581 221 3627 idem
233 3578 299 3640 fnit.
325 3577 413 3627 Cicero
421 3580 456 3629 V.
473 3578 548 3627 Verr.
560 3579 601 3627 30.
620 3581 706 3626 Idem·
745 3588 803 3620 rum
812 3573 1075 3622 eommunteauontone
1084 3574 1154 3621 debes
1164 3572 1295 3621 dissolvere

156 3673 204 3720 que
220 3660 273 3706 uter
287 3663 312 3706 et
328 3659 462 3706 utctoribua
478 3659 580 3719 imperii
597 3662 621 3705 et
631 3658 706 3706 uIctt'a
746 3655 870 3715 quidquid
895 3655 941 3702 tibi
965 3654 1077 3701 imminet
1099 3653 1228 3701 trutitiue.
1263 3652 1294 3700 In

149 3737 231 3798 finem
251 3739 318 3784 vitoe
336 3737 411 3799 fecit.
447 3737 528 3784 Tacit.
546 3737 566 3784 Ι.
589 3735 658 3785 Ann.
682 3736 704 3783 9.
747 3733 824 3782 MSS.
834 3732 965 3794 legebatur
975 3731 1085 3794 deforme
1095 3737 1120 3780 et
1132 3733 1293 3793 deprimente.

156 3816 230 3863 Idem
252 3817 304 3864 ntea
330 3818 427 3877 accepti
452 3817 576 3878 quendam
606 3817 707 3877 imperii
746 3813 820 3862 Unde
829 3811 902 3861 facile
916 3812 974 3860 oriri
986 3812 1068 3874 potuit
1081 3811 1202 3874 defernnt
1218 3816 1243 3858 et
1255 3812 1294 3859 de·

155 3896 276 3956 princepe
292 3900 318 3943 et
333 3896 402 3943 vitae
418 3910 558 3956 supremus.
580 3894 669 3942 Horat.
683 3894 704 3942 I.
740 3892 845 3954 sermio.
864 3891 981 3953 Alloquiu
991 3896 1049 3938 sunt
1063 3890 1195 3947 solamina,
1208 3890 1250 3937 sed
1265 3903 1295 3938 ea

157 3973 210 4023 Sat.
236 3975 260 4021 5.
288 3974 344 4021 104.
367 3975 545 4022 Brundusium
568 3975 653 4035 lonpae
670 3975 705 4035 fi·
748 3969 889 4018 referuntur
915 3970 946 4016 ad
972 3970 1095 4025 homines,
1120 3983 1170 4017 non
1193 3970 1224 4017 ad
1247 3983 1294 4018 res.

156 4056 199 4100 nie
208 4054 360 4114 chartaeque
370 4053 480 4114 uiaeque.
507 4051 638 4101 Claudian.
655 4052 704 4101 IV.
747 4048 815 4097 Vide
831 4048 913 4097 Bentl.
931 4055 956 4096 et
972 4048 1142 4097 Elmenhorat.
1164 4050 1189 4096 in
1210 4048 1295 4097 Indice

156 4132 231 4182 Cone.
249 4131 344 4179 Honor.
363 4131 419 4179 153.
445 4132 531 4179 Vitam
555 4132 601 4179 tibi
621 4138 705 4179 contu-
748 4127 867 4191 Appulei.
885 4134 910 4176 et
927 4127 1060 4176 Ruhnken.
1078 4128 1110 4175 ad
1128 4128 1230 4177 Sueten.
1249 4128 1293 4176 Ti-

156 4215 190 4260 lit
213 4213 279 4260 idem
309 4212 498 4273 Imperiumque
518 4212 578 4259 due.
618 4209 702 4258 Sidon.
746 4206 843 4255 borium
855 4222 908 4269 cap.
918 4206 957 4255 23.
967 4207 1063 4254 Locum
1071 4205 1169 4254 ValerIi
1179 4205 1263 4253 Flacci
1272 4205 1295 4268 Ιι

158 4289 271 4353 Apollin.
288 4289 368 4351 Epist.
385 4289 447 4337 VII.
463 4290 498 4340 17.
518 4290 601 4338 Finiti
615 4304 704 4337 mirans
745 4289 803 4337 250.
821 4289 941 4349 interpres
958 4300 1073 4348 perverse
1090 4285 1190 4347 accepit.
1218 4286 1296 4335 Hane
