2916 5220
589 334 765 396 LIBER
811 334 875 396 Ill.

250 501 271 534 ⁶
337 521 479 587 Haerere
501 521 666 605 ingenuus
689 543 788 606 puer,

380 623 565 709 Venerique
589 624 701 706 timet,
724 623 836 688 ludere
860 622 995 705 doctior,

337 726 402 793 Seu
427 727 550 793 Graeco
572 726 684 792 iubeas
710 726 838 808 troch0,

381 829 444 896 Seu
469 830 566 895 malis
590 829 695 894 vetite
717 828 847 913 legibus
871 828 957 909 alea,

341 933 450 1012 Quum
474 933 605 1019 periura
626 932 730 1018 petris
754 932 836 997 fides

382 1036 575 1102 Consortem
600 1035 726 1102 socium
748 1033 845 1099 fallat
868 1039 901 1099 et
923 1032 1088 1118 hospitem

339 1139 545 1225 Indignoque
570 1139 745 1225 pecuniam

382 1243 524 1308 Haeredi
546 1247 704 1327 properet.
744 1240 877 1307 Scilicet
900 1239 1067 1326 improbae

340 1345 500 1411 Crescunt
524 1345 678 1411 divitiae:
709 1350 820 1408 temen

381 1449 501 1515 Ourtae
524 1447 633 1513 nescio
657 1447 736 1533 quid
761 1468 889 1531 semper
917 1447 1010 1511 abest
1041 1445 1096 1510 rei.

195 1563 280 1620 Quum
294 1563 403 1624 periura
418 1563 504 1623 patris
513 1560 582 1622 fides
601 1560 705 1609 Consor-
745 1564 803 1607 tere.
813 1558 835 1607 I.
851 1559 888 1608 10.
906 1558 949 1608 Ad
958 1558 1152 1606 honorationem
1166 1554 1294 1606 Bentleius

160 1646 208 1689 tem
224 1643 319 1689 socium
337 1642 423 1700 j‘ellot
447 1646 472 1689 et
496 1641 624 1701 hospitem.
654 1638 706 1686 Pro
746 1637 888 1687 emendavit
914 1637 1003 1686 Manil.
1026 1638 1076 1686 III.
1100 1637 1154 1686 121.
1195 1638 1234 1684 Et
1259 1650 1294 1683 so-

158 1721 241 1780 potrts
261 1719 288 1766 in
313 1718 368 1768 MS.
389 1718 462 1768 Voss.
484 1719 567 1780 poris.
600 1715 632 1764 In
649 1716 705 1765 MS.
746 1720 1037 1767 ciostenetetconeortes
1050 1718 1215 1780 hospitiisque
1228 1717 1294 1764 Fum-

159 1794 266 1844 Franek.
288 1795 371 1858 prima
395 1796 494 1859 syllaba
519 1798 545 1845 in
566 1811 626 1846 voce
649 1813 705 1846 eoo·
746 1797 823 1858 uitur.

158 1881 251 1922 sortem
268 1890 284 1922 a
300 1889 378 1922 manu
394 1876 529 1924 recentiore
547 1873 594 1923 fuit
616 1875 706 1922 addita.
779 1875 895 1923 Haeredi
911 1880 1035 1937 properet.
1070 1873 1151 1922 Plane
1171 1880 1200 1921 ut
1217 1871 1294 1922 Grae·

159 1952 264 2002 Bentlei.
277 1953 387 2002 volebat:
402 1953 589 2014 Cotttortem,et
605 1955 707 2011 socium,
747 1968 805 2002 cum
823 1953 948 2003 σπεύδειν.
980 1952 1079 2003 Solonis
1095 1959 1145 2002 ost:
1171 1951 1295 2001 Πλούτου

151 2030 238 2093 sallat
254 2038 279 2081 et
296 2034 423 2094 ltospitsm.
444 2032 552 2080 Eosdem
569 2045 640 2080 voces
658 2032 707 2080 iam
748 2031 769 2081 δ’
774 2033 847 2081 οὐδὲν
856 2031 1101 2097 τέρμαπεφασμένον
1110 2031 1295 2097 ἀνθρώποισιν.

158 2111 283 2172 separavit
311 2109 468 2158 Passeratius
494 2111 526 2157 ad
548 2110 662 2173 Propert.
685 2110 707 2158 1.
749 2113 780 2160 Οἳ
789 2112 837 2177 γὰρ
849 2113 897 2160 νῦν
905 2111 977 2176 ἡμῶν
987 2113 1109 2161 πλεῖστον
1122 2111 1209 2174 ἔχουσι
1220 2107 1296 2172 βίον,

157 2188 200 2236 21.
226 2186 346 2236 laudante
362 2189 500 2237 Burmann.
519 2190 549 2237 ad
568 2188 635 2238 Vell.
659 2189 707 2237 Pa
749 2189 894 2239 Διπλάσιον
911 2189 1055 2238 σπεύδουσι.

645 2361 808 2383 —QQO—

526 2521 772 2587 OARMEN
818 2520 926 2585 XXV.

251 2672 331 2756 Quo
354 2712 425 2773 me,
451 2690 596 2772 Bacche,
624 2688 711 2774 rapis
741 2687 791 2753 tui

304 2853 457 2904 CARMEN
474 2853 562 2902 XXV.
749 2839 849 2873 carmen
874 2824 1058 2884 Horatianum,
1083 2825 1154 2873 cuius
1179 2824 1240 2874 haec
1261 2829 1298 2872 est

750 2903 877 2967 praefatio,
890 2905 1042 2952 intercidisse
1052 2910 1120 2968 puto.
1138 2903 1298 2961 scholiastae,

194 2948 390 3033 videturesse
407 2982 525 3046 praefatio
536 2982 636 3031 maioris
653 2995 707 3029 car·
750 2985 793 3047 qui
809 2984 925 3033 viderunt
942 2984 1021 3031 solum
1038 2983 1227 3046 praefationem,
1244 2998 1298 3032 eom

159 3063 246 3121 minis,
272 3064 303 3111 ad
325 3063 479 3111 laudandum
500 3063 627 3114 Bacchum
644 3075 709 3109 com-
749 3063 859 3125 primam
882 3061 984 3124 glossis,
1008 3061 1051 3109 alii
1072 3062 1158 3110 deinde
1186 3063 1299 3111 versibus

160 3142 242 3206 positi.
267 3141 388 3190 Horatius
405 3141 522 3198 tentavit,
545 3140 603 3204 quid
625 3140 652 3188 in
669 3153 709 3201 ge·
749 3141 907 3204 interpretati
920 3148 985 3189 sunt.
1003 3141 1101 3189 Ponam
1114 3143 1299 3205 carmen,quod

160 3233 223 3268 nere
246 3219 414 3282 Dithyrombo
439 3219 545 3279 voleret,
571 3219 597 3266 in
618 3232 668 3281 quo
685 3224 711 3266 et
751 3221 888 3285 genuinum
907 3219 999 3277 iudico,
1024 3225 1049 3268 et
1076 3219 1166 3266 eddom
1192 3220 1297 3282 glossas,

162 3297 270 3348 Pindari
292 3298 465 3347 excellentiam
482 3296 644 3360 praedicavit,
672 3297 708 3344 ti·
750 3300 872 3362 originem
889 3311 1007 3346 versuum
1025 3296 1229 3345 adulterinorum.

162 3390 234 3437 cens,
256 3392 313 3425 eum
342 3393 406 3426 moro
430 3380 505 3426 cerba
527 3393 575 3440 per
602 3377 711 3425 auderes

165 3457 348 3519 Dtttyrambos
364 3459 497 3506 devolvere.
514 3454 711 3518 Dithyrambum
754 3459 810 3516 Quo
827 3472 865 3505 me
882 3457 983 3505 Bocche
999 3456 1070 3518 rapis
1086 3455 1127 3503 toi

162 3535 264 3598 singula
284 3534 335 3584 fere
359 3535 426 3584 dicta
446 3535 546 3583 Horatii
571 3535 710 3583 ostendunt.
784 3537 908 3584 Plenum?
945 3535 1017 3592 Quae
1037 3549 1148 3591 memoro,
1169 3541 1216 3583 out
1237 3551 1298 3598 quos

167 3615 226 3672 Quo
242 3616 375 3676 meropis.
403 3615 552 3676 Toe‘pleaus
568 3628 632 3661 socr.
652 3614 711 3661 Sto·
1045 3615 1149 3676 sooria
1165 3616 1265 3675 sperus?
1318 3610 1321 3616 ’

160 3707 209 3755 pao
233 3698 263 3740 at
290 3694 379 3741 Erice.
413 3694 458 3740 Nil
482 3693 589 3740 mortale
614 3693 710 3754 loquor.
751 3694 849 3741 Edonos
864 3698 948 3754 stupet
966 3694 1046 3741 Evioe

163 3771 312 3836 Propertius
329 3773 379 3821 III.
396 3773 434 3821 15.
452 3771 532 3820 simile
543 3785 643 3819 tormen
660 3777 711 3819 ten·
786 3772 900 3819 Hebrum
922 3772 1090 3833 prospiciens,
1115 3776 1140 3819 et
1164 3772 1220 3820 nicae
1240 3785 1297 3818 eon·

163 3856 264 3899 taturus
280 3851 379 3901 cecinit:
399 3853 488 3910 Nune,
509 3851 647 3908 oBocehe,
662 3851 713 3898 tots
1179 3849 1265 3896 dmum

164 3930 271 3978 humiles
294 3932 455 3979 advolvimur
481 3931 542 3978 oris.
584 3931 626 3977 Da
650 3931 713 3978 mihi
756 3930 883 3987 Thracen,
898 3942 948 3975 noa
963 3941 1033 3976 remae
1049 3927 1077 3974 in
1093 3927 1166 3988 tuoto.

164 4009 295 4071 lymphato
323 4011 379 4058 oeta
406 4010 515 4058 secondo
539 4011 620 4071 poter.
661 4008 711 4067 Et,
785 4007 833 4052 Nil
853 4005 959 4052 mortale
979 4005 1075 4065 loquor.
1106 4002 1186 4051 Dulce
1200 4006 1297 4065 perico-

163 4093 296 4151 postquam
321 4087 437 4150 attigerat
464 4086 597 4150 praecipua
620 4085 712 4134 Bocchi
1146 4084 1198 4130 lum
1214 4089 1265 4142 est,

164 4165 242 4214 facta:
268 4167 342 4215 Haec
357 4181 399 4228 eqo
415 4181 464 4214 nom
489 4166 579 4214 turriti
602 4164 711 4228 reseram
755 4162 881 4221 OLeto'e',
898 4163 968 4224 sequi
984 4159 1063 4209 Deum

162 4245 326 4293 commando
340 4245 474 4300 cothurno,
503 4243 595 4301 Qualis
612 4244 712 4292 Pindo-
787 4240 933 4303 cineratos
969 4240 1046 4290 virtuti
1079 4243 1192 4304 tempora
1221 4256 1295 4303 pom·

163 4324 218 4373 rico
233 4323 343 4386 spiritus
360 4337 402 4371 ore
418 4327 497 4371 tonat.
523 4322 611 4385 Ipsum
628 4328 710 4372 autem
729 4365 732 4383 ,
1194 4321 1263 4384 pino.
