<?xml version="1.0" encoding="UTF-8"?>
<!DOCTYPE html PUBLIC "-//W3C//DTD XHTML 1.0 Transitional//EN"
    "http://www.w3.org/TR/xhtml1/DTD/xhtml1-transitional.dtd">
<html xmlns="http://www.w3.org/1999/xhtml" xml:lang="en" lang="en">
 <head>
  <title>
</title>
<meta http-equiv="Content-Type" content="text/html;charset=utf-8" />
  <meta name='ocr-system' content='tesseract 3.04.00' />
  <meta name='ocr-capabilities' content='ocr_page ocr_carea ocr_par ocr_line ocrx_word'/>
</head>
<body>
  <div class='ocr_page' id='page_1' title='image "./qhoratiiflaccic00horagoog_0103.png"; bbox 0 0 2916 5220; ppageno 0'>
   <div class='ocr_carea' id='block_1_1' title="bbox 642 299 956 363">
    <p class='ocr_par' dir='ltr' id='par_1_1' title="bbox 642 299 956 363">
     <span class='ocr_line' id='line_1_1' title="bbox 642 299 956 363; baseline 0.006 -4"><span class='ocrx_word' id='word_1_1' title='bbox 642 299 956 363; x_wconf 53' lang='lat' dir='ltr'><strong>(firttttttNUM</strong></span> 
     </span>
    </p>
   </div>
   <div class='ocr_carea' id='block_1_2' title="bbox 418 486 1096 859">
    <p class='ocr_par' dir='ltr' id='par_1_2' title="bbox 422 486 1021 674">
     <span class='ocr_line' id='line_1_2' title="bbox 422 486 1021 572; baseline 0.007 -27"><span class='ocrx_word' id='word_1_2' title='bbox 422 492 541 551; x_wconf 79' lang='lat' dir='ltr'><strong>(iratas</strong></span> <span class='ocrx_word' id='word_1_3' title='bbox 566 490 681 572; x_wconf 75' lang='lat' dir='ltr'><strong>r&#39;rrsipra&#39;</strong></span> <span class='ocrx_word' id='word_1_4' title='bbox 704 486 840 570; x_wconf 61' lang='lat' dir='ltr'><strong>saffiram</strong></span> <span class='ocrx_word' id='word_1_5' title='bbox 870 494 881 545; x_wconf 86' lang='lat' dir='ltr'><strong>t</strong></span> <span class='ocrx_word' id='word_1_6' title='bbox 891 487 1021 565; x_wconf 64' lang='lat' dir='ltr'><strong>&#39;arrasam</strong></span> 
     </span>
     <span class='ocr_line' id='line_1_3' title="bbox 507 588 745 674; baseline 0 -21"><span class='ocrx_word' id='word_1_7' title='bbox 507 588 745 674; x_wconf 69' lang='lat' dir='ltr'><strong>fabriciaaapae.</strong></span> 
     </span>
    </p>

    <p class='ocr_par' dir='ltr' id='par_1_3' title="bbox 418 690 1096 775">
     <span class='ocr_line' id='line_1_4' title="bbox 418 690 1096 775; baseline 0 -22"><span class='ocrx_word' id='word_1_8' title='bbox 418 692 513 755; x_wconf 80' lang='lat' dir='ltr'><strong>Ilerac</strong></span> <span class='ocrx_word' id='word_1_9' title='bbox 542 701 570 754; x_wconf 86' lang='lat' dir='ltr'><strong>ct</strong></span> <span class='ocrx_word' id='word_1_10' title='bbox 595 695 758 775; x_wconf 75' lang='lat' dir='ltr'><strong>iaeoaprte&#39;s</strong></span> <span class='ocrx_word' id='word_1_11' title='bbox 786 694 915 754; x_wconf 74' lang='lat' dir='ltr'><strong>(iratam</strong></span> <span class='ocrx_word' id='word_1_12' title='bbox 938 690 1064 775; x_wconf 78' lang='lat' dir='ltr'><strong>capillis</strong></span> <span class='ocrx_word' id='word_1_13' title='bbox 1093 707 1096 713; x_wconf 86' lang='lat'>&#39;</span> 
     </span>
    </p>

    <p class='ocr_par' dir='ltr' id='par_1_4' title="bbox 420 793 978 859">
     <span class='ocr_line' id='line_1_5' title="bbox 420 793 978 859; baseline 0.002 -2"><span class='ocrx_word' id='word_1_14' title='bbox 420 794 532 858; x_wconf 79' lang='lat' dir='ltr'><strong>Utilcra</strong></span> <span class='ocrx_word' id='word_1_15' title='bbox 555 793 631 859; x_wconf 79' lang='lat' dir='ltr'><strong>bella</strong></span> <span class='ocrx_word' id='word_1_16' title='bbox 654 794 725 858; x_wconf 81' lang='lat' dir='ltr'><strong>trrlr&#39;t</strong></span> <span class='ocrx_word' id='word_1_17' title='bbox 756 805 784 857; x_wconf 78' lang='lat' dir='ltr'><strong>rt</strong></span> <span class='ocrx_word' id='word_1_18' title='bbox 813 794 978 859; x_wconf 68' lang='lat' dir='ltr'><strong>(fornillum</strong></span> 
     </span>
    </p>
   </div>
   <div class='ocr_carea' id='block_1_3' title="bbox 236 980 1446 3180">
    <p class='ocr_par' dir='ltr' id='par_1_5' title="bbox 236 980 1446 3180">
     <span class='ocr_line' id='line_1_6' title="bbox 236 980 1374 1043; baseline -0.003 -15"><span class='ocrx_word' id='word_1_19' title='bbox 236 980 704 1043; x_wconf 61' lang='lat' dir='ltr'><strong>patriisrrtqeeaaiaraaprodrpe,Galle,</strong></span> <span class='ocrx_word' id='word_1_20' title='bbox 718 984 783 1027; x_wconf 81' lang='lat' dir='ltr'><strong>tuae.</strong></span> <span class='ocrx_word' id='word_1_21' title='bbox 826 981 921 1028; x_wconf 83' lang='lat' dir='ltr'><strong>rationi</strong></span> <span class='ocrx_word' id='word_1_22' title='bbox 937 986 984 1028; x_wconf 88' lang='lat' dir='ltr'><strong>est.</strong></span> <span class='ocrx_word' id='word_1_23' title='bbox 1023 982 1096 1029; x_wconf 80' lang='lat' dir='ltr'><strong>Urrde</strong></span> <span class='ocrx_word' id='word_1_24' title='bbox 1117 986 1142 1029; x_wconf 85' lang='lat' dir='ltr'><strong>et</strong></span> <span class='ocrx_word' id='word_1_25' title='bbox 1161 986 1250 1029; x_wconf 76' lang='lat' dir='ltr'><strong>cerasa</strong></span> <span class='ocrx_word' id='word_1_26' title='bbox 1266 981 1301 1029; x_wconf 85' lang='lat' dir='ltr'><strong>ad</strong></span> <span class='ocrx_word' id='word_1_27' title='bbox 1318 982 1374 1029; x_wconf 63' lang='lat' dir='ltr'><strong>trac</strong></span> 
     </span>
     <span class='ocr_line' id='line_1_7' title="bbox 239 1056 1377 1120; baseline -0.001 -12"><span class='ocrx_word' id='word_1_28' title='bbox 239 1059 289 1109; x_wconf 89' lang='lat' dir='ltr'><strong>Ubi</strong></span> <span class='ocrx_word' id='word_1_29' title='bbox 307 1056 426 1108; x_wconf 82' lang='lat' dir='ltr'><strong>Oiofanus</strong></span> <span class='ocrx_word' id='word_1_30' title='bbox 443 1058 493 1105; x_wconf 87' lang='lat' dir='ltr'><strong>alia</strong></span> <span class='ocrx_word' id='word_1_31' title='bbox 509 1059 646 1106; x_wconf 85' lang='lat' dir='ltr'><strong>annotavit.</strong></span> <span class='ocrx_word' id='word_1_32' title='bbox 826 1060 881 1106; x_wconf 80' lang='lat' dir='ltr'><strong>dem</strong></span> <span class='ocrx_word' id='word_1_33' title='bbox 902 1063 939 1106; x_wconf 86' lang='lat' dir='ltr'><strong>cst</strong></span> <span class='ocrx_word' id='word_1_34' title='bbox 958 1059 1069 1120; x_wconf 84' lang='lat' dir='ltr'><strong>positam</strong></span> <span class='ocrx_word' id='word_1_35' title='bbox 1089 1059 1121 1106; x_wconf 80' lang='lat' dir='ltr'><strong>ab</strong></span> <span class='ocrx_word' id='word_1_36' title='bbox 1143 1059 1255 1107; x_wconf 86' lang='lat' dir='ltr'><strong>Horatio</strong></span> <span class='ocrx_word' id='word_1_37' title='bbox 1273 1057 1293 1106; x_wconf 92' lang='grc' dir='ltr'><strong>Ι.</strong></span> <span class='ocrx_word' id='word_1_38' title='bbox 1320 1057 1377 1108; x_wconf 89' lang='lat' dir='ltr'><strong>Oda</strong></span> 
     </span>
     <span class='ocr_line' id='line_1_8' title="bbox 266 1136 1377 1202; baseline 0.002 -17"><span class='ocrx_word' id='word_1_39' title='bbox 266 1136 710 1200; x_wconf 69' lang='lat' dir='ltr'><strong>GratasiasipirireferaraCmaeaa.</strong></span> <span class='ocrx_word' id='word_1_40' title='bbox 728 1137 785 1184; x_wconf 87' lang='lat' dir='ltr'><strong>Non</strong></span> <span class='ocrx_word' id='word_1_41' title='bbox 831 1139 868 1186; x_wconf 80' lang='lat'><strong>12.</strong></span> <span class='ocrx_word' id='word_1_42' title='bbox 895 1139 967 1187; x_wconf 86' lang='lat' dir='ltr'><strong>“Hic</strong></span> <span class='ocrx_word' id='word_1_43' title='bbox 983 1143 1008 1186; x_wconf 88' lang='lat' dir='ltr'><strong>et</strong></span> <span class='ocrx_word' id='word_1_44' title='bbox 1025 1139 1157 1200; x_wconf 81' lang='lat' dir='ltr'><strong>inccrrrptis</strong></span> <span class='ocrx_word' id='word_1_45' title='bbox 1173 1138 1280 1186; x_wconf 83' lang='lat' dir='ltr'><strong>Cariraa</strong></span> <span class='ocrx_word' id='word_1_46' title='bbox 1297 1142 1377 1202; x_wconf 82' lang='lat' dir='ltr'><strong>capit·</strong></span> 
     </span>
     <span class='ocr_line' id='line_1_9' title="bbox 237 1215 1376 1279; baseline 0.003 -16"><span class='ocrx_word' id='word_1_47' title='bbox 237 1225 329 1265; x_wconf 88' lang='lat' dir='ltr'><strong>temere</strong></span> <span class='ocrx_word' id='word_1_48' title='bbox 338 1215 510 1278; x_wconf 82' lang='lat' dir='ltr'><strong>spernendum,</strong></span> <span class='ocrx_word' id='word_1_49' title='bbox 518 1216 583 1278; x_wconf 84' lang='lat' dir='ltr'><strong>quod</strong></span> <span class='ocrx_word' id='word_1_50' title='bbox 589 1216 646 1265; x_wconf 87' lang='lat' dir='ltr'><strong>Van</strong></span> <span class='ocrx_word' id='word_1_51' title='bbox 653 1215 786 1277; x_wconf 87' lang='lat' dir='ltr'><strong>dcheurg</strong></span> <span class='ocrx_word' id='word_1_52' title='bbox 827 1218 881 1265; x_wconf 85' lang='lat' dir='ltr'><strong>tis.&#39;&#39;</strong></span> <span class='ocrx_word' id='word_1_53' title='bbox 901 1216 975 1266; x_wconf 82' lang='lat' dir='ltr'><strong>Unde</strong></span> <span class='ocrx_word' id='word_1_54' title='bbox 992 1223 1093 1279; x_wconf 89' lang='lat' dir='ltr'><strong>apparet</strong></span> <span class='ocrx_word' id='word_1_55' title='bbox 1111 1215 1225 1265; x_wconf 85' lang='lat' dir='ltr'><strong>Servium</strong></span> <span class='ocrx_word' id='word_1_56' title='bbox 1239 1216 1329 1279; x_wconf 76' lang='lat' dir='ltr'>legisse</span> <span class='ocrx_word' id='word_1_57' title='bbox 1339 1221 1376 1266; x_wconf 79' lang='lat' dir='ltr'><strong>ia·</strong></span> 
     </span>
     <span class='ocr_line' id='line_1_10' title="bbox 237 1293 1377 1359; baseline 0.001 -16"><span class='ocrx_word' id='word_1_58' title='bbox 237 1297 263 1344; x_wconf 93' lang='lat' dir='ltr'><strong>in</strong></span> <span class='ocrx_word' id='word_1_59' title='bbox 276 1310 321 1344; x_wconf 88' lang='lat' dir='ltr'><strong>suo</strong></span> <span class='ocrx_word' id='word_1_60' title='bbox 331 1295 387 1345; x_wconf 90' lang='lat' dir='ltr'><strong>MS.</strong></span> <span class='ocrx_word' id='word_1_61' title='bbox 400 1293 495 1342; x_wconf 87' lang='lat' dir='ltr'><strong>invenit</strong></span> <span class='ocrx_word' id='word_1_62' title='bbox 509 1296 626 1344; x_wconf 84' lang='lat' dir='ltr'><strong>Graccos.</strong></span> <span class='ocrx_word' id='word_1_63' title='bbox 643 1294 709 1342; x_wconf 88' lang='lat' dir='ltr'><strong>Nam</strong></span> <span class='ocrx_word' id='word_1_64' title='bbox 721 1295 786 1356; x_wconf 91' lang='lat' dir='ltr'><strong>quod</strong></span> <span class='ocrx_word' id='word_1_65' title='bbox 827 1299 938 1359; x_wconf 82' lang='lat' dir='ltr'><strong>ccrrrptis.</strong></span> <span class='ocrx_word' id='word_1_66' title='bbox 973 1297 1039 1345; x_wconf 89' lang='lat' dir='ltr'><strong>Nam</strong></span> <span class='ocrx_word' id='word_1_67' title='bbox 1060 1310 1089 1343; x_wconf 89' lang='lat' dir='ltr'><strong>ea</strong></span> <span class='ocrx_word' id='word_1_68' title='bbox 1108 1294 1277 1358; x_wconf 81' lang='lat' dir='ltr'><strong>interpretatio</strong></span> <span class='ocrx_word' id='word_1_69' title='bbox 1293 1297 1377 1345; x_wconf 78' lang='lat' dir='ltr'><strong>minus</strong></span> 
     </span>
     <span class='ocr_line' id='line_1_11' title="bbox 237 1372 1378 1438; baseline 0.003 -16"><span class='ocrx_word' id='word_1_70' title='bbox 237 1374 279 1423; x_wconf 93' lang='lat' dir='ltr'><strong>ille</strong></span> <span class='ocrx_word' id='word_1_71' title='bbox 290 1380 372 1436; x_wconf 81' lang='lat' dir='ltr'><strong>putat,</strong></span> <span class='ocrx_word' id='word_1_72' title='bbox 389 1374 425 1422; x_wconf 91' lang='lat' dir='ltr'><strong>ita</strong></span> <span class='ocrx_word' id='word_1_73' title='bbox 436 1372 572 1422; x_wconf 80' lang='lat' dir='ltr'><strong>correxisse</strong></span> <span class='ocrx_word' id='word_1_74' title='bbox 583 1372 718 1434; x_wconf 89' lang='lat' dir='ltr'><strong>librarium,</strong></span> <span class='ocrx_word' id='word_1_75' title='bbox 728 1372 788 1435; x_wconf 88' lang='lat' dir='ltr'><strong>quia</strong></span> <span class='ocrx_word' id='word_1_76' title='bbox 828 1377 934 1438; x_wconf 82' lang='lat' dir='ltr'><strong>pertinet</strong></span> <span class='ocrx_word' id='word_1_77' title='bbox 955 1376 986 1424; x_wconf 86' lang='lat' dir='ltr'><strong>ad</strong></span> <span class='ocrx_word' id='word_1_78' title='bbox 1008 1377 1121 1423; x_wconf 69' lang='lat' dir='ltr'><strong>intersis.</strong></span> <span class='ocrx_word' id='word_1_79' title='bbox 1160 1375 1250 1436; x_wconf 86' lang='lat' dir='ltr'><strong>Itaque</strong></span> <span class='ocrx_word' id='word_1_80' title='bbox 1269 1378 1378 1425; x_wconf 79' lang='lat' dir='ltr'><strong>intonsis</strong></span> 
     </span>
     <span class='ocr_line' id='line_1_12' title="bbox 238 1451 1378 1515; baseline 0.004 -16"><span class='ocrx_word' id='word_1_81' title='bbox 238 1453 337 1501; x_wconf 88' lang='lat' dir='ltr'><strong>favebat</strong></span> <span class='ocrx_word' id='word_1_82' title='bbox 348 1451 460 1515; x_wconf 88' lang='lat' dir='ltr'><strong>partibus</strong></span> <span class='ocrx_word' id='word_1_83' title='bbox 468 1452 650 1511; x_wconf 84' lang='lat' dir='ltr'><strong>Gracchorum,</strong></span> <span class='ocrx_word' id='word_1_84' title='bbox 667 1452 713 1500; x_wconf 90' lang='lat' dir='ltr'><strong>hoc</strong></span> <span class='ocrx_word' id='word_1_85' title='bbox 724 1453 787 1500; x_wconf 92' lang='lat' dir='ltr'><strong>ioco·</strong></span> <span class='ocrx_word' id='word_1_86' title='bbox 828 1461 865 1503; x_wconf 90' lang='lat' dir='ltr'><strong>est</strong></span> <span class='ocrx_word' id='word_1_87' title='bbox 889 1455 962 1503; x_wconf 86' lang='lat' dir='ltr'><strong>unius</strong></span> <span class='ocrx_word' id='word_1_88' title='bbox 986 1452 1139 1514; x_wconf 80' lang='lat' dir='ltr'><strong>Quintiliani.</strong></span> <span class='ocrx_word' id='word_1_89' title='bbox 1178 1454 1213 1501; x_wconf 82' lang='lat' dir='ltr'><strong>Et</strong></span> <span class='ocrx_word' id='word_1_90' title='bbox 1233 1454 1268 1501; x_wconf 90' lang='lat' dir='ltr'><strong>ita</strong></span> <span class='ocrx_word' id='word_1_91' title='bbox 1288 1454 1378 1515; x_wconf 79' lang='lat' dir='ltr'><strong>legisse</strong></span> 
     </span>
     <span class='ocr_line' id='line_1_13' title="bbox 238 1531 1377 1595; baseline 0.004 -16"><span class='ocrx_word' id='word_1_92' title='bbox 238 1547 293 1580; x_wconf 92' lang='lat' dir='ltr'><strong>sum</strong></span> <span class='ocrx_word' id='word_1_93' title='bbox 305 1531 384 1593; x_wconf 80' lang='lat' dir='ltr'><strong>magis</strong></span> <span class='ocrx_word' id='word_1_94' title='bbox 396 1532 505 1590; x_wconf 88' lang='lat' dir='ltr'><strong>videtur,</strong></span> <span class='ocrx_word' id='word_1_95' title='bbox 522 1547 597 1594; x_wconf 87' lang='lat' dir='ltr'><strong>quarn</strong></span> <span class='ocrx_word' id='word_1_96' title='bbox 609 1547 702 1580; x_wconf 81' lang='lat' dir='ltr'><strong>verum.</strong></span> <span class='ocrx_word' id='word_1_97' title='bbox 721 1532 787 1580; x_wconf 81' lang='lat' dir='ltr'><strong>Nsnr</strong></span> <span class='ocrx_word' id='word_1_98' title='bbox 830 1534 928 1583; x_wconf 86' lang='lat' dir='ltr'><strong>videtur</strong></span> <span class='ocrx_word' id='word_1_99' title='bbox 941 1532 1040 1583; x_wconf 82' lang='lat' dir='ltr'><strong>Comm.</strong></span> <span class='ocrx_word' id='word_1_100' title='bbox 1049 1532 1125 1594; x_wconf 85' lang='lat' dir='ltr'><strong>Cruq.</strong></span> <span class='ocrx_word' id='word_1_101' title='bbox 1134 1532 1311 1595; x_wconf 85' lang='lat' dir='ltr'><strong>interpretans:</strong></span> <span class='ocrx_word' id='word_1_102' title='bbox 1326 1533 1377 1583; x_wconf 86' lang='lat' dir='ltr'><strong>Ca·</strong></span> 
     </span>
     <span class='ocr_line' id='line_1_14' title="bbox 239 1611 1377 1676; baseline 0.003 -18"><span class='ocrx_word' id='word_1_103' title='bbox 239 1611 331 1660; x_wconf 85' lang='lat' dir='ltr'><strong>librarii</strong></span> <span class='ocrx_word' id='word_1_104' title='bbox 347 1611 447 1660; x_wconf 89' lang='lat' dir='ltr'><strong>illorum</strong></span> <span class='ocrx_word' id='word_1_105' title='bbox 465 1619 603 1674; x_wconf 84' lang='lat' dir='ltr'><strong>temporum</strong></span> <span class='ocrx_word' id='word_1_106' title='bbox 617 1626 665 1658; x_wconf 92' lang='lat' dir='ltr'><strong>non</strong></span> <span class='ocrx_word' id='word_1_107' title='bbox 679 1621 730 1659; x_wconf 81' lang='lat' dir='ltr'><strong>tani</strong></span> <span class='ocrx_word' id='word_1_108' title='bbox 746 1613 787 1658; x_wconf 86' lang='lat' dir='ltr'><strong>‹lo-</strong></span> <span class='ocrx_word' id='word_1_109' title='bbox 830 1616 885 1663; x_wconf 81' lang='lat' dir='ltr'><strong>rias</strong></span> <span class='ocrx_word' id='word_1_110' title='bbox 922 1628 1051 1676; x_wconf 81' lang='lat' dir='ltr'><strong>rrarrqaam</strong></span> <span class='ocrx_word' id='word_1_111' title='bbox 1088 1613 1196 1661; x_wconf 82' lang='lat' dir='ltr'><strong>totondit</strong></span> <span class='ocrx_word' id='word_1_112' title='bbox 1229 1614 1377 1672; x_wconf 77' lang='lat' dir='ltr'><strong>caesariem,</strong></span> 
     </span>
     <span class='ocr_line' id='line_1_15' title="bbox 239 1689 1377 1753; baseline 0 -15"><span class='ocrx_word' id='word_1_113' title='bbox 239 1692 272 1739; x_wconf 92' lang='lat' dir='ltr'><strong>cti</strong></span> <span class='ocrx_word' id='word_1_114' title='bbox 282 1698 359 1748; x_wconf 87' lang='lat' dir='ltr'><strong>crant,</strong></span> <span class='ocrx_word' id='word_1_115' title='bbox 368 1696 393 1738; x_wconf 93' lang='lat' dir='ltr'><strong>et</strong></span> <span class='ocrx_word' id='word_1_116' title='bbox 403 1689 543 1737; x_wconf 88' lang='lat' dir='ltr'><strong>Romanam</strong></span> <span class='ocrx_word' id='word_1_117' title='bbox 555 1690 689 1747; x_wconf 88' lang='lat' dir='ltr'><strong>historiam,</strong></span> <span class='ocrx_word' id='word_1_118' title='bbox 702 1705 787 1752; x_wconf 90' lang='lat' dir='ltr'><strong>quam·</strong></span> <span class='ocrx_word' id='word_1_119' title='bbox 828 1696 933 1753; x_wconf 86' lang='lat' dir='ltr'><strong>propter</strong></span> <span class='ocrx_word' id='word_1_120' title='bbox 955 1692 1079 1739; x_wconf 82' lang='lat' dir='ltr'><strong>iniuriam</strong></span> <span class='ocrx_word' id='word_1_121' title='bbox 1094 1697 1239 1752; x_wconf 83' lang='lat' dir='ltr'><strong>praeturae.</strong></span> <span class='ocrx_word' id='word_1_122' title='bbox 1275 1690 1325 1741; x_wconf 84' lang='lat' dir='ltr'><strong>Sed</strong></span> <span class='ocrx_word' id='word_1_123' title='bbox 1342 1692 1377 1739; x_wconf 90' lang='lat' dir='ltr'><strong>vi-</strong></span> 
     </span>
     <span class='ocr_line' id='line_1_16' title="bbox 240 1769 1377 1833; baseline 0.004 -18"><span class='ocrx_word' id='word_1_124' title='bbox 240 1770 277 1816; x_wconf 85' lang='lat' dir='ltr'><strong>vis</strong></span> <span class='ocrx_word' id='word_1_125' title='bbox 294 1769 388 1818; x_wconf 85' lang='lat' dir='ltr'><strong>Romae</strong></span> <span class='ocrx_word' id='word_1_126' title='bbox 406 1771 524 1827; x_wconf 81' lang='lat' dir='ltr'><strong>virentes,</strong></span> <span class='ocrx_word' id='word_1_127' title='bbox 542 1770 620 1831; x_wconf 80' lang='lat' dir='ltr'><strong>vulgo</strong></span> <span class='ocrx_word' id='word_1_128' title='bbox 632 1769 787 1831; x_wconf 79' lang='lat' dir='ltr'><strong>ignorabant.</strong></span> <span class='ocrx_word' id='word_1_129' title='bbox 831 1771 944 1825; x_wconf 87' lang='lat' dir='ltr'><strong>deamus,</strong></span> <span class='ocrx_word' id='word_1_130' title='bbox 962 1770 1021 1833; x_wconf 88' lang='lat' dir='ltr'><strong>quid</strong></span> <span class='ocrx_word' id='word_1_131' title='bbox 1038 1771 1103 1818; x_wconf 89' lang='lat' dir='ltr'><strong>dieat</strong></span> <span class='ocrx_word' id='word_1_132' title='bbox 1119 1770 1223 1831; x_wconf 91' lang='lat' dir='ltr'><strong>Quintil.</strong></span> <span class='ocrx_word' id='word_1_133' title='bbox 1240 1771 1289 1820; x_wconf 89' lang='lat' dir='ltr'><strong>IX.</strong></span> <span class='ocrx_word' id='word_1_134' title='bbox 1303 1773 1325 1820; x_wconf 91' lang='grc'><strong>1.</strong></span> <span class='ocrx_word' id='word_1_135' title='bbox 1339 1773 1377 1820; x_wconf 86' lang='grc'><strong>19.</strong></span> 
     </span>
     <span class='ocr_line' id='line_1_17' title="bbox 240 1847 1377 1913; baseline 0.001 -17"><span class='ocrx_word' id='word_1_136' title='bbox 240 1848 323 1896; x_wconf 92' lang='lat' dir='ltr'><strong>Multo</strong></span> <span class='ocrx_word' id='word_1_137' title='bbox 339 1847 407 1910; x_wconf 88' lang='lat' dir='ltr'><strong>prius</strong></span> <span class='ocrx_word' id='word_1_138' title='bbox 420 1850 531 1898; x_wconf 82' lang='lat' dir='ltr'><strong>Graecos</strong></span> <span class='ocrx_word' id='word_1_139' title='bbox 547 1855 685 1896; x_wconf 86' lang='lat' dir='ltr'><strong>mutassent</strong></span> <span class='ocrx_word' id='word_1_140' title='bbox 697 1848 722 1895; x_wconf 95' lang='lat' dir='ltr'><strong>in</strong></span> <span class='ocrx_word' id='word_1_141' title='bbox 731 1864 787 1910; x_wconf 79' lang='lat' dir='ltr'><strong>pra·</strong></span> <span class='ocrx_word' id='word_1_142' title='bbox 829 1851 892 1899; x_wconf 79' lang='lat' dir='ltr'><strong>“Ea</strong></span> <span class='ocrx_word' id='word_1_143' title='bbox 908 1853 993 1899; x_wconf 82' lang='lat' dir='ltr'><strong>eadem</strong></span> <span class='ocrx_word' id='word_1_144' title='bbox 1008 1856 1084 1912; x_wconf 85' lang='lat' dir='ltr'><strong>parte</strong></span> <span class='ocrx_word' id='word_1_145' title='bbox 1091 1850 1238 1913; x_wconf 76' lang='lat' dir='ltr'><strong>fiparararn</strong></span> <span class='ocrx_word' id='word_1_146' title='bbox 1250 1849 1343 1901; x_wconf 86' lang='lat' dir='ltr'><strong>additio</strong></span> <span class='ocrx_word' id='word_1_147' title='bbox 1353 1855 1377 1899; x_wconf 84' lang='lat' dir='ltr'><strong>et</strong></span> 
     </span>
     <span class='ocr_line' id='line_1_18' title="bbox 240 1927 1378 1994; baseline 0.004 -20"><span class='ocrx_word' id='word_1_148' title='bbox 240 1933 284 1976; x_wconf 88' lang='lat' dir='ltr'><strong>tos.</strong></span> <span class='ocrx_word' id='word_1_149' title='bbox 320 1927 355 1975; x_wconf 83' lang='lat' dir='ltr'><strong>Et</strong></span> <span class='ocrx_word' id='word_1_150' title='bbox 378 1942 423 1975; x_wconf 91' lang='lat' dir='ltr'><strong>eur</strong></span> <span class='ocrx_word' id='word_1_151' title='bbox 451 1928 537 1990; x_wconf 77' lang='lat' dir='ltr'><strong>poitae</strong></span> <span class='ocrx_word' id='word_1_152' title='bbox 559 1927 598 1975; x_wconf 90' lang='lat' dir='ltr'><strong>hie</strong></span> <span class='ocrx_word' id='word_1_153' title='bbox 619 1928 680 1975; x_wconf 88' lang='lat' dir='ltr'><strong>adeo</strong></span> <span class='ocrx_word' id='word_1_154' title='bbox 700 1933 788 1988; x_wconf 76' lang='lat' dir='ltr'><strong>prrrtrrs</strong></span> <span class='ocrx_word' id='word_1_155' title='bbox 831 1929 932 1977; x_wconf 84' lang='lat' dir='ltr'><strong>abiectio</strong></span> <span class='ocrx_word' id='word_1_156' title='bbox 949 1935 992 1978; x_wconf 87' lang='lat' dir='ltr'><strong>est.</strong></span> <span class='ocrx_word' id='word_1_157' title='bbox 1027 1931 1128 1993; x_wconf 76' lang='lat' dir='ltr'><strong>Illoque</strong></span> <span class='ocrx_word' id='word_1_158' title='bbox 1146 1932 1221 1994; x_wconf 83' lang='lat' dir='ltr'><strong>prior</strong></span> <span class='ocrx_word' id='word_1_159' title='bbox 1237 1931 1320 1979; x_wconf 79' lang='lat' dir='ltr'><strong>rideri</strong></span> <span class='ocrx_word' id='word_1_160' title='bbox 1335 1946 1378 1992; x_wconf 89' lang='lat' dir='ltr'><strong>po·</strong></span> 
     </span>
     <span class='ocr_line' id='line_1_19' title="bbox 241 2005 1378 2071; baseline 0.002 -16"><span class='ocrx_word' id='word_1_161' title='bbox 241 2009 319 2055; x_wconf 83' lang='lat' dir='ltr'><strong>esset?</strong></span> <span class='ocrx_word' id='word_1_162' title='bbox 336 2021 376 2065; x_wconf 90' lang='lat' dir='ltr'><strong>an,</strong></span> <span class='ocrx_word' id='word_1_163' title='bbox 394 2008 452 2069; x_wconf 85' lang='lat' dir='ltr'><strong>quia</strong></span> <span class='ocrx_word' id='word_1_164' title='bbox 468 2006 590 2067; x_wconf 74' lang='lat' dir='ltr'><strong>Regulm,</strong></span> <span class='ocrx_word' id='word_1_165' title='bbox 608 2006 702 2062; x_wconf 86' lang='lat' dir='ltr'><strong>Scauri,</strong></span> <span class='ocrx_word' id='word_1_166' title='bbox 712 2005 787 2053; x_wconf 92' lang='lat' dir='ltr'><strong>Paul·</strong></span> <span class='ocrx_word' id='word_1_167' title='bbox 831 2013 878 2056; x_wconf 88' lang='lat' dir='ltr'><strong>test</strong></span> <span class='ocrx_word' id='word_1_168' title='bbox 902 2021 1068 2070; x_wconf 79' lang='lat' dir='ltr'><strong>supervacua,</strong></span> <span class='ocrx_word' id='word_1_169' title='bbox 1093 2010 1136 2058; x_wconf 83' lang='lat' dir='ltr'><strong>sed</strong></span> <span class='ocrx_word' id='word_1_170' title='bbox 1154 2024 1203 2058; x_wconf 83' lang='lat' dir='ltr'><strong>aaa</strong></span> <span class='ocrx_word' id='word_1_171' title='bbox 1223 2010 1276 2057; x_wconf 84' lang='lat' dir='ltr'><strong>siae</strong></span> <span class='ocrx_word' id='word_1_172' title='bbox 1291 2010 1378 2071; x_wconf 84' lang='lat' dir='ltr'><strong>pratia</strong></span> 
     </span>
     <span class='ocr_line' id='line_1_20' title="bbox 241 2085 1378 2149; baseline 0.003 -17"><span class='ocrx_word' id='word_1_173' title='bbox 241 2085 279 2133; x_wconf 90' lang='lat' dir='ltr'><strong>lus</strong></span> <span class='ocrx_word' id='word_1_174' title='bbox 305 2085 428 2134; x_wconf 76' lang='lat' dir='ltr'><strong>Aemilius</strong></span> <span class='ocrx_word' id='word_1_175' title='bbox 451 2092 475 2134; x_wconf 91' lang='lat' dir='ltr'><strong>et</strong></span> <span class='ocrx_word' id='word_1_176' title='bbox 499 2085 627 2133; x_wconf 83' lang='lat' dir='ltr'><strong>Fabricius</strong></span> <span class='ocrx_word' id='word_1_177' title='bbox 649 2085 737 2133; x_wconf 87' lang='lat' dir='ltr'><strong>melius</strong></span> <span class='ocrx_word' id='word_1_178' title='bbox 758 2085 788 2132; x_wconf 88' lang='lat' dir='ltr'><strong>de</strong></span> <span class='ocrx_word' id='word_1_179' title='bbox 830 2090 874 2133; x_wconf 84' lang='lat' dir='ltr'><strong>est.</strong></span> <span class='ocrx_word' id='word_1_180' title='bbox 907 2085 974 2133; x_wconf 88' lang='lat' dir='ltr'><strong>Nam</strong></span> <span class='ocrx_word' id='word_1_181' title='bbox 995 2100 1075 2149; x_wconf 90' lang='lat' dir='ltr'><strong>neque</strong></span> <span class='ocrx_word' id='word_1_182' title='bbox 1098 2086 1204 2134; x_wconf 82' lang='lat' dir='ltr'><strong>Parnasi</strong></span> <span class='ocrx_word' id='word_1_183' title='bbox 1220 2087 1288 2135; x_wconf 85' lang='lat' dir='ltr'><strong>vobis</strong></span> <span class='ocrx_word' id='word_1_184' title='bbox 1304 2088 1378 2149; x_wconf 81' lang='lat' dir='ltr'><strong>iuga,</strong></span> 
     </span>
     <span class='ocr_line' id='line_1_21' title="bbox 240 2165 1380 2227; baseline 0.004 -15"><span class='ocrx_word' id='word_1_185' title='bbox 240 2165 322 2227; x_wconf 88' lang='lat' dir='ltr'><strong>patria</strong></span> <span class='ocrx_word' id='word_1_186' title='bbox 343 2173 423 2214; x_wconf 88' lang='lat' dir='ltr'><strong>essent</strong></span> <span class='ocrx_word' id='word_1_187' title='bbox 446 2165 538 2222; x_wconf 89' lang='lat' dir='ltr'><strong>meriti,</strong></span> <span class='ocrx_word' id='word_1_188' title='bbox 561 2180 636 2227; x_wconf 90' lang='lat' dir='ltr'><strong>qnam</strong></span> <span class='ocrx_word' id='word_1_189' title='bbox 657 2165 747 2215; x_wconf 84' lang='lat' dir='ltr'><strong>Curius</strong></span> <span class='ocrx_word' id='word_1_190' title='bbox 764 2172 788 2213; x_wconf 90' lang='lat' dir='ltr'><strong>et</strong></span> <span class='ocrx_word' id='word_1_191' title='bbox 831 2178 888 2211; x_wconf 91' lang='lat' dir='ltr'><strong>nam</strong></span> <span class='ocrx_word' id='word_1_192' title='bbox 906 2179 985 2227; x_wconf 91' lang='lat' dir='ltr'><strong>neque</strong></span> <span class='ocrx_word' id='word_1_193' title='bbox 1002 2165 1084 2214; x_wconf 87' lang='lat' dir='ltr'><strong>Pindi.</strong></span> <span class='ocrx_word' id='word_1_194' title='bbox 1111 2169 1199 2215; x_wconf 86' lang='lat' dir='ltr'><strong>Potest</strong></span> <span class='ocrx_word' id='word_1_195' title='bbox 1216 2169 1282 2217; x_wconf 84' lang='lat' dir='ltr'><strong>caim</strong></span> <span class='ocrx_word' id='word_1_196' title='bbox 1299 2169 1380 2216; x_wconf 80' lang='lat' dir='ltr'><strong>deesse</strong></span> 
     </span>
     <span class='ocr_line' id='line_1_22' title="bbox 243 2243 1376 2307; baseline 0 -13"><span class='ocrx_word' id='word_1_197' title='bbox 243 2243 382 2294; x_wconf 85' lang='lat' dir='ltr'><strong>Camillus?</strong></span> <span class='ocrx_word' id='word_1_198' title='bbox 401 2244 516 2307; x_wconf 80' lang='lat' dir='ltr'><strong>Scripsit,</strong></span> <span class='ocrx_word' id='word_1_199' title='bbox 534 2244 618 2293; x_wconf 90' lang='lat' dir='ltr'><strong>eredo:</strong></span> <span class='ocrx_word' id='word_1_200' title='bbox 645 2246 788 2294; x_wconf 73' lang='lat' dir='ltr'><strong>Gracchana</strong></span> <span class='ocrx_word' id='word_1_201' title='bbox 830 2246 948 2301; x_wconf 83' lang='lat' dir='ltr'><strong>alteram,</strong></span> <span class='ocrx_word' id='word_1_202' title='bbox 960 2260 1019 2293; x_wconf 85' lang='lat' dir='ltr'><strong>nara</strong></span> <span class='ocrx_word' id='word_1_203' title='bbox 1030 2250 1054 2293; x_wconf 87' lang='lat' dir='ltr'><strong>et</strong></span> <span class='ocrx_word' id='word_1_204' title='bbox 1065 2247 1135 2306; x_wconf 80' lang='lat' dir='ltr'><strong>aprrd</strong></span> <span class='ocrx_word' id='word_1_205' title='bbox 1146 2246 1286 2295; x_wconf 82' lang='lat' dir='ltr'><strong>Horatium</strong></span> <span class='ocrx_word' id='word_1_206' title='bbox 1295 2249 1376 2296; x_wconf 83' lang='lat' dir='ltr'><strong>illud.-</strong></span> 
     </span>
     <span class='ocr_line' id='line_1_23' title="bbox 242 2322 1377 2386; baseline 0.001 -14"><span class='ocrx_word' id='word_1_207' title='bbox 242 2328 267 2372; x_wconf 88' lang='lat' dir='ltr'><strong>et</strong></span> <span class='ocrx_word' id='word_1_208' title='bbox 283 2324 378 2386; x_wconf 73' lang='lat' dir='ltr'><strong>insipat</strong></span> <span class='ocrx_word' id='word_1_209' title='bbox 387 2324 495 2386; x_wconf 81' lang='lat' dir='ltr'><strong>referam</strong></span> <span class='ocrx_word' id='word_1_210' title='bbox 509 2322 627 2371; x_wconf 82' lang='lat' dir='ltr'><strong>Camena.</strong></span> <span class='ocrx_word' id='word_1_211' title='bbox 650 2323 686 2371; x_wconf 92' lang='lat' dir='ltr'><strong>Ut</strong></span> <span class='ocrx_word' id='word_1_212' title='bbox 697 2322 788 2385; x_wconf 80' lang='lat' dir='ltr'><strong>Virgil.</strong></span> <span class='ocrx_word' id='word_1_213' title='bbox 830 2322 1029 2386; x_wconf 87' lang='lat' dir='ltr'><strong>Fabriciumquc.</strong></span> <span class='ocrx_word' id='word_1_214' title='bbox 1064 2323 1137 2371; x_wconf 90' lang='lat' dir='ltr'><strong>llune</strong></span> <span class='ocrx_word' id='word_1_215' title='bbox 1154 2329 1179 2372; x_wconf 89' lang='lat' dir='ltr'><strong>et</strong></span> <span class='ocrx_word' id='word_1_216' title='bbox 1202 2324 1305 2373; x_wconf 86' lang='lat' dir='ltr'><strong>intonsis</strong></span> <span class='ocrx_word' id='word_1_217' title='bbox 1328 2325 1377 2375; x_wconf 86' lang='lat' dir='ltr'><strong>Cu·</strong></span> 
     </span>
     <span class='ocr_line' id='line_1_24' title="bbox 241 2402 1378 2465; baseline 0.003 -15"><span class='ocrx_word' id='word_1_218' title='bbox 241 2402 257 2452; x_wconf 93' lang='lat' dir='ltr'><strong>l.</strong></span> <span class='ocrx_word' id='word_1_219' title='bbox 275 2403 292 2451; x_wconf 86' lang='lat' dir='ltr'><strong>l.</strong></span> <span class='ocrx_word' id='word_1_220' title='bbox 314 2418 350 2451; x_wconf 89' lang='lat' dir='ltr'><strong>vs.</strong></span> <span class='ocrx_word' id='word_1_221' title='bbox 367 2403 424 2450; x_wconf 71' lang='lat'><strong>843.</strong></span> <span class='ocrx_word' id='word_1_222' title='bbox 446 2404 575 2464; x_wconf 77' lang='lat' dir='ltr'><strong>relinquat</strong></span> <span class='ocrx_word' id='word_1_223' title='bbox 597 2402 661 2460; x_wconf 82' lang='lat' dir='ltr'><strong>Quis</strong></span> <span class='ocrx_word' id='word_1_224' title='bbox 677 2403 790 2451; x_wconf 78' lang='lat' dir='ltr'><strong>Gracchi</strong></span> <span class='ocrx_word' id='word_1_225' title='bbox 831 2402 896 2449; x_wconf 92' lang='lat' dir='ltr'><strong>rium</strong></span> <span class='ocrx_word' id='word_1_226' title='bbox 914 2402 1033 2465; x_wconf 85' lang='lat' dir='ltr'><strong>capillis.&#39;&#39;</strong></span> <span class='ocrx_word' id='word_1_227' title='bbox 1067 2402 1116 2451; x_wconf 87' lang='lat' dir='ltr'><strong>Hic</strong></span> <span class='ocrx_word' id='word_1_228' title='bbox 1138 2403 1209 2451; x_wconf 88' lang='lat' dir='ltr'><strong>locus</strong></span> <span class='ocrx_word' id='word_1_229' title='bbox 1226 2403 1288 2452; x_wconf 87' lang='lat' dir='ltr'><strong>milri</strong></span> <span class='ocrx_word' id='word_1_230' title='bbox 1304 2405 1378 2453; x_wconf 82' lang='lat' dir='ltr'><strong>valde</strong></span> 
     </span>
     <span class='ocr_line' id='line_1_25' title="bbox 240 2479 1378 2545; baseline -0.001 -12"><span class='ocrx_word' id='word_1_231' title='bbox 240 2487 332 2545; x_wconf 76' lang='lat' dir='ltr'><strong>aenas?</strong></span> <span class='ocrx_word' id='word_1_232' title='bbox 373 2481 440 2543; x_wconf 83' lang='lat' dir='ltr'><strong>Quia</strong></span> <span class='ocrx_word' id='word_1_233' title='bbox 468 2490 555 2540; x_wconf 85' lang='lat' dir='ltr'><strong>erant,</strong></span> <span class='ocrx_word' id='word_1_234' title='bbox 588 2481 631 2544; x_wconf 90' lang='lat' dir='ltr'><strong>qui</strong></span> <span class='ocrx_word' id='word_1_235' title='bbox 655 2479 790 2528; x_wconf 87' lang='lat' dir='ltr'><strong>scriberent</strong></span> <span class='ocrx_word' id='word_1_236' title='bbox 832 2488 960 2543; x_wconf 87' lang='lat' dir='ltr'><strong>suspectas</strong></span> <span class='ocrx_word' id='word_1_237' title='bbox 977 2488 1020 2530; x_wconf 90' lang='lat' dir='ltr'><strong>est.</strong></span> <span class='ocrx_word' id='word_1_238' title='bbox 1054 2481 1120 2531; x_wconf 90' lang='lat' dir='ltr'><strong>Nam</strong></span> <span class='ocrx_word' id='word_1_239' title='bbox 1138 2481 1211 2543; x_wconf 92' lang='lat' dir='ltr'><strong>plane</strong></span> <span class='ocrx_word' id='word_1_240' title='bbox 1228 2496 1277 2530; x_wconf 90' lang='lat' dir='ltr'><strong>non</strong></span> <span class='ocrx_word' id='word_1_241' title='bbox 1294 2481 1378 2539; x_wconf 88' lang='lat' dir='ltr'><strong>video,</strong></span> 
     </span>
     <span class='ocr_line' id='line_1_26' title="bbox 244 2559 1378 2622; baseline 0 -14"><span class='ocrx_word' id='word_1_242' title='bbox 244 2563 389 2620; x_wconf 76' lang='lat' dir='ltr'><strong>Gracchus,</strong></span> <span class='ocrx_word' id='word_1_243' title='bbox 419 2563 476 2611; x_wconf 88' lang='lat' dir='ltr'><strong>hinc</strong></span> <span class='ocrx_word' id='word_1_244' title='bbox 504 2562 600 2612; x_wconf 77' lang='lat' dir='ltr'><strong>facilius</strong></span> <span class='ocrx_word' id='word_1_245' title='bbox 626 2561 685 2610; x_wconf 88' lang='lat' dir='ltr'><strong>oriri</strong></span> <span class='ocrx_word' id='word_1_246' title='bbox 710 2559 789 2622; x_wconf 90' lang='lat' dir='ltr'><strong>potuit</strong></span> <span class='ocrx_word' id='word_1_247' title='bbox 831 2561 891 2622; x_wconf 91' lang='lat' dir='ltr'><strong>quid</strong></span> <span class='ocrx_word' id='word_1_248' title='bbox 908 2560 933 2607; x_wconf 91' lang='lat' dir='ltr'><strong>in</strong></span> <span class='ocrx_word' id='word_1_249' title='bbox 951 2560 1045 2618; x_wconf 89' lang='lat' dir='ltr'><strong>verbis,</strong></span> <span class='ocrx_word' id='word_1_250' title='bbox 1063 2574 1126 2622; x_wconf 90' lang='lat' dir='ltr'><strong>quae</strong></span> <span class='ocrx_word' id='word_1_251' title='bbox 1142 2560 1249 2609; x_wconf 90' lang='lat' dir='ltr'><strong>Horatio</strong></span> <span class='ocrx_word' id='word_1_252' title='bbox 1266 2559 1378 2608; x_wconf 86' lang='lat' dir='ltr'><strong>tribuun-</strong></span> 
     </span>
     <span class='ocr_line' id='line_1_27' title="bbox 241 2637 1380 2702; baseline 0.001 -15"><span class='ocrx_word' id='word_1_253' title='bbox 241 2645 337 2701; x_wconf 83' lang='lat' dir='ltr'><strong>pratas.</strong></span> <span class='ocrx_word' id='word_1_254' title='bbox 372 2640 429 2689; x_wconf 80' lang='lat' dir='ltr'><strong>vin.</strong></span> <span class='ocrx_word' id='word_1_255' title='bbox 456 2642 584 2690; x_wconf 90' lang='lat' dir='ltr'><strong>Drakenb.</strong></span> <span class='ocrx_word' id='word_1_256' title='bbox 608 2641 638 2688; x_wconf 86' lang='lat' dir='ltr'><strong>ad</strong></span> <span class='ocrx_word' id='word_1_257' title='bbox 662 2638 708 2689; x_wconf 87' lang='lat' dir='ltr'><strong>Sil.</strong></span> <span class='ocrx_word' id='word_1_258' title='bbox 732 2637 789 2686; x_wconf 88' lang='lat' dir='ltr'><strong>Ital.</strong></span> <span class='ocrx_word' id='word_1_259' title='bbox 832 2645 886 2697; x_wconf 92' lang='lat' dir='ltr'><strong>tur,</strong></span> <span class='ocrx_word' id='word_1_260' title='bbox 907 2639 987 2687; x_wconf 90' lang='lat' dir='ltr'><strong>omitti</strong></span> <span class='ocrx_word' id='word_1_261' title='bbox 1009 2639 1093 2702; x_wconf 82' lang='lat' dir='ltr'><strong>possit.</strong></span> <span class='ocrx_word' id='word_1_262' title='bbox 1134 2638 1259 2688; x_wconf 85' lang='lat' dir='ltr'><strong>Gesnerus</strong></span> <span class='ocrx_word' id='word_1_263' title='bbox 1283 2642 1380 2702; x_wconf 86' lang='lat' dir='ltr'><strong>putavit</strong></span> 
     </span>
     <span class='ocr_line' id='line_1_28' title="bbox 242 2717 1381 2780; baseline -0.001 -14"><span class='ocrx_word' id='word_1_264' title='bbox 242 2719 290 2767; x_wconf 83' lang='lat' dir='ltr'><strong>tv.</strong></span> <span class='ocrx_word' id='word_1_265' title='bbox 308 2719 364 2768; x_wconf 74' lang='grc'><strong>495.</strong></span> <span class='ocrx_word' id='word_1_266' title='bbox 390 2725 414 2769; x_wconf 89' lang='lat' dir='ltr'><strong>et</strong></span> <span class='ocrx_word' id='word_1_267' title='bbox 439 2719 506 2770; x_wconf 74' lang='lat' dir='ltr'><strong>(lert.</strong></span> <span class='ocrx_word' id='word_1_268' title='bbox 530 2722 561 2768; x_wconf 87' lang='lat' dir='ltr'><strong>ad</strong></span> <span class='ocrx_word' id='word_1_269' title='bbox 580 2722 674 2769; x_wconf 87' lang='lat' dir='ltr'><strong>Lucan.</strong></span> <span class='ocrx_word' id='word_1_270' title='bbox 694 2719 713 2767; x_wconf 89' lang='grc' dir='ltr'><strong>Ι.</strong></span> <span class='ocrx_word' id='word_1_271' title='bbox 731 2718 789 2768; x_wconf 83' lang='grc'><strong>267.</strong></span> <span class='ocrx_word' id='word_1_272' title='bbox 832 2719 897 2767; x_wconf 73' lang='lat' dir='ltr'><strong>lianc</strong></span> <span class='ocrx_word' id='word_1_273' title='bbox 918 2733 988 2780; x_wconf 74' lang='lat' dir='ltr'><strong>pomo</strong></span> <span class='ocrx_word' id='word_1_274' title='bbox 1010 2718 1098 2767; x_wconf 89' lang='lat' dir='ltr'><strong>omitti.</strong></span> <span class='ocrx_word' id='word_1_275' title='bbox 1132 2717 1180 2768; x_wconf 85' lang='lat' dir='ltr'><strong>Sed</strong></span> <span class='ocrx_word' id='word_1_276' title='bbox 1203 2725 1258 2766; x_wconf 91' lang='lat' dir='ltr'><strong>tum</strong></span> <span class='ocrx_word' id='word_1_277' title='bbox 1283 2718 1381 2766; x_wconf 86' lang='lat' dir='ltr'><strong>exsistit</strong></span> 
     </span>
     <span class='ocr_line' id='line_1_29' title="bbox 243 2796 1446 2859; baseline 0.002 -14"><span class='ocrx_word' id='word_1_278' title='bbox 243 2797 373 2847; x_wconf 83' lang='lat' dir='ltr'><strong>Caeterum</strong></span> <span class='ocrx_word' id='word_1_279' title='bbox 401 2813 450 2846; x_wconf 89' lang='lat' dir='ltr'><strong>non</strong></span> <span class='ocrx_word' id='word_1_280' title='bbox 475 2799 584 2847; x_wconf 83' lang='lat' dir='ltr'><strong>modeste</strong></span> <span class='ocrx_word' id='word_1_281' title='bbox 611 2797 669 2845; x_wconf 90' lang='lat' dir='ltr'><strong>dicit</strong></span> <span class='ocrx_word' id='word_1_282' title='bbox 698 2798 790 2859; x_wconf 77' lang='lat' dir='ltr'><strong>traipai</strong></span> <span class='ocrx_word' id='word_1_283' title='bbox 832 2796 963 2845; x_wconf 81' lang='lat' dir='ltr'><strong>verborum</strong></span> <span class='ocrx_word' id='word_1_284' title='bbox 980 2797 1129 2847; x_wconf 88' lang='lat' dir='ltr'><strong>constructio</strong></span> <span class='ocrx_word' id='word_1_285' title='bbox 1139 2811 1188 2845; x_wconf 93' lang='lat' dir='ltr'><strong>non</strong></span> <span class='ocrx_word' id='word_1_286' title='bbox 1200 2797 1307 2847; x_wconf 87' lang='lat' dir='ltr'><strong>ferenda.</strong></span> <span class='ocrx_word' id='word_1_287' title='bbox 1327 2799 1379 2847; x_wconf 84' lang='lat' dir='ltr'><strong>Re·</strong></span> <span class='ocrx_word' id='word_1_288' title='bbox 1438 2806 1446 2825; x_wconf 68' lang='grc'><strong>“</strong></span> 
     </span>
     <span class='ocr_line' id='line_1_30' title="bbox 245 2874 1382 2938; baseline 0.002 -15"><span class='ocrx_word' id='word_1_289' title='bbox 245 2877 368 2925; x_wconf 74' lang='lat' dir='ltr'><strong>Caracca:</strong></span> <span class='ocrx_word' id='word_1_290' title='bbox 403 2876 491 2926; x_wconf 85' lang='lat' dir='ltr'><strong>infelix</strong></span> <span class='ocrx_word' id='word_1_291' title='bbox 519 2877 622 2925; x_wconf 87' lang='lat' dir='ltr'><strong>imitatio</strong></span> <span class='ocrx_word' id='word_1_292' title='bbox 647 2875 744 2925; x_wconf 87' lang='lat' dir='ltr'><strong>Horatii</strong></span> <span class='ocrx_word' id='word_1_293' title='bbox 769 2874 789 2922; x_wconf 93' lang='lat' dir='ltr'><strong>I.</strong></span> <span class='ocrx_word' id='word_1_294' title='bbox 826 2875 914 2938; x_wconf 72' lang='lat' dir='ltr'><strong>saraia</strong></span> <span class='ocrx_word' id='word_1_295' title='bbox 940 2880 1063 2927; x_wconf 81' lang='lat' dir='ltr'><strong>Paullum</strong></span> <span class='ocrx_word' id='word_1_296' title='bbox 1088 2883 1113 2928; x_wconf 87' lang='lat' dir='ltr'><strong>et</strong></span> <span class='ocrx_word' id='word_1_297' title='bbox 1143 2879 1297 2928; x_wconf 81' lang='lat' dir='ltr'><strong>Fabricium.</strong></span> <span class='ocrx_word' id='word_1_298' title='bbox 1342 2879 1382 2926; x_wconf 84' lang='lat' dir='ltr'><strong>Et</strong></span> 
     </span>
     <span class='ocr_line' id='line_1_31' title="bbox 242 2955 1382 3018; baseline 0.002 -16"><span class='ocrx_word' id='word_1_299' title='bbox 242 2955 322 3018; x_wconf 82' lang='lat' dir='ltr'><strong>Epist.</strong></span> <span class='ocrx_word' id='word_1_300' title='bbox 340 2956 361 3004; x_wconf 93' lang='lat' dir='ltr'><strong>l.</strong></span> <span class='ocrx_word' id='word_1_301' title='bbox 397 2959 490 3006; x_wconf 85' lang='lat' dir='ltr'><strong>Prima</strong></span> <span class='ocrx_word' id='word_1_302' title='bbox 510 2959 577 3005; x_wconf 85' lang='lat' dir='ltr'><strong>dicta</strong></span> <span class='ocrx_word' id='word_1_303' title='bbox 598 2957 675 3016; x_wconf 74' lang='lat' dir='ltr'><strong>arsitii,</strong></span> <span class='ocrx_word' id='word_1_304' title='bbox 695 2970 791 3004; x_wconf 74' lang='lat' dir='ltr'><strong>sternata</strong></span> <span class='ocrx_word' id='word_1_305' title='bbox 832 2969 906 3005; x_wconf 86' lang='lat' dir='ltr'><strong>saeva</strong></span> <span class='ocrx_word' id='word_1_306' title='bbox 923 2963 1062 3018; x_wconf 82' lang='lat' dir='ltr'><strong>paupertas</strong></span> <span class='ocrx_word' id='word_1_307' title='bbox 1079 2959 1141 3007; x_wconf 81' lang='lat' dir='ltr'><strong>tulit</strong></span> <span class='ocrx_word' id='word_1_308' title='bbox 1159 2958 1270 3006; x_wconf 81' lang='lat' dir='ltr'><strong>Cariam.</strong></span> <span class='ocrx_word' id='word_1_309' title='bbox 1296 2956 1382 3018; x_wconf 74' lang='lat' dir='ltr'><strong>Igitur</strong></span> 
     </span>
     <span class='ocr_line' id='line_1_32' title="bbox 243 3035 1381 3096; baseline 0 -13"><span class='ocrx_word' id='word_1_310' title='bbox 243 3038 344 3087; x_wconf 82' lang='lat' dir='ltr'><strong>rttcerate</strong></span> <span class='ocrx_word' id='word_1_311' title='bbox 363 3037 483 3087; x_wconf 82' lang='lat' dir='ltr'><strong>Camena.</strong></span> <span class='ocrx_word' id='word_1_312' title='bbox 833 3035 871 3083; x_wconf 91' lang='lat' dir='ltr'><strong>vcl</strong></span> <span class='ocrx_word' id='word_1_313' title='bbox 891 3035 1059 3096; x_wconf 84' lang='lat' dir='ltr'><strong>Quintilianus</strong></span> <span class='ocrx_word' id='word_1_314' title='bbox 1077 3043 1156 3084; x_wconf 90' lang='lat' dir='ltr'><strong>totum</strong></span> <span class='ocrx_word' id='word_1_315' title='bbox 1177 3036 1259 3084; x_wconf 88' lang='lat' dir='ltr'><strong>locum</strong></span> <span class='ocrx_word' id='word_1_316' title='bbox 1277 3050 1327 3084; x_wconf 92' lang='lat' dir='ltr'><strong>non</strong></span> <span class='ocrx_word' id='word_1_317' title='bbox 1344 3037 1381 3084; x_wconf 88' lang='lat' dir='ltr'><strong>in-</strong></span> 
     </span>
     <span class='ocr_line' id='line_1_33' title="bbox 281 3114 1381 3180; baseline 0.003 -19"><span class='ocrx_word' id='word_1_318' title='bbox 281 3116 357 3164; x_wconf 83' lang='lat' dir='ltr'><strong>Haac</strong></span> <span class='ocrx_word' id='word_1_319' title='bbox 378 3122 403 3165; x_wconf 86' lang='lat' dir='ltr'><strong>et</strong></span> <span class='ocrx_word' id='word_1_320' title='bbox 422 3118 554 3180; x_wconf 78' lang='lat' dir='ltr'><strong>irmonrptr&#39;a</strong></span> <span class='ocrx_word' id='word_1_321' title='bbox 565 3116 673 3166; x_wconf 82' lang='lat' dir='ltr'><strong>Cariam</strong></span> <span class='ocrx_word' id='word_1_322' title='bbox 685 3115 791 3177; x_wconf 65' lang='lat' dir='ltr'><strong>captiae.</strong></span> <span class='ocrx_word' id='word_1_323' title='bbox 832 3115 924 3177; x_wconf 86' lang='lat' dir='ltr'><strong>spexit,</strong></span> <span class='ocrx_word' id='word_1_324' title='bbox 942 3120 966 3162; x_wconf 91' lang='lat' dir='ltr'><strong>et</strong></span> <span class='ocrx_word' id='word_1_325' title='bbox 983 3115 1102 3163; x_wconf 90' lang='lat' dir='ltr'><strong>memoria</strong></span> <span class='ocrx_word' id='word_1_326' title='bbox 1119 3114 1195 3163; x_wconf 87' lang='lat' dir='ltr'><strong>fidens</strong></span> <span class='ocrx_word' id='word_1_327' title='bbox 1210 3115 1318 3177; x_wconf 79' lang='lat' dir='ltr'><strong>figuram</strong></span> <span class='ocrx_word' id='word_1_328' title='bbox 1338 3130 1381 3163; x_wconf 86' lang='lat' dir='ltr'><strong>ex-</strong></span> 
     </span>
    </p>
   </div>
   <div class='ocr_carea' id='block_1_4' title="bbox 243 3193 794 4051">
    <p class='ocr_par' dir='ltr' id='par_1_6' title="bbox 243 3193 794 4051">
     <span class='ocr_line' id='line_1_34' title="bbox 244 3193 791 3244; baseline 0.002 -3"><span class='ocrx_word' id='word_1_329' title='bbox 244 3193 360 3243; x_wconf 87' lang='lat' dir='ltr'><strong>Bouhier.</strong></span> <span class='ocrx_word' id='word_1_330' title='bbox 377 3195 409 3242; x_wconf 86' lang='lat' dir='ltr'><strong>ad</strong></span> <span class='ocrx_word' id='word_1_331' title='bbox 426 3195 528 3244; x_wconf 83' lang='lat' dir='ltr'><strong>Patron.</strong></span> <span class='ocrx_word' id='word_1_332' title='bbox 545 3195 576 3243; x_wconf 91' lang='lat' dir='ltr'><strong>do</strong></span> <span class='ocrx_word' id='word_1_333' title='bbox 592 3194 665 3243; x_wconf 89' lang='lat' dir='ltr'><strong>Bello</strong></span> <span class='ocrx_word' id='word_1_334' title='bbox 682 3193 736 3243; x_wconf 85' lang='lat' dir='ltr'><strong>Civ.</strong></span> <span class='ocrx_word' id='word_1_335' title='bbox 754 3207 791 3242; x_wconf 88' lang='lat' dir='ltr'><strong>vs.</strong></span> 
     </span>
     <span class='ocr_line' id='line_1_35' title="bbox 243 3272 790 3323; baseline -0.007 -2"><span class='ocrx_word' id='word_1_336' title='bbox 243 3274 284 3322; x_wconf 82' lang='lat'><strong>26.</strong></span> <span class='ocrx_word' id='word_1_337' title='bbox 302 3288 359 3322; x_wconf 91' lang='lat' dir='ltr'><strong>eum</strong></span> <span class='ocrx_word' id='word_1_338' title='bbox 378 3275 492 3323; x_wconf 87' lang='lat' dir='ltr'><strong>Marcilio</strong></span> <span class='ocrx_word' id='word_1_339' title='bbox 512 3275 544 3322; x_wconf 86' lang='lat' dir='ltr'><strong>ad</strong></span> <span class='ocrx_word' id='word_1_340' title='bbox 566 3274 589 3322; x_wconf 92' lang='lat' dir='ltr'><strong>h.</strong></span> <span class='ocrx_word' id='word_1_341' title='bbox 608 3273 624 3322; x_wconf 92' lang='lat' dir='ltr'><strong>l.</strong></span> <span class='ocrx_word' id='word_1_342' title='bbox 643 3278 667 3321; x_wconf 87' lang='lat' dir='ltr'><strong>et</strong></span> <span class='ocrx_word' id='word_1_343' title='bbox 685 3272 790 3321; x_wconf 85' lang='lat' dir='ltr'><strong>Salmas.</strong></span> 
     </span>
     <span class='ocr_line' id='line_1_36' title="bbox 244 3352 792 3416; baseline -0.004 -17"><span class='ocrx_word' id='word_1_344' title='bbox 244 3353 274 3402; x_wconf 87' lang='lat' dir='ltr'><strong>dc</strong></span> <span class='ocrx_word' id='word_1_345' title='bbox 296 3353 374 3403; x_wconf 85' lang='lat' dir='ltr'><strong>Coma</strong></span> <span class='ocrx_word' id='word_1_346' title='bbox 396 3370 420 3416; x_wconf 91' lang='lat' dir='ltr'><strong>p.</strong></span> <span class='ocrx_word' id='word_1_347' title='bbox 438 3355 494 3402; x_wconf 76' lang='lat'><strong>559.</strong></span> <span class='ocrx_word' id='word_1_348' title='bbox 513 3352 620 3415; x_wconf 84' lang='lat' dir='ltr'><strong>praefert</strong></span> <span class='ocrx_word' id='word_1_349' title='bbox 636 3353 743 3400; x_wconf 76' lang='lat' dir='ltr'><strong>intonsis</strong></span> <span class='ocrx_word' id='word_1_350' title='bbox 759 3365 792 3398; x_wconf 84' lang='lat' dir='ltr'><strong>ex</strong></span> 
     </span>
     <span class='ocr_line' id='line_1_37' title="bbox 244 3430 793 3494; baseline -0.005 -15"><span class='ocrx_word' id='word_1_351' title='bbox 244 3431 349 3493; x_wconf 88' lang='lat' dir='ltr'><strong>Quintil.</strong></span> <span class='ocrx_word' id='word_1_352' title='bbox 369 3434 416 3482; x_wconf 91' lang='lat' dir='ltr'><strong>IX.</strong></span> <span class='ocrx_word' id='word_1_353' title='bbox 430 3435 453 3482; x_wconf 84' lang='lat'><strong>3.</strong></span> <span class='ocrx_word' id='word_1_354' title='bbox 488 3433 657 3494; x_wconf 87' lang='lat' dir='ltr'><strong>Quintilianus</strong></span> <span class='ocrx_word' id='word_1_355' title='bbox 675 3430 793 3478; x_wconf 88' lang='lat' dir='ltr'><strong>memorie</strong></span> 
     </span>
     <span class='ocr_line' id='line_1_38' title="bbox 244 3508 792 3560; baseline -0.002 -1"><span class='ocrx_word' id='word_1_356' title='bbox 244 3526 338 3559; x_wconf 83' lang='lat' dir='ltr'><strong>errasse</strong></span> <span class='ocrx_word' id='word_1_357' title='bbox 355 3513 459 3560; x_wconf 84' lang='lat' dir='ltr'><strong>videtur.</strong></span> <span class='ocrx_word' id='word_1_358' title='bbox 488 3512 589 3560; x_wconf 77' lang='lat' dir='ltr'><strong>Caruere</strong></span> <span class='ocrx_word' id='word_1_359' title='bbox 605 3516 642 3558; x_wconf 86' lang='lat' dir='ltr'><strong>est</strong></span> <span class='ocrx_word' id='word_1_360' title='bbox 658 3508 792 3558; x_wconf 88' lang='lat' dir='ltr'><strong>mulierum</strong></span> 
     </span>
     <span class='ocr_line' id='line_1_39' title="bbox 243 3587 791 3644; baseline -0.005 -6"><span class='ocrx_word' id='word_1_361' title='bbox 243 3597 268 3638; x_wconf 86' lang='lat' dir='ltr'><strong>ct</strong></span> <span class='ocrx_word' id='word_1_362' title='bbox 286 3590 394 3638; x_wconf 80' lang='lat' dir='ltr'><strong>virorum</strong></span> <span class='ocrx_word' id='word_1_363' title='bbox 412 3590 537 3644; x_wconf 88' lang='lat' dir='ltr'><strong>mollium,</strong></span> <span class='ocrx_word' id='word_1_364' title='bbox 560 3587 654 3637; x_wconf 87' lang='lat' dir='ltr'><strong>Tibull.</strong></span> <span class='ocrx_word' id='word_1_365' title='bbox 672 3588 692 3635; x_wconf 88' lang='lat' dir='ltr'><strong>l.</strong></span> <span class='ocrx_word' id='word_1_366' title='bbox 711 3588 733 3635; x_wconf 88' lang='lat'><strong>9.</strong></span> <span class='ocrx_word' id='word_1_367' title='bbox 755 3589 791 3636; x_wconf 77' lang='lat'><strong>15.</strong></span> 
     </span>
     <span class='ocr_line' id='line_1_40' title="bbox 245 3665 791 3726; baseline -0.005 -8"><span class='ocrx_word' id='word_1_368' title='bbox 245 3667 310 3718; x_wconf 79' lang='lat' dir='ltr'><strong>Ovirl</strong></span> <span class='ocrx_word' id='word_1_369' title='bbox 344 3668 392 3716; x_wconf 89' lang='lat' dir='ltr'><strong>IV.</strong></span> <span class='ocrx_word' id='word_1_370' title='bbox 415 3668 515 3716; x_wconf 89' lang='lat' dir='ltr'><strong>lleraid.</strong></span> <span class='ocrx_word' id='word_1_371' title='bbox 537 3668 578 3718; x_wconf 75' lang='lat'><strong>75.</strong></span> <span class='ocrx_word' id='word_1_372' title='bbox 607 3665 711 3726; x_wconf 89' lang='lat' dir='ltr'><strong>Quintil.</strong></span> <span class='ocrx_word' id='word_1_373' title='bbox 730 3667 791 3715; x_wconf 88' lang='lat' dir='ltr'>XII.</span> 
     </span>
     <span class='ocr_line' id='line_1_41' title="bbox 247 3748 793 3810; baseline -0.004 -13"><span class='ocrx_word' id='word_1_374' title='bbox 247 3749 284 3798; x_wconf 87' lang='lat' dir='ltr'><strong>lo.</strong></span> <span class='ocrx_word' id='word_1_375' title='bbox 313 3751 354 3798; x_wconf 90' lang='lat' dir='ltr'><strong>Do</strong></span> <span class='ocrx_word' id='word_1_376' title='bbox 378 3748 497 3810; x_wconf 68' lang='lat' dir='ltr'><strong>scarpari,</strong></span> <span class='ocrx_word' id='word_1_377' title='bbox 519 3763 549 3796; x_wconf 84' lang='lat' dir='ltr'><strong>aa</strong></span> <span class='ocrx_word' id='word_1_378' title='bbox 569 3748 695 3795; x_wconf 79' lang='lat' dir='ltr'><strong>intereram</strong></span> <span class='ocrx_word' id='word_1_379' title='bbox 716 3753 793 3807; x_wconf 82' lang='lat' dir='ltr'><strong>caput</strong></span> 
     </span>
     <span class='ocr_line' id='line_1_42' title="bbox 244 3828 794 3889; baseline -0.009 -11"><span class='ocrx_word' id='word_1_380' title='bbox 244 3832 293 3878; x_wconf 88' lang='lat' dir='ltr'><strong>sit:</strong></span> <span class='ocrx_word' id='word_1_381' title='bbox 315 3831 359 3877; x_wconf 85' lang='lat' dir='ltr'><strong>sed</strong></span> <span class='ocrx_word' id='word_1_382' title='bbox 378 3843 422 3877; x_wconf 86' lang='lat' dir='ltr'><strong>acc</strong></span> <span class='ocrx_word' id='word_1_383' title='bbox 443 3829 470 3875; x_wconf 86' lang='lat' dir='ltr'><strong>ia</strong></span> <span class='ocrx_word' id='word_1_384' title='bbox 486 3828 580 3889; x_wconf 78' lang='lat' dir='ltr'><strong>predas</strong></span> <span class='ocrx_word' id='word_1_385' title='bbox 596 3841 673 3888; x_wconf 82' lang='lat' dir='ltr'><strong>aeque</strong></span> <span class='ocrx_word' id='word_1_386' title='bbox 689 3828 794 3874; x_wconf 79' lang='lat' dir='ltr'><strong>cartulas</strong></span> 
     </span>
     <span class='ocr_line' id='line_1_43' title="bbox 246 3903 791 3967; baseline -0.011 -9"><span class='ocrx_word' id='word_1_387' title='bbox 246 3915 326 3959; x_wconf 84' lang='lat' dir='ltr'><strong>totam</strong></span> <span class='ocrx_word' id='word_1_388' title='bbox 343 3912 457 3956; x_wconf 81' lang='lat' dir='ltr'><strong>caratam.</strong></span> <span class='ocrx_word' id='word_1_389' title='bbox 480 3905 523 3955; x_wconf 85' lang='lat' dir='ltr'><strong>Sic</strong></span> <span class='ocrx_word' id='word_1_390' title='bbox 534 3903 722 3967; x_wconf 87' lang='lat' dir='ltr'><strong>Oudendorpius</strong></span> <span class='ocrx_word' id='word_1_391' title='bbox 737 3905 791 3952; x_wconf 91' lang='lat' dir='ltr'><strong>vul·</strong></span> 
     </span>
     <span class='ocr_line' id='line_1_44' title="bbox 245 3985 792 4051; baseline -0.007 -14"><span class='ocrx_word' id='word_1_392' title='bbox 245 3996 330 4051; x_wconf 80' lang='lat' dir='ltr'><strong>getam</strong></span> <span class='ocrx_word' id='word_1_393' title='bbox 347 3985 478 4035; x_wconf 86' lang='lat' dir='ltr'><strong>lectionem</strong></span> <span class='ocrx_word' id='word_1_394' title='bbox 496 3991 587 4034; x_wconf 89' lang='lat' dir='ltr'><strong>tuetur.</strong></span> <span class='ocrx_word' id='word_1_395' title='bbox 620 3986 712 4034; x_wconf 91' lang='lat' dir='ltr'><strong>Muret.</strong></span> <span class='ocrx_word' id='word_1_396' title='bbox 731 3985 792 4033; x_wconf 88' lang='lat' dir='ltr'><strong>Var.</strong></span> 
     </span>
    </p>
   </div>
   <div class='ocr_carea' id='block_1_5' title="bbox 833 3193 1383 4040">
    <p class='ocr_par' dir='ltr' id='par_1_7' title="bbox 833 3193 1383 3641">
     <span class='ocr_line' id='line_1_45' title="bbox 833 3193 1380 3256; baseline 0.004 -15"><span class='ocrx_word' id='word_1_397' title='bbox 833 3194 915 3255; x_wconf 92' lang='lat' dir='ltr'><strong>emplo</strong></span> <span class='ocrx_word' id='word_1_398' title='bbox 936 3209 1036 3256; x_wconf 89' lang='lat' dir='ltr'><strong>prorsus</strong></span> <span class='ocrx_word' id='word_1_399' title='bbox 1061 3193 1141 3242; x_wconf 89' lang='lat' dir='ltr'><strong>alieno</strong></span> <span class='ocrx_word' id='word_1_400' title='bbox 1165 3194 1316 3254; x_wconf 88' lang='lat' dir='ltr'><strong>illustravit;</strong></span> <span class='ocrx_word' id='word_1_401' title='bbox 1341 3196 1380 3244; x_wconf 90' lang='lat' dir='ltr'><strong>vel</strong></span> 
     </span>
     <span class='ocr_line' id='line_1_46' title="bbox 833 3271 1381 3337; baseline 0.004 -17"><span class='ocrx_word' id='word_1_402' title='bbox 833 3271 1381 3337; x_wconf 70' lang='lat' dir='ltr'><strong>glossatoraliquisfraudcmcommisitrquod</strong></span> 
     </span>
     <span class='ocr_line' id='line_1_47' title="bbox 833 3351 1383 3413; baseline 0.007 -14"><span class='ocrx_word' id='word_1_403' title='bbox 833 3352 858 3399; x_wconf 94' lang='lat' dir='ltr'><strong>in</strong></span> <span class='ocrx_word' id='word_1_404' title='bbox 876 3351 1044 3412; x_wconf 85' lang='lat' dir='ltr'><strong>Quintiliano,</strong></span> <span class='ocrx_word' id='word_1_405' title='bbox 1069 3351 1199 3413; x_wconf 87' lang='lat' dir='ltr'><strong>praecipue</strong></span> <span class='ocrx_word' id='word_1_406' title='bbox 1223 3351 1249 3398; x_wconf 93' lang='lat' dir='ltr'><strong>in</strong></span> <span class='ocrx_word' id='word_1_407' title='bbox 1274 3353 1383 3403; x_wconf 81' lang='lat' dir='ltr'><strong>citandis</strong></span> 
     </span>
     <span class='ocr_line' id='line_1_48' title="bbox 833 3430 1381 3493; baseline 0 -13"><span class='ocrx_word' id='word_1_408' title='bbox 833 3434 961 3493; x_wconf 74' lang='lat' dir='ltr'><strong>petitarum</strong></span> <span class='ocrx_word' id='word_1_409' title='bbox 977 3430 1107 3493; x_wconf 85' lang='lat' dir='ltr'><strong>exemplis,</strong></span> <span class='ocrx_word' id='word_1_410' title='bbox 1119 3445 1190 3492; x_wconf 87' lang='lat' dir='ltr'><strong>saepe</strong></span> <span class='ocrx_word' id='word_1_411' title='bbox 1201 3431 1296 3479; x_wconf 86' lang='lat' dir='ltr'><strong>accidit.</strong></span> <span class='ocrx_word' id='word_1_412' title='bbox 1314 3432 1381 3480; x_wconf 87' lang='lat' dir='ltr'><strong>Nam</strong></span> 
     </span>
     <span class='ocr_line' id='line_1_49' title="bbox 835 3508 1381 3573; baseline 0.002 -15"><span class='ocrx_word' id='word_1_413' title='bbox 835 3517 918 3560; x_wconf 88' lang='lat' dir='ltr'><strong>tantae</strong></span> <span class='ocrx_word' id='word_1_414' title='bbox 943 3509 1110 3573; x_wconf 78' lang='lat' dir='ltr'><strong>negligentiae</strong></span> <span class='ocrx_word' id='word_1_415' title='bbox 1131 3508 1174 3559; x_wconf 90' lang='lat' dir='ltr'><strong>ille</strong></span> <span class='ocrx_word' id='word_1_416' title='bbox 1196 3510 1315 3572; x_wconf 77' lang='lat' dir='ltr'><strong>magister</strong></span> <span class='ocrx_word' id='word_1_417' title='bbox 1331 3525 1381 3559; x_wconf 87' lang='lat' dir='ltr'><strong>nou</strong></span> 
     </span>
     <span class='ocr_line' id='line_1_50' title="bbox 833 3593 886 3641; baseline 0.038 -2"><span class='ocrx_word' id='word_1_418' title='bbox 833 3593 886 3641; x_wconf 89' lang='lat' dir='ltr'><strong>fnit.</strong></span> 
     </span>
    </p>

    <p class='ocr_par' dir='ltr' id='par_1_8' title="bbox 834 3668 1383 4040">
     <span class='ocr_line' id='line_1_51' title="bbox 872 3668 1380 3719; baseline -0.004 0"><span class='ocrx_word' id='word_1_419' title='bbox 872 3672 967 3719; x_wconf 80' lang='lat' dir='ltr'><strong>Utitem</strong></span> <span class='ocrx_word' id='word_1_420' title='bbox 993 3671 1054 3718; x_wconf 81' lang='lat' dir='ltr'><strong>bella</strong></span> <span class='ocrx_word' id='word_1_421' title='bbox 1083 3670 1145 3717; x_wconf 86' lang='lat' dir='ltr'><strong>talit</strong></span> <span class='ocrx_word' id='word_1_422' title='bbox 1178 3674 1203 3718; x_wconf 87' lang='lat' dir='ltr'><strong>et</strong></span> <span class='ocrx_word' id='word_1_423' title='bbox 1244 3668 1380 3717; x_wconf 86' lang='lat' dir='ltr'><strong>Camillum</strong></span> 
     </span>
     <span class='ocr_line' id='line_1_52' title="bbox 836 3747 1382 3811; baseline -0.004 -13"><span class='ocrx_word' id='word_1_424' title='bbox 836 3751 917 3798; x_wconf 80' lang='lat' dir='ltr'><strong>Saeva</strong></span> <span class='ocrx_word' id='word_1_425' title='bbox 945 3753 1093 3811; x_wconf 75' lang='lat' dir='ltr'><strong>paupertas.</strong></span> <span class='ocrx_word' id='word_1_426' title='bbox 1139 3747 1273 3810; x_wconf 80' lang='lat' dir='ltr'><strong>Epitheton</strong></span> <span class='ocrx_word' id='word_1_427' title='bbox 1306 3761 1382 3796; x_wconf 83' lang='lat' dir='ltr'><strong>saeva</strong></span> 
     </span>
     <span class='ocr_line' id='line_1_53' title="bbox 835 3825 1380 3887; baseline -0.006 -10"><span class='ocrx_word' id='word_1_428' title='bbox 835 3829 919 3877; x_wconf 90' lang='lat' dir='ltr'><strong>multis</strong></span> <span class='ocrx_word' id='word_1_429' title='bbox 936 3841 986 3875; x_wconf 89' lang='lat' dir='ltr'><strong>non</strong></span> <span class='ocrx_word' id='word_1_430' title='bbox 1012 3825 1135 3874; x_wconf 89' lang='lat' dir='ltr'><strong>immerito</strong></span> <span class='ocrx_word' id='word_1_431' title='bbox 1160 3825 1281 3887; x_wconf 87' lang='lat' dir='ltr'><strong>displicet.</strong></span> <span class='ocrx_word' id='word_1_432' title='bbox 1324 3825 1380 3875; x_wconf 81' lang='lat' dir='ltr'><strong>Ele·</strong></span> 
     </span>
     <span class='ocr_line' id='line_1_54' title="bbox 834 3903 1383 3970; baseline -0.009 -14"><span class='ocrx_word' id='word_1_433' title='bbox 834 3907 934 3970; x_wconf 83' lang='lat' dir='ltr'><strong>gentius</strong></span> <span class='ocrx_word' id='word_1_434' title='bbox 951 3912 1014 3955; x_wconf 83' lang='lat' dir='ltr'><strong>esset</strong></span> <span class='ocrx_word' id='word_1_435' title='bbox 1031 3908 1103 3953; x_wconf 75' lang='lat' dir='ltr'><strong>(tarra.</strong></span> <span class='ocrx_word' id='word_1_436' title='bbox 1135 3903 1264 3953; x_wconf 88' lang='lat' dir='ltr'><strong>Bentleius</strong></span> <span class='ocrx_word' id='word_1_437' title='bbox 1280 3903 1383 3965; x_wconf 82' lang='lat' dir='ltr'><strong>corrigit</strong></span> 
     </span>
     <span class='ocr_line' id='line_1_55' title="bbox 834 3981 1383 4040; baseline -0.004 -6"><span class='ocrx_word' id='word_1_438' title='bbox 834 3990 934 4040; x_wconf 77' lang='lat' dir='ltr'><strong>sancta,</strong></span> <span class='ocrx_word' id='word_1_439' title='bbox 951 3981 1056 4032; x_wconf 88' lang='lat' dir='ltr'><strong>Withof.</strong></span> <span class='ocrx_word' id='word_1_440' title='bbox 1069 3987 1149 4031; x_wconf 86' lang='lat' dir='ltr'><strong>casta.</strong></span> <span class='ocrx_word' id='word_1_441' title='bbox 1174 3982 1205 4030; x_wconf 94' lang='lat' dir='ltr'><strong>In</strong></span> <span class='ocrx_word' id='word_1_442' title='bbox 1218 3982 1296 4033; x_wconf 82' lang='lat' dir='ltr'><strong>MSS.</strong></span> <span class='ocrx_word' id='word_1_443' title='bbox 1309 3984 1383 4033; x_wconf 88' lang='lat' dir='ltr'><strong>nulla</strong></span> 
     </span>
    </p>
   </div>
   <div class='ocr_carea' id='block_1_6' title="bbox 246 4061 1383 4365">
    <p class='ocr_par' dir='ltr' id='par_1_9' title="bbox 246 4061 1383 4365">
     <span class='ocr_line' id='line_1_56' title="bbox 246 4061 1383 4126; baseline -0.005 -9"><span class='ocrx_word' id='word_1_444' title='bbox 246 4069 314 4117; x_wconf 91' lang='lat' dir='ltr'><strong>Lect.</strong></span> <span class='ocrx_word' id='word_1_445' title='bbox 350 4067 424 4115; x_wconf 88' lang='lat' dir='ltr'><strong>XIX.</strong></span> <span class='ocrx_word' id='word_1_446' title='bbox 457 4066 479 4114; x_wconf 86' lang='lat'><strong>2.</strong></span> <span class='ocrx_word' id='word_1_447' title='bbox 515 4063 664 4126; x_wconf 89' lang='lat' dir='ltr'><strong>Quintiliani</strong></span> <span class='ocrx_word' id='word_1_448' title='bbox 689 4066 795 4113; x_wconf 84' lang='lat' dir='ltr'><strong>intonsis</strong></span> <span class='ocrx_word' id='word_1_449' title='bbox 834 4069 871 4112; x_wconf 89' lang='lat' dir='ltr'><strong>est</strong></span> <span class='ocrx_word' id='word_1_450' title='bbox 897 4062 1014 4118; x_wconf 75' lang='lat' dir='ltr'><strong>venetas,</strong></span> <span class='ocrx_word' id='word_1_451' title='bbox 1039 4062 1087 4109; x_wconf 88' lang='lat' dir='ltr'><strong>nisi</strong></span> <span class='ocrx_word' id='word_1_452' title='bbox 1111 4062 1137 4109; x_wconf 94' lang='lat' dir='ltr'><strong>in</strong></span> <span class='ocrx_word' id='word_1_453' title='bbox 1165 4061 1254 4110; x_wconf 88' lang='lat' dir='ltr'><strong>Vinar.</strong></span> <span class='ocrx_word' id='word_1_454' title='bbox 1281 4077 1383 4120; x_wconf 80' lang='lat' dir='ltr'><strong>scaeaa,</strong></span> 
     </span>
     <span class='ocr_line' id='line_1_57' title="bbox 246 4140 1383 4209; baseline -0.005 -15"><span class='ocrx_word' id='word_1_455' title='bbox 246 4154 398 4205; x_wconf 86' lang='lat' dir='ltr'><strong>monstrans,</strong></span> <span class='ocrx_word' id='word_1_456' title='bbox 415 4145 475 4209; x_wconf 89' lang='lat' dir='ltr'><strong>quid</strong></span> <span class='ocrx_word' id='word_1_457' title='bbox 486 4145 575 4194; x_wconf 80' lang='lat' dir='ltr'><strong>scritiat</strong></span> <span class='ocrx_word' id='word_1_458' title='bbox 587 4144 649 4207; x_wconf 85' lang='lat' dir='ltr'><strong>ipse,</strong></span> <span class='ocrx_word' id='word_1_459' title='bbox 662 4159 711 4192; x_wconf 90' lang='lat' dir='ltr'><strong>non</strong></span> <span class='ocrx_word' id='word_1_460' title='bbox 722 4143 792 4191; x_wconf 83' lang='lat' dir='ltr'><strong>dixit.</strong></span> <span class='ocrx_word' id='word_1_461' title='bbox 812 4160 814 4173; x_wconf 88' lang='grc'><strong><em>·</em></strong></span> <span class='ocrx_word' id='word_1_462' title='bbox 834 4143 899 4205; x_wconf 89' lang='lat' dir='ltr'><strong>quod</strong></span> <span class='ocrx_word' id='word_1_463' title='bbox 925 4140 993 4190; x_wconf 81' lang='lat' dir='ltr'><strong>Cart.</strong></span> <span class='ocrx_word' id='word_1_464' title='bbox 1015 4142 1046 4188; x_wconf 89' lang='lat' dir='ltr'><strong>ad</strong></span> <span class='ocrx_word' id='word_1_465' title='bbox 1067 4142 1162 4190; x_wconf 87' lang='lat' dir='ltr'><strong>Lucan.</strong></span> <span class='ocrx_word' id='word_1_466' title='bbox 1180 4142 1202 4188; x_wconf 91' lang='grc' dir='ltr'><strong>Ι.</strong></span> <span class='ocrx_word' id='word_1_467' title='bbox 1222 4141 1276 4189; x_wconf 75' lang='lat' dir='ltr'><strong>las.</strong></span> <span class='ocrx_word' id='word_1_468' title='bbox 1293 4141 1383 4201; x_wconf 73' lang='lat' dir='ltr'><strong>genui·</strong></span> 
     </span>
     <span class='ocr_line' id='line_1_58' title="bbox 246 4218 1382 4333; baseline -0.008 -58"><span class='ocrx_word' id='word_1_469' title='bbox 246 4225 347 4275; x_wconf 81' lang='lat' dir='ltr'><strong>Servius</strong></span> <span class='ocrx_word' id='word_1_470' title='bbox 371 4227 402 4273; x_wconf 88' lang='lat' dir='ltr'><strong>ad</strong></span> <span class='ocrx_word' id='word_1_471' title='bbox 424 4225 485 4273; x_wconf 88' lang='lat' dir='ltr'><strong>XlI.</strong></span> <span class='ocrx_word' id='word_1_472' title='bbox 508 4224 573 4273; x_wconf 84' lang='lat' dir='ltr'><strong>Aen.</strong></span> <span class='ocrx_word' id='word_1_473' title='bbox 591 4238 627 4271; x_wconf 87' lang='lat' dir='ltr'><strong>vs.</strong></span> <span class='ocrx_word' id='word_1_474' title='bbox 649 4224 704 4272; x_wconf 86' lang='lat'>100:</span> <span class='ocrx_word' id='word_1_475' title='bbox 726 4225 792 4272; x_wconf 84' lang='lat' dir='ltr'><strong>cata·</strong></span> <span class='ocrx_word' id='word_1_476' title='bbox 811 4248 814 4333; x_wconf 59' lang='lat' dir='ltr'><strong>p</strong></span> <span class='ocrx_word' id='word_1_477' title='bbox 833 4237 894 4270; x_wconf 91' lang='lat' dir='ltr'><strong>num</strong></span> <span class='ocrx_word' id='word_1_478' title='bbox 911 4228 990 4284; x_wconf 86' lang='lat' dir='ltr'><strong>putat.</strong></span> <span class='ocrx_word' id='word_1_479' title='bbox 1025 4222 1080 4281; x_wconf 68' lang='lat' dir='ltr'><strong>Ego</strong></span> <span class='ocrx_word' id='word_1_480' title='bbox 1096 4219 1134 4266; x_wconf 90' lang='lat' dir='ltr'><strong>nil</strong></span> <span class='ocrx_word' id='word_1_481' title='bbox 1148 4226 1250 4268; x_wconf 88' lang='lat' dir='ltr'><strong>mutem.</strong></span> <span class='ocrx_word' id='word_1_482' title='bbox 1280 4218 1382 4282; x_wconf 88' lang='lat' dir='ltr'><strong>Siquid</strong></span> 
     </span>
     <span class='ocr_line' id='line_1_59' title="bbox 246 4304 812 4365; baseline -0.002 -13"><span class='ocrx_word' id='word_1_483' title='bbox 246 4306 391 4352; x_wconf 79' lang='lat' dir='ltr'><strong>atistratara</strong></span> <span class='ocrx_word' id='word_1_484' title='bbox 408 4304 514 4363; x_wconf 79' lang='lat' dir='ltr'><strong>cernam,</strong></span> <span class='ocrx_word' id='word_1_485' title='bbox 531 4318 593 4365; x_wconf 82' lang='lat' dir='ltr'><strong>qaae</strong></span> <span class='ocrx_word' id='word_1_486' title='bbox 610 4306 687 4351; x_wconf 81' lang='lat' dir='ltr'><strong>etiam</strong></span> <span class='ocrx_word' id='word_1_487' title='bbox 698 4305 793 4364; x_wconf 85' lang='lat' dir='ltr'><strong>aitape·</strong></span> <span class='ocrx_word' id='word_1_488' title='bbox 811 4338 812 4356; x_wconf 76' lang='lat'><strong>.</strong></span> 
     </span>
    </p>
   </div>
   <div class='ocr_carea' id='block_1_7' title="bbox 82 4654 278 4914">
    <p class='ocr_par' dir='ltr' id='par_1_10' title="bbox 82 4654 278 4914">
     <span class='ocr_line' id='line_1_60' title="bbox 82 4654 278 4914; baseline 0 0"><span class='ocrx_word' id='word_1_489' title='bbox 82 4654 278 4914; x_wconf 58' lang='lat' dir='ltr'>h</span> 
     </span>
    </p>
   </div>
   <div class='ocr_carea' id='block_1_8' title="bbox 0 0 1474 5220">
    <p class='ocr_par' dir='ltr' id='par_1_11' title="bbox 0 0 1474 5220">
     <span class='ocr_line' id='line_1_61' title="bbox 0 0 1474 5220; baseline 0 0"><span class='ocrx_word' id='word_1_490' title='bbox 0 0 1474 5220; x_wconf 95' lang='lat' dir='ltr'><strong> </strong></span> 
     </span>
    </p>
   </div>
  </div>
 </body>
</html>
