2916 5220
510 304 683 367 LIBER
728 306 793 368 ΠΙ.

296 491 446 557 Dimovit
469 492 637 557 obstantes
660 493 860 578 propinquos

341 595 385 659 nt
408 594 568 681 populum
590 595 715 660 reditus
740 601 940 676 morantem,

255 697 361 776 Quam
385 698 414 762 si
438 698 597 764 clientum
619 699 720 784 longa
743 699 875 783 negotia

253 800 526 887 Diiudicatalite
548 802 764 888 relinqueret,

296 903 444 969 Tendens
468 904 673 970 Venafranos
698 905 733 969 in
757 927 868 990 agros,

340 1007 411 1071 Aut
434 1007 730 1072 Lacedaemonium
752 1007 937 1072 Tarentum.

70 1181 132 1222 tarn.
148 1176 205 1224 236.
227 1177 344 1238 imposita
361 1178 447 1225 clarae
466 1178 558 1226 cercim
581 1193 618 1226 re·
658 1179 722 1225 tium
746 1177 830 1226 litibus
856 1177 961 1227 definitis
989 1179 1021 1226 all
1041 1179 1142 1240 praedia
1163 1195 1209 1228 sun

70 1255 175 1313 marrata,
193 1256 276 1303 Hand
291 1256 432 1312 nliccnltn,
443 1271 520 1317 aaran
530 1256 551 1303 sc‘
563 1270 617 1304 cca-
659 1257 779 1320 proficisci
796 1257 932 1319 voluptatis
948 1270 1045 1314 caussa,
1054 1257 1141 1306 volens
1154 1274 1208 1307 ma·

70 1334 130 1380 vica
145 1335 246 1395 lacera,
263 1336 338 1382 Inter
352 1336 430 1396 plena
442 1336 504 1382 meri
520 1335 618 1382 redirni·
659 1335 737 1384 lestiis
748 1336 848 1384 urbanis
857 1335 965 1383 carere.''
982 1336 1017 1383 Et
1034 1334 1090 1382 talis
1108 1341 1207 1384 santen-

71 1417 116 1460 tns
134 1414 227 1474 pocula
246 1415 330 1462 sertis.
364 1414 452 1476 Atque
472 1413 518 1460 hoc
539 1411 619 1461 facere
660 1416 695 1463 tia
715 1415 863 1478 postulatur.
890 1414 949 1477 Ipsa
978 1419 1061 1462 autem
1088 1416 1209 1463 sententia

71 1497 169 1552 poterat
185 1491 318 1540 Hercules:
343 1491 458 1554 Regulus
475 1490 554 1538 facere
570 1504 619 1538 non
660 1495 770 1558 postulat
787 1508 837 1541 non
854 1508 930 1555 qaam
946 1494 984 1550 ei,
1001 1493 1044 1541 sed
1060 1509 1136 1556 qnam
1153 1497 1209 1556 qni,

70 1576 176 1632 poterat,
193 1572 258 1633 quod
270 1569 328 1617 dicit
340 1569 469 1618 Horatius.
486 1569 553 1618 Nam
567 1574 620 1618 erat
661 1582 689 1622 ut
702 1580 727 1622 et
738 1572 878 1622 Commeat.
891 1588 968 1634 qnam
980 1573 1042 1620 solet
1057 1573 1121 1634 qais.
1141 1571 1207 1621 Scri-

70 1657 124 1697 tam
140 1664 245 1712 pauper,
263 1655 298 1706 nt,
314 1663 343 1696 eo
360 1649 387 1696 in
404 1648 495 1697 Africa
510 1649 618 1703 absente,
661 1653 742 1716 psitne
758 1651 890 1699 Horatius:
924 1652 1009 1709 Quam
1025 1652 1070 1713 qai
1090 1653 1210 1700 clientum

71 1729 171 1791 coniugi
196 1736 221 1778 ct
242 1729 326 1777 liberis
344 1735 440 1776 sumtus
458 1727 557 1790 publice
579 1728 620 1775 da·
662 1734 735 1794 lonpa
751 1732 850 1792 negotia
859 1731 1014 1779 Diiaelr'cata
1027 1731 1211 1792 ceteramque,

71 1816 170 1856 rentur:
189 1810 247 1870 quia
259 1809 425 1857 mercenarius
443 1807 519 1869 agelli
530 1806 619 1855 disces·
662 1816 687 1860 ec
707 1811 799 1860 Tendit
811 1809 968 1872 Venafranos
984 1810 1011 1856 in
1022 1812 1111 1870 apros?
1131 1812 1212 1858 Hand

71 1894 151 1945 serat,
168 1887 266 1950 agellus
283 1888 332 1936 coli
349 1901 399 1934 non
415 1893 524 1950 poterat,
541 1901 621 1948 neque
663 1892 748 1950 aliter,
765 1905 841 1952 qaam
858 1890 909 1951 qai,
927 1893 955 1935 ut
972 1887 1107 1950 Virgilius:
1127 1889 1212 1937 Haud

70 1970 122 2031 ipsa
147 1968 267 2028 habebat,
293 1968 359 2016 unde
376 1982 417 2016 eos
435 1967 520 2016 aleret.
547 1966 620 2017 Com·
664 1971 750 2030 aliter,
774 1985 850 2030 qnam
866 1969 910 2030 qni
927 1968 1030 2015 adversa
1046 1968 1091 2015 cia
1100 1966 1211 2029 flandae

70 2054 148 2096 ment.
165 2048 248 2096 “Tam
264 2061 349 2097 securo
366 2053 391 2096 et
408 2047 526 2110 pertinaci
537 2047 621 2095 animo
663 2048 887 2108 lembum-Sahlala
911 2045 979 2093 Turn
991 2046 1111 2107 relinquit
1121 2050 1146 2093 et
1159 2050 1209 2093 ten-

70 2128 124 2189 ipse
140 2141 223 2175 omnes
241 2127 363 2183 deseruit,
388 2141 464 2188 quam
487 2128 548 2175 solet
564 2129 621 2188 aaa
663 2129 710 2184 dit,
728 2134 757 2175 ut
778 2125 899 2175 Horatius
926 2124 985 2172 alibi
1006 2125 1085 2172 aama't
1101 2129 1148 2172 arat
1167 2138 1209 2185 po·

69 2205 163 2254 relictis
188 2205 294 2268 negotiis
321 2204 457 2253 amicarum
479 2211 523 2252 aut
544 2206 619 2254 clien·
663 2207 710 2255 nit.

556 2381 724 2411 -000—

459 2526 705 2596 OARMEN
750 2527 807 2592 VI.

250 2674 390 2753 Delicta
412 2687 574 2752 maiorum
598 2683 782 2749 immeritus
806 2682 893 2764 lues,

251 2792 416 2874 Romane,
442 2790 544 2855 donec
568 2788 692 2874 templa
715 2786 864 2852 refeceris

294 2894 465 2979 Aedesque
487 2892 635 2958 labentes
660 2892 804 2956 Deorum
829 2895 862 2954 et

340 2999 449 3062 Foeda
471 2997 566 3082 nigro
590 2996 765 3061 simulacra
788 2995 889 3058 furna.

251 3103 311 3166 Dis
336 3105 368 3166 te
390 3101 551 3165 minorem
574 3099 662 3184 quod
684 3098 789 3183 geris,
814 3097 972 3180 imperas:

252 3204 340 3269 Hinc
364 3226 460 3269 omne
483 3201 698 3289 principium,
722 3199 785 3264 huc
809 3197 891 3263 refer
914 3196 1049 3262 exitum.

230 3407 383 3458 GARMEN
401 3407 452 3456 Ἦ
693 3382 925 3433 narrentanas
949 3384 1014 3446 qaod
1034 3383 1111 3443 pmcn,
1133 3383 1208 3444 inape·

660 3476 711 3509 ras.
739 3462 854 3510 Lactant.
866 3462 900 3510 V.
913 3462 974 3510 Inst.
989 3462 1026 3509 15.
1047 3461 1077 3509 Si
1093 3475 1142 3508 racia
1154 3465 1209 3508 tan·

105 3505 229 3588 Delicta
253 3540 376 3587 maimam
392 3539 534 3586 immeritas
559 3538 618 3586 lues.
661 3546 715 3589 tam
732 3556 913 3604 qaasrparcm
930 3541 1064 3590 sedetiam
1080 3553 1210 3601 qnasnma·

70 3619 137 3667 Pars
153 3617 284 3666 undecima
298 3616 415 3664 carminis
429 3615 544 3677 gnomici,
566 3623 620 3664 octo
660 3635 755 3670 narem
761 3637 786 3671 se
802 3623 920 3686 qaaerit,
937 3621 1023 3684 atique
1042 3621 1121 3668 nralto
1138 3620 1209 3667 altia-

70 3712 196 3746 versuum
223 3696 362 3747 Sententia·
379 3695 423 3743 ‘A
436 3696 549 3743 Deorum
565 3694 618 3742 cul·
660 3714 713 3748 rem
739 3702 873 3763 diurnitatis
897 3701 1022 3763 pradum,
1048 3697 1101 3746 Deo
1117 3699 1212 3756 indice,

70 3783 101 3825 tu
121 3776 213 3839 pendet
233 3775 338 3824 felicitas
358 3772 480 3836 publice·u
514 3772 621 3821 Maiores
661 3785 831 3841 consequetur.
848 3777 908 3826 Vid.
926 3776 1069 3826 Markland.
1088 3775 1119 3823 ad
1138 3774 1210 3824 Statii

70 3860 157 3904 autem
181 3854 346 3917 neglexerant
370 3851 711 3914 templa,aedestet111
730 3857 792 3908 Silv
808 3858 834 3905 2
855 3857 908 3904 192.

70 3933 349 3983 simulacrarestituere.
366 3931 487 3988 Romani,
500 3930 621 3993 quinunc
694 3936 766 3984 Hanc
790 3949 860 3982 enine
883 3935 1052 3996 principiam,
1074 3934 1122 3982 leuc
1143 3932 1212 3996 refer

70 4013 202 4068 vivebant,
219 4025 296 4074 acque
312 4016 383 4059 erant
400 4011 425 4058 in
448 4024 477 4058 ea
498 4024 525 4058 re
542 4008 621 4072 negli-
661 4015 763 4063 eninm.
781 4014 824 4061 ux
834 4010 947 4059 instituto
959 4011 1094 4068 maiorum,
1105 4016 1130 4059 et
1141 4010 1211 4073 quasi

70 4097 166 4152 gentes.
183 4088 265 4153 Igitur
281 4090 456 4153 puniebantur.
474 4089 509 4136 Et
525 4089 621 4137 merita.
661 4105 694 4140 ex
718 4090 833 4138 formula.
861 4089 917 4138 Liv.
938 4088 1022 4137 XLV.
1045 4089 1085 4137 39.
1116 4092 1212 4138 Utrum

70 4169 139 4218 Nam
165 4175 279 4231 poterant
304 4169 446 4227 restituere,
472 4169 493 4217 si
517 4168 620 4218 vellent.
662 4169 767 4218 maiores
782 4169 861 4217 vestri
881 4169 991 4238 omnium
1008 4181 1158 4229 amararum
1174 4182 1211 4216 re·

72 4246 240 4297 Scribendum
267 4254 340 4312 puto:
370 4248 474 4297 Delicta
498 4249 622 4298 maiarum
662 4262 720 4297 rum
736 4254 761 4296 et
776 4246 905 4309 pantapte
921 4246 1004 4294 ecerat
1022 4246 1053 4293 ab
1066 4247 1128 4294 Diis
1144 4250 1212 4304 cant,

71 4329 178 4376 merasce
195 4329 255 4376 laec.
662 4333 688 4375 et
696 4326 778 4388 finem
795 4341 851 4374 eam
869 4326 1033 4373 statuerant?

994 4407 1034 4467 14
