2916 5220
637 292 952 357 CARMINUM

409 481 470 545 Hic
494 480 528 544 in
552 481 686 545 reducta
709 480 795 544 valle
821 477 996 544 Caniculae

409 581 539 647 Vitabis
564 587 691 663 aestuS,
717 588 749 645 et
772 579 837 645 fide
860 578 935 643 Teia

450 684 547 749 Dices
571 684 755 749 laborantes
780 683 813 746 in
837 703 903 746 uno

494 787 680 872 Penelopen
709 787 912 870 vitreamque
937 783 1060 848 Circen.

407 891 471 955 Hic
497 891 681 957 innocentis
705 890 824 976 pocula
848 888 959 954 Lesbii

406 994 512 1058 Duces
537 995 599 1059 sub
622 994 757 1076 umbra,
782 1015 841 1057 nec
867 991 1044 1057 Semeleius

453 1096 538 1161 Cum
563 1097 669 1162 Marte
692 1094 873 1161 confundet
895 1094 1066 1177 Thponeus

495 1200 638 1282 Proelia,
664 1221 723 1266 nec
746 1203 873 1263 metues
896 1202 1084 1283 protervum

407 1303 567 1388 Suspecta
591 1303 731 1388 Cyrum,
757 1324 798 1367 ne
821 1300 908 1365 male
932 1299 1055 1384 dispari

407 1406 654 1471 Incontinentes
678 1405 806 1471 iniiciat
828 1425 963 1485 manus,

453 1509 499 1573 nt
522 1508 652 1574 scindat
674 1509 863 1573 haerentem
882 1527 1036 1571 coronam

492 1611 646 1677 Crinibus
670 1610 935 1695 immeritamque
958 1614 1093 1674 vestem.

225 1772 372 1835 positionem
380 1768 520 1833 appelletur
529 1767 599 1815 ruris
609 1767 691 1814 lwnos.
718 1764 776 1814 Cre·
818 1763 971 1826 comparavit
1004 1761 1104 1810 Horatii
1127 1761 1162 1808 ad
1183 1761 1285 1823 plenum
1311 1775 1369 1808 cum

225 1851 258 1899 do
270 1849 404 1899 Horatium
419 1847 555 1910 scripsisse:
572 1845 777 1892 rurichonorem.
818 1842 961 1905 virgiliano
978 1844 1013 1889 nd
1028 1842 1136 1904 plenum.
1165 1841 1281 1888 Honores
1294 1841 1369 1896 ruris,

226 1929 286 1979 Non
308 1942 348 1976 me
369 1927 430 1976 adeo
448 1925 549 1975 offendit
566 1922 659 1986 duplex
675 1921 719 1970 ille
736 1936 777 1985 ge·
818 1922 865 1969 hoc
886 1927 923 1970 est
944 1920 1044 1983 fruges,
1068 1919 1170 1975 herbas,
1191 1917 1275 1976 flores,
1296 1917 1369 1989 folia,

224 2007 321 2054 nitivus
332 2008 452 2054 honorum
464 2006 547 2065 ruris,
558 2003 584 2050 in
596 2016 646 2066 quo
657 2001 777 2049 mutando
817 2000 953 2050 illustravit
968 2001 1107 2050 Burmann.
1125 1999 1157 2047 ad
1174 1998 1255 2048 Gratii
1271 1996 1368 2061 Cyneg.

226 2086 273 2133 viri
290 2084 356 2133 docti
373 2099 445 2147 saepe
462 2083 564 2132 fuerunt
580 2081 663 2141 nimii;
680 2080 736 2127 vide
752 2094 776 2127 v.
818 2081 875 2131 376.
884 2080 1011 2129 Dicuntur
1019 2085 1100 2128 autem
1110 2084 1135 2126 et
1144 2080 1246 2127 bouem
1254 2079 1369 2126 ethonor.

225 2179 246 2212 c.
264 2162 334 2213 Cort.
353 2163 384 2210 ad
397 2161 499 2212 Sallust.
511 2161 541 2209 B.
559 2159 678 2223 Iugurth.
687 2158 776 2208 XXX.
818 2159 906 2208 Horat.
924 2160 973 2208 XI.
990 2159 1069 2221 npod.
1087 2158 1110 2206 6.
1127 2156 1265 2206 December
1291 2157 1370 2205 Silvis

227 2241 277 2291 Sed
303 2244 417 2290 borwrem
442 2240 523 2288 multo
548 2237 686 2301 elegantius
707 2243 776 2299 puto.
819 2240 933 2287 bonorem
950 2239 1052 2288 decutit.
1086 2236 1184 2285 Nemes.
1202 2236 1233 2283 de
1249 2235 1369 2298 Aucupio

226 2320 308 2368 Docta
325 2317 445 2368 etfacilis
462 2318 595 2367 verborum
612 2315 777 2375 constructio,
821 2317 858 2365 19.
896 2316 961 2366 Cum
977 2331 1064 2366 neritus
1079 2332 1150 2365 omne
1164 2331 1210 2365 suo
1225 2315 1302 2363 viridi
1313 2329 1368 2377 spo-

225 2399 291 2461 quod
308 2411 378 2447 secus
395 2398 474 2446 estin
492 2398 607 2462 vulgatis.
642 2395 708 2445 Nam
732 2395 777 2444 Co·
820 2396 900 2444 lintur
922 2399 1020 2446 honore.
1053 2395 1168 2444 Avienus
1194 2394 1220 2442 in
1243 2394 1367 2456 Descript.

223 2479 282 2540 pin,
302 2483 404 2540 propter
425 2476 548 2526 adiectum
568 2478 670 2539 beniprw
687 2490 777 2534 cornu,
820 2471 894 2522 Orbis
918 2475 975 2525 347.
1020 2476 1098 2522 Nilus
1123 2475 1237 2522 bonorem
1270 2473 1369 2520 Telluri

225 2563 262 2604 est
288 2555 346 2604 Deo.
382 2556 437 2604 Iam
458 2556 515 2605 Des
538 2570 588 2604 non
611 2560 667 2618 apte
687 2553 778 2601 dicitur
819 2559 927 2616 reparet.
961 2554 1002 2602 Ita
1023 2553 1071 2601 uris
1088 2553 1236 2616 imponimus
1253 2553 1368 2601 honneni

225 2635 281 2696 ipsa
300 2648 314 2682 e
335 2647 414 2681 cornu
435 2648 480 2682 suo
501 2648 615 2692 manare,
637 2633 678 2681 sed
700 2631 777 2688 illud,
819 2638 844 2680 et
861 2634 970 2681 brumes.
1000 2631 1133 2682 Caeterum
1150 2630 1369 2693 CLMoseruspu·

226 2713 292 2777 quod
310 2713 337 2761 in
354 2727 432 2760 romu
444 2718 494 2770 est,
504 2712 640 2774 effundere.
657 2711 746 2759 Horat.
756 2711 777 2758 I.
820 2716 857 2758 tat
879 2711 1004 2760 neminem
1025 2725 1137 2774 unquam
1157 2710 1248 2758 dixisse
1263 2725 1305 2772 epo
1322 2712 1369 2758 tibi

226 2792 306 2854 Epist.
317 2791 400 2840 1228.
411 2789 585 2853 oureusrnpes
602 2791 698 2838 Italiae
704 2791 778 2852 plene
819 2805 893 2838 niano
909 2792 1024 2840 bonorem
1040 2791 1121 2838 rurus.-
1143 2789 1208 2852 quod
1225 2787 1291 2836 enim
1308 2789 1368 2836 dici-

225 2868 328 2932 desudit
355 2870 430 2932 (opio
454 2883 538 2919 cornu.
572 2867 656 2917 Carm.
676 2867 775 2916 Saecul.
819 2873 861 2914 tur
885 2866 975 2931 aliquis
996 2884 1101 2918 nsanore
1118 2868 1216 2931 poitiers
1237 2868 1325 2924 nella,
1342 2869 1368 2915 id

227 2953 392 3010 apparetque
416 2950 489 2996 beato
505 2949 578 3010 pleno
596 2945 677 3008 Copia
693 2959 777 2995 cornu.
819 2959 848 2993 eo
864 2945 959 3007 valere,
977 2953 1006 2995 ut
1022 2947 1124 2998 effluant
1140 2945 1211 3009 quusi
1227 2961 1260 2995 ex
1276 2958 1313 3004 eo,
1325 2960 1368 2994 ne-

226 3024 340 3075 Gnalter.
358 3025 498 3075 Alexandr.
513 3025 547 3074 X.
563 3040 587 3088 p.
604 3025 661 3074 223.
697 3024 778 3073 euru
819 3039 867 3088 que
884 3041 944 3075 vero
960 3027 981 3074 is
999 3041 1029 3075 ea
1044 3032 1131 3090 sponte
1148 3024 1218 3088 quasi
1233 3039 1280 3073 sua
1290 3023 1368 3073 effim-

227 3120 297 3167 opem
315 3107 389 3167 pleno
410 3107 472 3154 milti
495 3104 575 3168 Copia
593 3118 671 3154 cornu
689 3104 776 3151 Fudit.
819 3104 862 3152 dat
878 3112 903 3153 et
920 3105 1128 3169 alicuipraebeat.
1146 3105 1215 3153 Puto
1225 3105 1271 3152 hoc
1281 3103 1368 3152 eodem

228 3180 368 3245 Copiatibi
385 3183 535 3247 adplenum
552 3182 777 3244 abenignocornu
819 3181 907 3231 redire.
941 3184 1044 3246 Aliquis
1069 3189 1157 3232 manat
1180 3183 1267 3240 mello,
1289 3180 1370 3245 Copia

225 3261 467 3311 manabithonorem
479 3264 551 3311 ruris.
572 3260 683 3310 dinnano
691 3274 776 3323 quam-
819 3267 907 3308 rnanut
928 3264 999 3310 rueris
1016 3265 1142 3319 boream,
1163 3261 1240 3310 mella
1262 3259 1370 3309 effluunt

226 3355 303 3402 quam
324 3354 374 3388 non
392 3341 467 3404 plane
484 3342 516 3389 sit
532 3342 637 3391 verbum
655 3341 777 3399 activum,
819 3353 850 3387 ex
868 3340 964 3403 aliquo,
989 3341 1066 3389 honos
1087 3341 1153 3388 ruris
1173 3339 1251 3389 effluit
1271 3353 1304 3387 ex
1321 3338 1369 3388 Co-

226 3424 310 3467 tsmen
323 3419 395 3481 qnasi
409 3419 490 3468 activo
498 3435 572 3470 sensu
581 3422 708 3485 accipitur.
726 3421 777 3469 Ho
818 3418 871 3480 pia,
897 3433 973 3467 cornu
997 3420 1101 3483 Copiae:
1127 3418 1226 3466 additur
1247 3417 1287 3465 hic
1309 3419 1356 3466 tibi
1363 3453 1371 3478 ‚

226 3502 272 3544 rat.
290 3496 311 3543 Ι.
337 3497 419 3558 Epist.
440 3498 478 3546 19.
497 3500 536 3547 44.
555 3500 621 3562 fidis
641 3501 705 3549 enim
723 3515 775 3547 mo·
819 3496 903 3545 dativo
919 3498 1055 3557 commodi,
1074 3504 1104 3546 ut
1120 3497 1229 3546 servitus
1251 3498 1298 3546 tibi
1314 3513 1367 3546 cre-

226 3588 289 3622 nore
303 3575 403 3636 poetico
418 3578 493 3624 mella
513 3579 547 3627 Te
559 3579 647 3634 solum,
664 3576 778 3626 utGrae-
819 3577 880 3636 soit,
897 3577 954 3625 alia.

226 3652 260 3708 ci,
286 3654 336 3715 γῆν
362 3649 471 3716 ῥέουσαν
495 3653 559 3719 μέλι.
597 3653 702 3704 Ovidius
727 3654 776 3704 VI.
852 3656 931 3704 Dices
944 3657 1086 3705 laborantes
1098 3657 1126 3703 in
1139 3670 1194 3704 urso.
1217 3653 1368 3704 Aliidisoes.

226 3731 330 3779 Metam.
340 3731 396 3780 312.
415 3733 542 3794 loorprnos
553 3734 692 3782 etiamnum
709 3750 777 3782 mar·
820 3733 892 3796 Quod
909 3733 1023 3797 placebat
1031 3735 1185 3783 Burmanno.
1207 3732 1368 3796 Oudendorp.

226 3824 297 3859 moro
323 3816 436 3858 manent.
470 3811 521 3860 Ubi
545 3812 594 3860 vid.
611 3812 698 3861 Heius.
716 3813 778 3862 Vidi
819 3813 1018 3876 putabateodem
1026 3813 1368 3877 pertinereglossamComm.

225 3893 310 3951 postea
327 3889 358 3935 ad
377 3888 522 3952 Virgil.11.
550 3890 639 3954 Georg.
657 3892 714 3940 244.
728 3892 778 3939 edi·
820 3890 897 3955 Cruq.
927 3891 1103 3955 “Repromittit
1124 3892 1218 3940 amicae
1238 3892 1264 3940 in
1286 3891 1370 3954 agello

225 3967 299 4016 tionis
316 3967 399 4032 Heyn.
417 3969 512 4031 primae
528 3969 610 4018 locum
628 3971 728 4019 Horatii
743 3971 778 4019 ita
820 3983 865 4018 suo
876 3984 902 4018 se
910 3971 1031 4033 Lyricum
1042 3984 1142 4020 carmen
1154 3971 1369 4019 decantaturam.”

226 4047 357 4111 scriptum:
382 4049 453 4098 ruris
477 4051 600 4110 bmwrnn,
625 4051 668 4101 sed
685 4051 777 4113 impru-
819 4049 902 4098 Bentl.
920 4057 997 4101 recte:
1015 4050 1094 4099 “nihil
1110 4050 1267 4099 mutandum.
1301 4051 1370 4100 Nam

228 4125 300 4173 dente
317 4126 418 4189 Heynio
435 4127 480 4175 hoc
497 4128 589 4178 suctum
607 4132 686 4179 credo.
708 4130 776 4179 Nam
819 4130 878 4192 quid
896 4135 933 4178 est
949 4129 1108 4191 discerefide
1127 4129 1219 4177 Petet*

715 4270 882 4296 ⁴0⁶¹-
