2916 5220
600 316 854 380 CARMEN

335 507 439 570 Roma
462 505 491 568 si
514 509 660 568 vestrum
684 509 734 567 est
757 523 858 586 opus,
884 500 1030 585 Iliaeque

335 608 430 673 Litus
456 607 634 672 Etruscum
660 614 793 670 tenuere
817 610 965 684 turmae,

335 712 430 776 lussa
452 732 528 795 pars
551 715 680 773 mutare
705 708 803 773 Lares
828 712 860 771 et
884 707 998 771 urbem

425 813 556 899 Sospite
579 834 677 877 cursu
684 860 704 913 ὅ

337 916 398 983 Oui
421 938 479 1001 per
501 915 670 981 ardentem
696 915 766 979 siue
789 913 903 978 fraude
927 912 1056 977 Troiam

339 1020 457 1086 Castus
482 1019 630 1100 Aeneas,
655 1017 780 1103 patriae
805 1021 990 1100 superstes,

338 1123 492 1188 Liberum
516 1120 662 1186 munivit
684 1120 765 1203 iter,
790 1118 927 1184 daturus

423 1229 524 1293 Plura
547 1226 687 1292 relIctis:

339 1333 398 1413 Di,
422 1332 540 1416 probos
564 1351 671 1395 mores
696 1328 795 1394 docili
819 1328 992 1409 iuventae,

338 1435 398 1517 Di,
424 1435 586 1499 senectuti
609 1432 774 1519 placidam
799 1430 961 1516 quietem,

334 1538 494 1603 Romulae
516 1537 609 1622 genti
634 1536 709 1601 date
731 1555 865 1619 remque
887 1534 1076 1620 prolemque

425 1642 470 1707 Et
493 1643 593 1707 decus
617 1662 722 1705 omne.

338 1745 466 1830 Quique
489 1767 548 1810 vos
572 1744 680 1809 bubus
703 1747 877 1807 veneratur
901 1740 1005 1822 albis,

339 1848 456 1913 Clarus
481 1848 646 1914 Anchisae
669 1845 871 1930 Venerisque
894 1843 1049 1928 sanguis,

340 1952 485 2038 Imperet
507 1952 652 2017 bellante
675 1950 780 2035 prior,
806 1949 966 2013 iacentem

430 2055 530 2121 Lenis
554 2056 589 2119 in
613 2055 751 2119 hostem.

188 2185 264 2232 Lttue
298 2185 438 2233 Etruscum
463 2190 564 2234 tenuere
597 2190 703 2232 tumme.
745 2180 892 2243 Hieronym.
914 2181 939 2228 in
958 2178 1079 2242 Sophron.
1098 2178 1118 2227 Ι.
1140 2181 1179 2229 15.
1205 2176 1318 2231 Ρὶἀιιιιὶ

154 2261 289 2326 Magnifice
310 2262 403 2310 uictum
423 2264 490 2311 Illuc
513 2269 624 2318 turmae,
650 2275 703 2308 ma·
745 2260 772 2307 iu
794 2261 845 2322 dle,
867 2274 916 2321 quo
936 2265 1014 2322 cepta
1033 2264 1073 2308 eet
1093 2274 1111 2306 a
1129 2260 1256 2309 Romame
1275 2266 1316 2310 et'

154 2340 311 2403 gnifieentius
328 2356 403 2404 quam
420 2355 465 2404 pro
482 2340 547 2389 tristi
559 2340 705 2398 conditione,
746 2340 835 2387 cle'mrta
864 2339 1039 2395 Hierusalem,
1068 2339 1155 2387 vertire
1176 2342 1300 2400 populum

154 2419 180 2467 in
210 2435 260 2482 qua
284 2426 409 2469 versantes
434 2421 556 2483 reliquiae
583 2422 705 2468 Danaum
747 2419 884 2480 luqubrem,
896 2417 1021 2480 confluere
1037 2418 1181 2478 decrepitae
1197 2402 1319 2481 multem}

153 2505 230 2562 atque
253 2501 360 2547 terentii-ie
386 2500 494 2547 Achillei
519 2497 621 2546 Troiam
646 2497 704 2546 reli·
746 2497 817 2546 culut
834 2504 859 2545 et
875 2511 958 2554 semea,
977 2499 1073 2560 paruula
1094 2499 1219 2561 annisque
1235 2488 1319 2571 obal}

155 2593 237 2642 querc.
272 2579 326 2626 Nec
343 2592 401 2627 vero
412 2578 501 2626 turmis
513 2577 565 2625 rstrs
576 2578 639 2626 bene
649 2591 705 2625 ceu
747 2582 800 2635 tor,
825 2577 853 2624 ira
877 2578 1021 2640 cerporibus
1045 2581 1071 2626 et
1095 2578 1122 2625 iu
1145 2578 1236 2626 habitu
1252 2592 1322 2649 αισι

155 2656 224 2705 venit
240 2655 322 2704 tenuis
339 2656 482 2719 epexegesis
498 2658 705 2718 iueeapersmu·
747 2657 814 2704 iram
839 2657 891 2704 Dei
912 2658 1119 2706 demonstrantes
1161 2656 1324 2755 Ceuqreqaq

156 2741 212 2784 ture
241 2737 327 2783 Lares.
369 2734 458 2797 Longe
484 2733 623 2797 elegantius
650 2747 706 2782 meo
747 2740 792 2782 tur
809 2737 885 2783 turba
902 2737 1056 2784 nummorum.

155 2828 229 2862 seusu
238 2814 379 2876 legeretur
398 2813 513 2875 Ilmeque
524 2814 601 2861 Latus
612 2814 706 2860 Etrus·
780 2816 902 2863 Daturur
907 2815 987 2875 plura
997 2813 1099 2864 relrctu
1109 2792 1323 2863 PontiusPaul-'l'

154 2909 211 2942 curn
229 2898 329 2942 tenuere
346 2893 436 2940 turbae
448 2892 523 2939 Icum
531 2906 595 2954 pars
606 2897 707 2938 mutare
747 2893 813 2941 linus
825 2908 850 2956 p.
865 2892 902 2942 te.
928 2894 980 2951 Qut
988 2894 1067 2956 plura
1076 2894 1198 2956 promitit
1207 2895 1287 2942 datu

155 2972 244 3020 Lares.
278 2969 343 3017 Pars
365 2967 428 3017 Iliae
453 2968 556 3028 turbae,
580 2984 645 3033 quae
665 2984 706 3018 su·
780 2972 829 3028 Dt,
840 2973 961 3022 serectute
970 2973 1099 3035 plaudam
1109 2974 1225 3034 quietem.
1246 2972 1303 3021 Alii

154 3054 267 3113 perorat,
287 3048 355 3096 iussa
376 3054 475 3097 mutare
495 3048 584 3108 Lares,
607 3054 707 3099 tenuere
745 3051 868 3114 placidae.
902 3049 998 3099 Probas
1014 3064 1094 3099 mores
1110 3051 1237 3108 iuventae,
1248 3050 1322 3114 pla-³

155 3130 216 3178 litus
228 3131 373 3178 Etruscum
397 3126 528 3176 Poetrcum
539 3135 565 3177 et
575 3128 706 3193 antiquum
748 3129 829 3178 eidam
860 3129 968 3191 quietem
998 3129 1126 3178 senectuti.
1180 3129 1327 3179 Senectus.

155 3213 381 3272 estpureteuuere:
391 3207 707 3272 turlaetturnmfrequen·
748 3211 880 3273 placida
871 3225 922 3258 rum
942 3210 1021 3258 estin
1038 3208 1128 3272 quiete.
1163 3195 1328 3258 Remulum:

157 3294 197 3336 ter
213 3286 239 3334 in
257 3285 335 3335 MSS
346 3292 526 3348 permutantur.
544 3287 605 3335 Viu
620 3288 706 3338 Heius.
749 3295 849 3352 gentem
870 3289 990 3352 intelligit
1009 3287 1130 3350 populum
1148 3287 1251 3350 proprie
1267 3288 1329 3369 itaq

157 3364 268 3415 adOvid.
278 3364 366 3413 Amor
379 3365 400 3414 I
414 3366 432 3412 l.
444 3366 467 3413 6.
481 3365 625 3414 Verum
587 3372 625 3414 es
626 3369 708 3430 ,quod
749 3369 856 3428 dietum,
884 3368 1050 3418 adolescentes
1074 3373 1100 3415 et
1124 3365 1204 3424 viros,
1203 3368 1329 3450 rubuit

157 3444 217 3492 dicit
234 3443 321 3493 Heius
337 3444 431 3494 adIII.
443 3443 501 3492 Art.
512 3445 574 3493 Am.
585 3445 609 3492 2.
622 3448 708 3508 poetas
749 3446 864 3496 civitatis.

157 3538 229 3586 saepe
249 3524 287 3570 uti
308 3529 395 3571 turma
417 3537 461 3585 pro
478 3525 561 3571 turbu.
596 3523 645 3573 Sed
662 3526 709 3574 hoc
783 3529 896 3590 Itemque
909 3528 1053 3589 prolemque
1078 3525 1117 3572 Et
1132 3527 1211 3574 decue
1223 3525 1330 3586 amuel

157 3601 383 3658 etiamobserravi,
398 3603 557 3649 turbamuou
570 3616 709 3652 rarousur·
751 3605 823 3656 Ovid
840 3605 890 3654 III.
912 3606 981 3654 Fast
992 3605 1032 3653 86.
1059 3606 1140 3651 Arma
1145 3600 1225 3666 serae
1225 3592 1332 3686 quatu}

157 3683 213 3744 pari
229 3683 260 3730 de
275 3681 434 3729 multitudine
456 3680 586 3728 hominum
607 3685 708 3733 miaere-
751 3700 851 3747 remque
863 3685 1074 3746 demuquedabet.
1091 3682 1152 3732 Vid.
1161 3675 1331 3781 Burmann]
1321 3678 1331 3713 ⁸
1354 3711 1358 3718 ·

159 3777 230 3819 runt,
253 3769 364 3811 turmmu
387 3774 436 3808 non
457 3760 524 3809 item.
559 3763 614 3810 Ilia
633 3767 710 3814 turba
787 3765 888 3826 Quique
912 3777 954 3811 coe
979 3764 1056 3810 lubus
1075 3768 1212 3811 verteretur
1233 3746 1331 3813 albis.³
1318 3788 1353 3855 q,

160 3848 236 3898 esset,
262 3853 337 3903 quarn
357 3838 482 3902 Virgilius
503 3841 628 3903 appellat:
654 3844 710 3893 Col·
751 3842 836 3891 Bentl.
857 3857 871 3890 e
892 3840 970 3891 MSS.
987 3846 1012 3889 et
1029 3840 1176 3890 Scholiastis
1193 3857 1326 3908 qumque..
1326 3844 1338 3877 ἰ

159 3921 249 3969 lectam
271 3921 359 3968 exsilio
377 3920 480 3981 pubem,
501 3920 641 3969 miseraute
661 3924 710 3970 vol·
751 3928 776 3970 et
796 3935 856 3968 mox
878 3923 1003 3983 irrepetret.
1040 3919 1155 3981 Vulgata
1176 3914 1363 3983 praeleroffjf·

158 4013 210 4060 qus.
232 3995 324 4059 Virgil.
334 3996 382 4044 XI.
396 3996 462 4044 Aen.
471 3996 528 4046 372.
547 4000 600 4046 Nee
612 4001 711 4049 amimae
752 4007 777 4049 et
793 4007 860 4050 arcte
875 4001 1049 4062 coniungenda
1065 4005 1124 4047 suut
1135 3998 1246 4061 imperet
1258 4003 1307 4048 bel·
1322 4014 1358 4052 .·.

158 4078 232 4134 vilet,
243 4075 523 4138 iuburuutat‘ufletaque
535 4079 616 4125 turbu.
636 4077 709 4127 Ovid.
753 4081 821 4128 laute
835 4082 916 4142 prior.
936 4079 1027 4142 Virgil.
1039 4078 1060 4126 I.
1079 4078 1144 4126 Aen.
1157 4077 1215 4126 286.
1239 4082 1307 4127 Nus-
1319 4072 1337 4125 ἰ’

159 4155 234 4205 XIV.
261 4154 321 4203 Her
340 4155 395 4203 114.
423 4155 488 4203 Cum
508 4169 566 4204 aene
581 4172 626 4205 uer
642 4160 712 4221 inopi
751 4163 825 4206 cetur
834 4161 944 4221 pulchra
958 4158 1191 4220 Treieuusert'qiue
1201 4157 1315 4214 Caecum·
1350 4163 1360 4212 ’,

161 4237 236 4282 trerlm
253 4250 375 4296 vaqurrrur
391 4237 468 4296 irrupt.
503 4233 578 4283 XXI.
599 4237 652 4288 167.
673 4239 712 4286 Et
752 4237 893 4298 Imperium
913 4238 1023 4295 Oceano,
1035 4236 1138 4299 firmum
1155 4237 1200 4298 qui
1218 4237 1306 4286 terite-l·

158 4313 258 4373 purlet'
248 4329 276 4360 m
285 4315 356 4362 tristi
366 4318 417 4362 luet
407 4320 461 4361 tum
471 4327 617 4376 cormrrrqere
627 4318 710 4364 tumba
730 4366 732 4416 Ι
752 4321 794 4362 raet
811 4317 897 4364 carru.
1272 4375 1276 4382 ι
1274 4330 1334 4397 ”q
