2916 5220
576 313 752 378 LIBER
799 316 855 380 IV.

335 501 390 564 Sia
413 499 612 586 tauriformis
633 502 766 567 uoluitur
788 503 941 589 Aufidur,

341 602 404 682 Qui
426 624 524 689 repaa
546 605 661 670 Dauni
676 605 833 690 praefluit
855 607 976 692 Apuli,

380 704 480 784 Quum
502 709 600 769 saeuit
620 705 865 793 horrendamque
889 708 980 773 cultis

422 807 581 872 Diluoiem
604 809 773 873 meditatur
795 815 905 897 apris,

338 911 379 973 Ut
401 909 605 975 barbarorum
633 911 786 976 alaudem
808 918 937 1000 apmiua

334 1014 473 1076 Ferrato
498 1023 585 1078 caeto
608 1014 709 1078 diruit
732 1018 863 1100 impetu,

378 1116 565 1200 Primoeque
587 1125 617 1180 et
639 1126 793 1182 extremae
815 1119 953 1183 uieteudo

426 1219 549 1282 Strauit
571 1218 714 1302 iumum,
738 1225 806 1285 eine
829 1221 919 1286 clade
948 1227 1059 1305 uictor,

340 1322 383 1384 Te
406 1324 530 1406 capiar,
555 1331 585 1385 te
608 1322 769 1388 consilium
800 1333 829 1388 et
851 1333 920 1389 tuoe

334 1422 511 1487 Praebeute
534 1424 643 1489 Diooa.
692 1426 800 1508 Nam,
827 1426 886 1492 tibi
911 1428 1043 1512 quodie

379 1528 502 1592 Portus
524 1527 732 1593 Alexandrea
757 1530 896 1615 supplex

425 1631 471 1693 Et
492 1652 623 1695 oammm
639 1631 795 1717 patefecit
818 1633 944 1715 autam,

158 1774 234 1834 [paco
251 1779 310 1818 sunt
325 1770 366 1818 vel
388 1773 441 1819 ceri
464 1772 504 1820 vel
519 1773 639 1835 fipuroti.
673 1773 705 1820 In
749 1780 840 1825 trenior
865 1791 922 1826 eum
944 1777 1071 1837 expeditis
1092 1778 1228 1838 ruarripulie
1253 1779 1298 1826 tri-

157 1859 262 1914 utraque
286 1865 313 1899 re
338 1857 432 1899 veteres
457 1852 576 1901 lectorem
593 1868 643 1901 non
661 1854 705 1900 du·
750 1856 826 1902 burroa
848 1857 980 1904 locaverat.
1014 1854 1050 1904 Ut
1071 1856 1136 1918 apud
1159 1856 1299 1905 Homerum

157 1930 227 1979 bium
248 1930 433 1992 relinquebant,
454 1939 509 1979 uter
531 1939 594 1981 esset
615 1932 707 1980 intelli·
750 1931 776 1978 in
792 1934 934 1982 narratione
951 1947 1022 1997 saepe
1035 1937 1130 1999 πρῶτον
1141 1940 1166 1982 et
1178 1935 1298 1999 riparii.

158 2009 263 2072 gendus.
283 2009 338 2057 Liv.
360 2008 408 2057 IV.
433 2011 473 2058 33.
507 2011 568 2072 ipae
591 2013 708 2074 princeps
750 2009 799 2058 Hic
815 2012 873 2073 plus
898 2018 934 2060 est
958 2027 1033 2075 quam
1058 2013 1169 2061 narratio
1194 2013 1300 2076 simplex

158 2089 298 2137 calcaribus
310 2090 418 2136 subditis
427 2090 708 2153 erectur,iffreaoequo
751 2090 786 2138 rei
803 2096 893 2152 gestae.
928 2090 1034 2154 Propter
1045 2090 1231 2140 similitudinem
1243 2106 1298 2139 ora-

157 2171 186 2216 im
197 2168 496 2230 medioeipaerirrfertur.
521 2169 708 2233 virginvm.
751 2168 824 2216 nonis
841 2169 942 2218 ostendo
952 2168 1035 2216 locum
1047 2169 1172 2217 Lactantii
1184 2171 1215 2218 de
1225 2171 1301 2218 Mart.

159 2248 224 2297 Aen.
249 2248 307 2296 296.
346 2246 448 2296 Mediae
476 2251 543 2298 aciee
573 2251 710 2312 erectiorque
751 2245 848 2294 Persea.
879 2247 919 2298 47.
967 2248 1125 2297 Coedebatur
1153 2251 1219 2298 crema
1247 2251 1301 2298 eiua

158 2342 204 2388 per
225 2328 293 2388 iprum
321 2327 444 2374 Invenere
467 2328 541 2375 riam.
575 2327 626 2377 Ubi
651 2330 709 2377 satis
750 2325 865 2385 impune,·
891 2330 965 2373 tauta
989 2328 1028 2374 vis
1045 2327 1157 2376 miiitum
1178 2343 1195 2376 a
1210 2331 1301 2391 paucis

159 2404 320 2454 manifestum
336 2410 385 2461 est,
401 2420 470 2453 aeros
486 2407 554 2468 ipaer
569 2406 710 2468 significari,
752 2405 898 2451 enitebatur.
936 2405 1018 2462 Quaoi
1042 2407 1077 2453 ad
1100 2407 1213 2456 deuotam
1234 2422 1301 2456 mor·

160 2501 193 2534 ex
218 2498 307 2532 rerum-
329 2485 456 2533 sententia.
503 2486 579 2546 Ipuee
604 2485 711 2548 figurate
753 2485 813 2535 tem,
831 2496 880 2529 mom
897 2483 1068 2543 adpraetiati
1084 2485 1213 2532 venirent.
1240 2486 1301 2534 Iam

160 2576 205 2624 pro
230 2561 333 2609 summis
358 2562 476 2624 periculis
501 2571 642 2625 ponuntur,
667 2564 711 2612 sed
752 2564 839 2606 atrata
855 2566 911 2607 erat
928 2562 1014 2622 inperce
1031 2563 1174 2610 nouititudo.

160 2643 207 2701 ita,
232 2648 261 2689 ut
285 2641 370 2690 videas
395 2656 446 2690 esse
468 2649 595 2706 tamquam
612 2657 710 2705 prover·
788 2638 890 2685 Strauit
911 2640 1027 2695 liumum,
1050 2640 1104 2687 sime
1124 2641 1195 2688 clade
1214 2642 1300 2690 uictor.

162 2721 237 2768 bium,
271 2719 386 2783 Xenoph,
405 2720 584 2784 sympos,1V,
602 2719 649 2784 ἐγὼ
666 2721 711 2770 οὖν
754 2713 871 2778 Pyrrhus
886 2717 966 2764 vIctor
987 2732 1038 2765 non
1058 2717 1111 2766 sinc
1127 2718 1198 2767 clade
1216 2719 1299 2782 appel·

160 2801 224 2862 perri
248 2798 364 2847 Κλεινίου
389 2797 440 2849 κᾶν
464 2799 504 2848 διὰ
530 2800 610 2862 πυρὸς
636 2797 710 2858 ἰοίην,
753 2793 801 2842 lari
822 2803 924 2858 poterat.
961 2795 1095 2854 Claudius,
1113 2797 1156 2858 qui
1172 2797 1230 2845 vicit
1248 2797 1302 2845 bar-

161 2877 265 2925 Memor.
280 2876 302 2924 1.
320 2877 343 2924 3.
368 2875 441 2934 οὗτος
463 2875 515 2927 κᾶν
532 2876 566 2934 εἰς
583 2877 712 2941 μαχαίρας
754 2872 827 2921 baras
851 2877 905 2923 riae
926 2876 1017 2924 οἰαοιοο
1040 2875 1147 2924 Romani
1167 2876 1301 2933 exercitus,

162 2954 347 3016 κυβιστήσειεν,
376 2953 427 3004 κᾶν
454 2954 489 3013 εἰς
519 2958 569 3019 πῦρ
595 2956 710 3004 ἅλλοιτο.
754 2967 804 3000 non
821 2959 887 3002 recte
904 2954 1045 3017 appellatur
1061 2955 1139 3003 victor
1155 2957 1209 3004 eine
1225 2957 1301 3004 clade.

161 3032 241 3082 Cuius
260 3033 384 3095 proverbii
401 3040 488 3082 auctor
502 3041 539 3082 est
550 3033 674 3083 Homerus
685 3034 711 3080 in
754 3031 863 3081 Volebat
890 3034 962 3094 poeta
986 3035 1038 3081 rime
1064 3036 1186 3096 eaupaino
1213 3037 1304 3083 inuito.

162 3111 237 3161 Iliad.
260 3117 290 3160 K.
307 3112 364 3160 246.
393 3112 490 3161 Τούτου
507 3111 528 3160 δ’
548 3112 711 3178 ἑσπομένοιο,
755 3109 1007 3159 Obstabat'mctrum.

162 3191 206 3239 καὶ
233 3191 259 3238 ἐκ
283 3192 366 3254 πυρὸς
392 3189 537 3255 αἰθομένοιο
555 3189 643 3255 'Appio
666 3209 711 3240 νο·
790 3190 825 3238 Το
858 3192 955 3251 copiae,
983 3196 1006 3238 tc
1033 3191 1165 3238 canalium
1193 3195 1218 3237 ct
1247 3197 1302 3240 tuor

162 3267 312 3332 στὴσαιμεν.
754 3270 898 3316 Praeterito
920 3271 1008 3316 Divae.
1042 3266 1097 3315 Hoc
1125 3268 1226 3315 tertium
1251 3276 1302 3328 est,

200 3349 252 3406 Qui
272 3364 349 3410 repua
372 3347 459 3396 Dauni
479 3350 601 3411 praefluit
622 3348 709 3408 Apuli.
754 3346 818 3408 quod
844 3345 909 3392 idem
934 3347 960 3393 in
982 3359 1032 3393 uno
1053 3346 1163 3394 carmine
1185 3346 1301 3409 legimus.

163 3426 244 3487 Quasi
265 3427 390 3475 nescirent
409 3426 532 3484 Romani,
556 3427 582 3474 in
603 3441 652 3489 qua
673 3440 711 3474 re·
755 3423 838 3485 Supra
855 3427 936 3474 nuilite
956 3433 1006 3474 tuo.
1041 3424 1108 3472 Turn
1129 3427 1252 3488 auspiciia
1268 3442 1302 3475 se-

164 3504 237 3565 gione
253 3503 342 3552 Italiae
358 3510 422 3552 esset
438 3504 555 3553 Aufidus.
584 3504 712 3552 Bentl.le·
754 3503 851 3550 curedis.

163 3583 201 3644 git
223 3598 279 3644 qua.
315 3581 387 3642 Quod
412 3582 497 3631 eodem
522 3582 592 3630 redit.
631 3583 712 3631 Locus
789 3584 869 3640 Nam,
887 3585 933 3631 tilii
950 3599 998 3646 quo
1014 3584 1061 3632 die.
1089 3584 1204 3632 Drusum
1215 3584 1303 3634 vicisse

164 3658 260 3708 Catulli
278 3659 362 3708 Carm.
380 3660 429 3708 XI.
446 3674 496 3707 non
513 3659 601 3708 similis
618 3665 654 3708 est
669 3673 711 3708 no·
754 3661 897 3710 Vindelicos
914 3664 1000 3712 codem
1018 3664 1068 3721 dic,
1085 3679 1135 3726 quo
1152 3670 1209 3712 ante
1225 3678 1303 3713 annos

163 3743 230 3786 stro:
254 3740 313 3787 Siue
329 3754 380 3800 qua
396 3742 601 3800 reptempemiuus
618 3741 713 3788 coarat
755 3740 893 3804 quindecim
915 3742 1049 3804 Augustus
1064 3740 1246 3789 Alexandriam
1265 3756 1302 3790 ce·

164 3819 282 3877 Aequora
300 3817 385 3864 Nilus.
419 3816 507 3879 Neque
527 3816 654 3879 eleganter
669 3818 714 3865 illa
755 3828 838 3884 perat,
855 3819 929 3867 multi
945 3819 1067 3866 dubitant,
1086 3819 1120 3866 Et
1137 3824 1303 3879 annotassent,

163 3896 360 3957 coniunguntur:
393 3898 436 3945 Sia
460 3898 569 3945 coicitur
593 3896 713 3953 Aufidus,
755 3900 841 3955 credo,
862 3897 984 3955 historici,
1007 3897 1136 3959 praecipue
1159 3896 1303 3956 Suetonius,

163 3973 208 4037 qui
223 3974 355 4036 praefluit.
756 3979 799 4041 qui
820 3978 881 4025 talia
902 3991 952 4024 non
972 3975 1152 4038 praetermittit.
1188 3975 1303 4025 Glossam

202 4055 353 4116 Priamique
385 4058 410 4101 et
442 4059 564 4101 extremos
597 4057 714 4107 metendo.
755 4058 791 4104 ita
807 4062 951 4118 conceptam
968 4060 1040 4117 puto:
1059 4053 1194 4102 “Horatius
1203 4069 1303 4104 enumc-

166 4133 253 4181 Primi
278 4138 302 4180 et
327 4133 434 4180 ectremi
459 4130 605 4180 historicum
630 4140 668 4181 cst
691 4139 716 4182 et
757 4143 795 4184 rat
816 4135 931 4182 victorias
952 4132 1076 4195 Augusti,
1098 4133 1238 4197 quindecim
1261 4149 1303 4183 an-

164 4212 288 4276 significat
304 4226 393 4274 agmen
409 4213 522 4274 primum
533 4219 714 4262 cteatremam.
756 4215 794 4263 nis
816 4213 847 4260 ab
868 4212 938 4260 initio
960 4211 1056 4274 imperii
1078 4211 1146 4259 illius
1163 4218 1218 4274 poet
1235 4227 1303 4275 proe-

166 4293 271 4341 Sallust.
290 4293 318 4340 Β.
337 4291 394 4354 Iug.
415 4291 468 4340 100.
504 4293 606 4341 Primae
628 4299 652 4341 et
674 4310 714 4343 ea·
757 4293 817 4340 linrn
828 4291 960 4339 Actiacum
970 4291 1130 4352 reportatas.”
1143 4291 1212 4340 Talis
1222 4290 1304 4354 glossa
