2916 5220
154 308 193 366 iz>
562 304 879 368 CARMINUM

152 487 241 535 XXII.
259 489 281 535 6.
300 487 444 550 displiceant
461 489 571 536 Bauero:
587 491 697 538 Obtrun-
737 489 831 537 scilieet
848 503 966 551 apparere
982 489 1053 538 debet
1071 488 1110 538 vel
1123 504 1154 537 ex
1166 488 1288 537 adiectivo

150 573 206 615 cato
233 569 306 629 prius
330 568 466 628 orinipero,
490 569 533 629 qui
557 582 583 616 se
606 568 698 632 inserto
737 569 849 625 nomine,
879 567 919 615 vel
944 583 976 616 ex
1000 569 1122 616 sententia
1145 569 1288 617 verborum.

150 647 697 703 irentenuobieceraaconuenturamtrans·
737 647 804 695 Nam
821 649 904 696 ventu
923 653 948 694 et
972 647 1003 695 de
1028 646 1116 695 infesto
1142 647 1220 694 hostis
1242 648 1286 695 ad-

141 724 215 783 ficit.
252 724 338 786 Neque
367 731 483 773 accurata
511 733 548 774 est
572 726 698 774 annotatio
737 733 814 774 ventu
830 725 929 784 dicitur,
946 732 975 772 ut
991 726 1113 788 exempla,
1130 741 1194 789 quae
1205 726 1288 781 attuli,

148 803 424 852 BurmanniadValer.
434 804 587 853 FlaccVII.
599 805 696 866 Argon.
737 811 866 852 testantur.
899 804 1060 852 Burmannus
1083 818 1155 866 saepe
1176 805 1207 851 ad
1230 805 1288 852 Vir-

148 881 205 929 224.
227 881 348 939 docentis,
369 884 453 932 vestire
472 884 551 931 alieni
572 883 698 944 eleganter
737 882 839 945 gilium,
855 881 931 929 semel
949 882 980 928 ad
998 881 1141 930 Phaedrum
1159 883 1180 930 I.
1197 883 1238 929 21.
1257 883 1288 931 de

149 961 180 1008 de
197 963 298 1022 beriipno
319 967 343 1009 et
358 961 465 1025 siccante
485 960 608 1024 usurpari.
642 961 698 1009 Hoc
738 961 813 1009 verbo
830 960 879 1008 isto
895 974 943 1007 non
961 966 999 1007 sat
1016 968 1129 1008 accurate
1146 962 1270 1010 disseruit.

631 1122 790 1151 -οοσι-

532 1264 775 1330 CARMEN
821 1265 898 1329 XX.

335 1392 411 1481 Vile
428 1415 556 1501 potabis
578 1417 707 1482 modicia
731 1415 881 1481 Sabinum

330 1520 517 1602 Caularis,
548 1520 671 1586 Gracco
694 1520 778 1606 qood
798 1541 851 1607 epo
875 1524 1045 1605 epectasis

329 1622 494 1687 Conditum
517 1623 592 1705 leci,
617 1623 712 1688 dotas
735 1628 769 1688 ia
792 1623 913 1688 theatro

417 1726 518 1806 Quom
541 1725 597 1791 tibi
613 1725 768 1810 plausus,

302 1952 455 2002 CARMEN
472 1955 532 2004 XX*
732 1925 789 1988 quis
814 1933 936 1989 posceret,
963 1942 987 1974 v.
1013 1941 1026 1974 c
1051 1926 1072 1973 si
1089 1926 1171 1974 subito
1188 1927 1284 1976 laetum

734 2004 826 2066 aliquid
839 2005 977 2064 accidisset,
990 2004 1029 2053 vel
1043 2005 1236 2068 modimperator
1248 2009 1284 2055 iu-

178 2046 383 2144 Argumentum
405 2082 479 2130 huius
502 2083 625 2133 Carminis
646 2085 693 2132 hoc
733 2083 812 2142 beret,
830 2085 870 2132 vel
882 2084 932 2132 alia
942 2084 1081 2142 occasione,
1093 2097 1188 2146 semper
1200 2090 1284 2134 tamen

143 2169 191 2212 cst:
217 2162 335 2211 “Potabis
359 2162 491 2220 Sabinum,
513 2164 578 2226 quod
600 2179 646 2226 ego
666 2165 691 2212 in
733 2161 1232 2224 praeterconsnetudinemquotidianam.
1250 2165 1285 2213 Et

143 2246 207 2288 testa
231 2241 341 2297 condidi,
367 2241 406 2289 die
431 2242 539 2305 quodam
555 2242 599 2290 tibi
615 2243 692 2302 laeto,
733 2241 867 2289 cantharus
884 2249 937 2290 erat
954 2241 1086 2305 poculum,
1102 2255 1152 2303 quo
1168 2240 1285 2290 Bacchus

142 2321 317 2369 oblaecenas.
353 2321 393 2369 Tu
414 2321 482 2370 bibes
503 2321 647 2371 Caecubum
668 2328 693 2370 et
734 2321 856 2370 utebatur.
889 2322 949 2370 Ideo
969 2327 1069 2369 notatus
1090 2321 1193 2369 Marius.
1214 2321 1283 2370 Plin.

142 2398 278 2459 Calenum,
308 2415 354 2462 ego
384 2415 428 2449 nec
452 2400 588 2449 Falernum
614 2401 693 2450 habeo
734 2401 867 2451 XXXIII.
891 2403 929 2451 ll.
958 2402 987 2451 C.
1007 2399 1110 2449 diarius
1132 2408 1190 2464 post
1205 2403 1282 2452 vieto·

141 2493 186 2527 nec
202 2480 388 2528 Formianum.”
422 2481 511 2544 Longa
527 2480 693 2544 disputatione
734 2483 800 2528 riam
836 2482 989 2531 Cirrabe-icam
1021 2481 1153 2529 cantharis
1183 2486 1285 2542 potasse

141 2566 166 2607 et
182 2560 281 2610 homine
302 2562 401 2610 eredere
422 2560 541 2610 facillimo
562 2576 623 2624 opus
643 2568 692 2616 est,
735 2559 819 2607 Liberi
833 2561 920 2621 patria
936 2561 1048 2622 externplo
1064 2560 1186 2607 nuditus.
1214 2560 1282 2608 Mul·

141 2639 180 2686 cui
198 2640 325 2688 ostendere
342 2641 415 2698 velis,
432 2641 479 2688 hoc
491 2655 544 2689 esse
555 2642 692 2703 urbanum,
735 2636 801 2684 tiblbi
818 2637 908 2699 igitur,
925 2637 1014 2700 quibus
1026 2637 1222 2702 mOdicapoeula
1232 2655 1282 2689 11011

141 2717 181 2764 hic
203 2720 269 2767 cerni
290 2725 407 2767 ornatum
428 2720 574 2768 elocutionis
595 2728 620 2768 et
643 2721 691 2770 ele·
733 2714 900 2778 sufficiebant,
918 2718 1049 2765 cantharis
1065 2717 1191 2778 potabant.

141 2796 266 2858 gantiam,
296 2799 389 2861 Ingenii
418 2799 468 2846 vim
494 2806 519 2847 et
544 2799 690 2849 ubertatem.
768 2797 868 2845 Graeco
889 2797 955 2858 quod
973 2811 1015 2856 eqo
1036 2797 1090 2857 lpse
1109 2802 1175 2845 testu
1195 2798 1282 2846 Condi-

142 2873 208 2922 Sunt
224 2881 322 2934 tamen,
339 2877 382 2938 qui
399 2891 428 2925 ea
445 2883 534 2926 cuncta
551 2879 634 2927 adesse
646 2895 690 2942 pu·
732 2880 787 2924 tam
805 2876 858 2924 leri.
884 2874 959 2924 Ratio
973 2874 1024 2921 viui
1035 2876 1168 2934 condendi,
1179 2879 1283 2925 etvaria

141 2959 200 3001 tent.
243 2955 300 3016 Ego
331 2969 376 3017 pro
406 2955 515 3005 carmine
546 2956 691 3006 scholastico
732 2954 847 3003 vinorum
864 2970 956 3018 genera
972 2956 1030 3004 satis
1046 2957 1146 3019 cognita
1162 2964 1234 3005 erant
1250 2974 1282 3007 ex

141 3033 226 3081 habeo.
261 3033 359 3082 Thema
375 3033 432 3083 fuit:
451 3036 579 3084 Horatius
596 3037 690 3087 Maece·
732 3034 843 3083 Horatio.
880 3036 980 3085 &secu
1001 3041 1084 3085 autem
1100 3042 1175 3095 testa,
1191 3036 1212 3085 si
1229 3052 1282 3087 esse

140 3114 361 3173 scientissimus,
378 3119 457 3163 metro
475 3115 607 3177 Sapphico.
731 3115 818 3164 debeat
826 3115 951 3172 Cassiano,
959 3115 1017 3163 satis
1026 3115 1130 3164 obscure
1138 3116 1280 3166 dictumest.

178 3194 234 3241 Vile
246 3195 348 3256 potabis
365 3195 469 3243 modicis
487 3195 610 3242 Sabinum
624 3195 689 3244 Cun-
764 3198 853 3244 Datus
868 3199 896 3245 in
915 3198 1014 3245 theatro
1033 3199 1120 3255 Quam
1139 3198 1187 3246 tibi
1204 3200 1279 3260 plau-

141 3273 231 3320 tbrnis.
270 3273 384 3322 Diomed.
415 3288 472 3336 pag.
502 3273 559 3322 521.
588 3275 689 3323 nsodice.
731 3289 778 3324 aas.
813 3277 905 3339 Lepide
922 3276 1016 3324 fictum.
1051 3277 1159 3325 Romani
1175 3291 1227 3325 non
1244 3285 1279 3327 te·

141 3349 239 3398 Auctor
266 3359 385 3415 perpetuo
409 3358 466 3401 ante
492 3352 577 3400 oculos
603 3352 690 3400 habuit
731 3369 797 3403 mere
814 3354 887 3402 alicui
903 3354 1099 3416 applaudebant,
1116 3356 1162 3403 nisi
1173 3370 1227 3404 rem
1239 3371 1280 3418 po-

140 3428 238 3477 Horatii
254 3430 276 3478 Ι.
294 3431 375 3493 Epist.
392 3433 416 3480 5.
450 3432 491 3479 Ita
512 3432 577 3494 quod
595 3432 689 3494 scripsit
730 3432 789 3496 pulo
806 3433 972 3495 gratissimam
989 3431 1092 3481 fecisset.
1127 3433 1215 3482 Talem
1227 3450 1281 3483 rem

139 3509 187 3556 vile
204 3511 303 3571 potabis
321 3512 452 3572 Sabinam,
476 3511 503 3558 in
523 3511 601 3574 Epist.
623 3513 646 3560 5.
665 3513 688 3560 4.
730 3512 838 3560 historici
854 3513 906 3560 sine
923 3510 998 3559 dubio
1014 3511 1146 3560 memoriae
1161 3512 1280 3574 prodidis-

144 3587 211 3633 Vina
223 3588 289 3634 bibes
300 3589 392 3636 iterum
406 3590 491 3638 Tauro
502 3589 612 3652 dipt'uaa:
624 3591 688 3652 quod
730 3598 796 3649 sent,
814 3591 965 3641 Scholiastae
987 3590 1018 3638 ab
1038 3591 1217 3654 antiquioribus
1241 3594 1278 3640 in·

139 3663 180 3710 hic
197 3665 290 3714 ntodiee
303 3668 431 3724 canthari,
445 3667 472 3714 in
483 3667 562 3730 Epist.
575 3669 600 3717 5.
611 3669 635 3716 2.
651 3675 689 3718 est
730 3671 877 3735 terpretibus
894 3671 1048 3729 didicissent,
1070 3685 1121 3733 qua
1141 3670 1173 3719 de
1192 3685 1281 3719 caussa

139 3745 235 3792 orodiea
248 3744 353 3807 petella.
378 3745 438 3794 Vox
453 3747 593 3795 cantharas
612 3747 687 3796 etiam
729 3750 868 3799 Maecenati
889 3748 1023 3812 singularis
1045 3749 1092 3797 iste
1113 3748 1191 3796 honos
1213 3763 1280 3796 nune

138 3821 163 3868 in
189 3822 270 3884 Epist.
295 3823 389 3886 legitur
414 3826 438 3874 5.
464 3826 504 3875 23.
526 3842 570 3876 nec
591 3843 640 3876 non
663 3835 688 3878 et
729 3835 792 3877 esset
817 3828 929 3886 habitus,
954 3835 1102 3890 tantumque
1126 3827 1149 3875 ei
1169 3827 1279 3875 studium

138 3903 279 3950 cantharus
304 3908 329 3951 et
357 3904 419 3952 lanx
447 3906 572 3954 Ostendat
594 3908 641 3955 tibi
655 3912 686 3956 te.
728 3906 817 3968 plausu
850 3906 911 3955 adeo
943 3905 1082 3954 vehementi
1116 3903 1279 3956 declaratum.

138 3981 211 4042 Quod
228 3983 276 4030 alio
293 3983 392 4046 quidem
408 3983 463 4032 loco
480 3990 505 4033 et
520 3990 631 4049 tempore
647 3986 685 4034 ni·
728 3984 822 4033 Tacent
853 3983 976 4041 historici,
1005 3988 1089 4030 tacent
1116 3981 1278 4032 scholiastae.

138 4059 173 4107 hil
198 4061 304 4119 valeret,
329 4062 369 4110 hie
394 4063 502 4112 multum
528 4064 602 4114 valet.
637 4064 686 4116 Sed
727 4063 776 4120 Hi,
794 4069 822 4110 ut
838 4079 862 4110 v.
880 4077 901 4110 c.
924 4062 1021 4112 Comm.
1045 4060 1123 4123 Cruq.
1146 4066 1279 4109 annotant:

138 4138 257 4188 Horatius
271 4141 384 4190 adhibuit
402 4147 553 4193 cantharam
567 4145 642 4194 solita
654 4145 685 4193 si·
729 4145 798 4192 Clari
818 4146 870 4193 oiri
892 4149 916 4192 et
935 4143 1028 4206 populo
1048 4142 1118 4203 greti
1134 4143 1161 4188 iu
1179 4143 1280 4190 theatro

138 4217 307 4278 gnificatione,
330 4220 448 4281 poculum
465 4229 578 4271 ansatum
593 4223 684 4272 intelli·
726 4230 751 4273 et
769 4225 880 4287 publicis
901 4222 1050 4285 spectaculis
1066 4221 1149 4282 excipi
1166 4222 1278 4270 solebant

138 4311 198 4359 gens
215 4297 308 4356 maius,
325 4313 357 4346 ex
376 4312 424 4360 quo
441 4314 490 4347 non
507 4300 622 4350 bibebant
638 4304 684 4352 nisi
726 4320 815 4368 magno
832 4305 921 4367 populi
935 4303 1030 4364 plausu
1048 4308 1073 4350 et
1090 4302 1276 4350 acclamatione.

13 4670 201 4904 λ,
