2916 5220
651 330 968 394 (irlltllllNUll

426 526 457 604 l,
477 523 577 607 parles
600 543 658 606 quo
682 531 711 584 to
733 524 868 605 raptum
892 529 920 583 et
944 540 1058 600 terroe,

421 626 509 689 Dum
521 623 617 709 secret
639 645 704 687 moso
726 632 755 687 et
788 624 907 687 Verum:
934 625 945 686 r‘
966 620 1100 686 seeomlo

429 729 536 792 Omine
558 737 588 792 et
610 731 713 792 nostri
735 747 896 791 memorem
919 725 1062 810 sepulcro

514 828 629 915 Seelpe
647 829 810 916 querelam.

244 1023 409 1085 pronuntiata.
445 1021 592 1072 Heinrichio
619 1022 650 1069 ad
678 1020 791 1070 Ciccrcn.
833 1022 938 1085 Lynceo
964 1028 993 1068 ut
1024 1034 1101 1083 quam
1125 1016 1254 1067 celerrime
1280 1013 1385 1077 fugeret.

244 1099 315 1150 Orat.
336 1116 381 1164 pro
402 1101 497 1151 Scauro
518 1116 541 1163 p.
564 1102 619 1149 lll.
645 1115 695 1148 non
715 1114 789 1163 quae-
833 1101 963 1162 Quomodo
980 1100 1031 1148 iam
1043 1099 1124 1147 dicere
1134 1103 1226 1160 potest:
1243 1093 1328 1142 incide
1339 1093 1386 1154 epi-

244 1182 349 1229 rendum
375 1182 488 1237 videtur,
513 1187 569 1229 ante
595 1180 706 1228 vocalem
731 1180 791 1242 quid
834 1180 947 1243 taphium
963 1181 989 1228 in
1007 1193 1062 1227 meo
1078 1177 1207 1240 sepulcro?
1225 1174 1317 1236 Neque
1328 1171 1386 1219 scic·

243 1260 301 1322 poni
325 1267 452 1324 oporteat,
477 1259 519 1308 sed
545 1259 575 1307 dc
600 1264 696 1307 caetero
721 1258 792 1306 unice
834 1260 876 1308 bat
901 1260 961 1323 quid
979 1267 1051 1322 pater
1072 1259 1103 1307 de
1123 1271 1149 1306 se
1169 1259 1234 1304 esset
1254 1252 1386 1305 facturus,

244 1339 395 1387 audiendum
413 1353 465 1387 esse
480 1337 631 1387 Bentloium.
833 1338 885 1386 sive
907 1339 1000 1386 catenis
1022 1340 1149 1395 oneraret,
1173 1333 1225 1382 sive
1246 1332 1273 1380 in
1295 1331 1386 1379 Numi·

276 1419 306 1474 I,
325 1419 402 1479 pedes
421 1432 470 1479 qao
491 1422 515 1465 te
535 1419 643 1477 ropiumt
664 1420 689 1463 et
706 1429 791 1463 ouroe.
832 1416 900 1465 diam
916 1416 1051 1479 ablegaret.
1084 1414 1192 1471 Mirum,
1215 1412 1282 1476 quod
1300 1416 1387 1458 auctor

243 1494 340 1542 Versus
356 1493 455 1542 conflati
467 1501 525 1541 sunt
538 1508 570 1542 cx
581 1493 685 1541 Horatio
696 1498 721 1541 et
733 1491 792 1542 Ovi·
831 1496 913 1558 ipsum
931 1495 1084 1560 epitaphium
1100 1508 1151 1542 non
1168 1491 1280 1540 addidit!
1316 1489 1386 1537 Male

243 1574 289 1621 dio.
308 1573 428 1621 Horatius
438 1572 513 1621 XVI.
523 1572 649 1635 Epod21.
666 1573 711 1621 Ire
719 1574 793 1634 pedes
832 1574 942 1622 imitatus
966 1580 1004 1622 est
1030 1572 1154 1623 Ovidium.
1188 1568 1295 1619 Ovidius
1317 1569 1384 1617 enim

242 1668 395 1715 quaerunque
404 1652 504 1714 sereret,
520 1666 672 1714 pirorumque
685 1666 732 1714 per
747 1667 792 1699 ren·
831 1652 895 1700 illud
913 1653 943 1701 de
959 1652 1087 1716 sepultura
1103 1651 1134 1699 ad
1151 1649 1263 1712 aliquam
1280 1648 1336 1696 veri
1353 1647 1384 1694 si·

242 1734 288 1779 dos
306 1734 390 1780 Notus
406 1733 503 1779 vocabit
519 1736 566 1778 out
576 1735 710 1791 proterere
719 1729 790 1792 Afri·
832 1732 998 1781 militudinem
1023 1732 1103 1780 fiuxit.
1137 1730 1235 1792 Nempe
1262 1742 1300 1775 vs.
1332 1728 1384 1775 125.

242 1824 293 1858 cus.
311 1809 374 1857 Alia
381 1823 413 1857 ex
422 1807 505 1858 Ovidii
513 1808 628 1871 Epistola
635 1808 791 1871 Hypermnc-
836 1814 882 1860 Vel
890 1812 938 1874 fer
954 1827 1031 1874 opem,
1048 1812 1086 1859 uel
1102 1811 1163 1858 derle
1175 1809 1239 1867 neci,
1250 1806 1384 1869 dej'unoto-

243 1895 309 1937 strae
325 1888 441 1951 Lynceo:
460 1890 532 1936 Dum
549 1903 599 1935 ror
615 1889 686 1943 sirit,
701 1889 790 1950 rffuoa
830 1905 878 1951 que
888 1892 943 1938 vito
962 1889 1076 1952 Corpora
1079 1888 1194 1950 furtivis
1204 1888 1313 1947 insuper
1322 1887 1386 1933 udde

242 1969 305 2016 dici.
340 1966 455 2029 Denique
471 1966 561 2015 Horat.
578 1966 628 2015 ΙΙΙ.
648 1965 732 2015 Carm.
749 1967 790 2017 27.
831 1971 905 2031 rapis.
938 1970 973 2018 Et
989 1969 1066 2031 sepeli
1075 1967 1194 2029 lacrymis
1204 1963 1314 2027 perfusa
1318 1963 1384 2026 fide·

241 2046 303 2095 bene
320 2045 461 2108 scripserat:
480 2046 519 2093 Et
535 2061 627 2094 rueruor
644 2047 726 2094 rostri
738 2047 790 2094 Gn·
832 2049 896 2096 tibur
906 2062 971 2109 osso,
984 2049 1134 2110 Scriptaque
1143 2047 1196 2094 sint
1208 2045 1285 2092 titulo
1294 2048 1384 2091 nostro

240 2126 309 2172 luteo
325 2125 404 2172 viror.
432 2123 519 2170 Minus
535 2123 596 2172 bene
613 2125 654 2172 hic
671 2126 790 2186 scriptum
829 2129 947 2189 sepulcra
963 2129 1038 2176 breui.
1065 2125 1107 2176 Sic
1117 2126 1234 2187 Lynceus
1245 2137 1302 2171 eam
1314 2129 1384 2185 pote·

241 2211 278 2252 est
303 2206 404 2266 querela
428 2206 509 2252 nostri
526 2220 625 2254 mernor.
658 2205 790 2265 Horatius,
830 2211 870 2252 rat
890 2205 993 2268 sepelire
1017 2211 1042 2254 et
1064 2204 1171 2252 scribere
1187 2201 1281 2265 aliquid
1300 2202 1328 2248 in
1345 2215 1382 2248 se-

242 2283 328 2339 credo,
343 2283 428 2345 potius
444 2282 580 2344 scripsisset
598 2286 647 2344 Tu,
658 2287 791 2346 pedesque
829 2284 925 2346 pulcre.
965 2284 1072 2335 Guietus
1098 2299 1196 2347 quoque
1220 2297 1267 2345 pro
1292 2283 1384 2344 spuriis

243 2369 268 2412 te
291 2365 399 2424 rapiunt
416 2367 441 2410 et
458 2377 550 2421 auree,
569 2365 640 2411 Duru
650 2363 726 2424 fovet
743 2379 792 2412 noe
830 2361 911 2411 habet.
953 2363 1053 2412 Interea
1082 2364 1143 2412 haec
1167 2363 1256 2426 legisse
1281 2363 1384 2410 videtur

241 2447 266 2490 et
287 2444 383 2498 Venas,
403 2442 414 2489 i
434 2443 540 2490 secondo
562 2454 597 2502 sq.
632 2441 674 2490 Sic
691 2442 791 2504 strophe
830 2441 959 2491 Ausonius
982 2442 1050 2490 Prof.
1072 2442 1177 2504 Burdig.
1199 2441 1264 2490 VII.
1299 2443 1383 2489 Flebi-

242 2521 399 2584 responderet
417 2520 578 2568 antecedenti.
830 2523 877 2570 lem
904 2528 1007 2571 comtum
1033 2523 1149 2570 memoris
1176 2523 1299 2584 querelae.
1343 2521 1384 2568 Dc

282 2602 374 2649 Nostri
398 2615 528 2648 omitterem
552 2600 667 2661 sepulcro
698 2602 791 2663 Sculpe
828 2603 914 2663 sculpe
934 2607 959 2649 ct
980 2605 1065 2662 sculpe
1084 2601 1141 2649 vide
1161 2601 1303 2649 Burmann.
1325 2602 1382 2650 An·

240 2681 374 2740 querelam.
416 2677 502 2726 Verba
527 2678 626 2740 inepta!
671 2678 790 2728 suaserat
808 2729 810 2746 Ι
829 2679 890 2728 thol.
909 2680 939 2728 T.
957 2680 1035 2743 11.p.
1053 2680 1108 2728 483.

726 2823 888 2851 -oco—

625 2949 869 3016 OARMEN
915 2953 993 3018 XI.

290 3112 307 3143 ¹
332 3088 537 3169 Miserarum
552 3109 619 3186 est,
637 3127 741 3190 neque
757 3106 860 3170 amori
876 3107 952 3173 dare
968 3108 1100 3191 ludum,
1117 3131 1221 3194 neque
1234 3110 1328 3176 dulci

331 3207 420 3270 Mala
443 3206 520 3271 vino
543 3207 667 3289 lavere,
690 3206 750 3272 aut
772 3208 969 3293 exanimari,
994 3216 1177 3277 metuentes

331 3311 471 3375 Patruae
495 3310 628 3375 verbera
651 3310 792 3396 linguae.
840 3313 911 3377 Tibi
936 3314 1070 3398 qualum
1095 3315 1275 3399 Cythereae

331 3413 417 3477 Puer
439 3413 526 3495 ales,
551 3412 613 3477 tibi
638 3414 719 3479 telas
744 3436 960 3500 operosaeque
983 3416 1150 3482 Minervae

333 3515 487 3580 Studium
508 3517 632 3600 aufert,
657 3517 821 3600 Neobule,
846 3519 976 3604 Liparei
1000 3519 1087 3585 nitor
1111 3521 1231 3605 Hebri,

332 3617 439 3682 Simul
462 3626 579 3684 unctos
603 3620 762 3686 Tiberinis
786 3622 938 3688 humeros
962 3623 1045 3689 lavit
1067 3624 1103 3688 in
1126 3625 1243 3709 undis,

399 3797 552 3847 CARMEN
569 3800 632 3848 XII.
832 3775 900 3826 Coit.
918 3777 950 3824 ad
966 3777 1061 3826 Lucan.
1078 3777 1101 3826 Ι.
1126 3777 1183 3826 350.
1209 3784 1233 3827 et
1258 3794 1324 3842 quae
1351 3784 1382 3830 ad

832 3869 931 3905 carmen
960 3859 1106 3906 antecedens
1134 3859 1225 3907 notavi.
1277 3862 1383 3910 Lunam

272 3893 455 3977 Miserarum
472 3936 521 3988 est,
539 3945 617 3993 meque
634 3933 715 3980 errori
731 3934 793 3981 dore
831 3937 913 3984 ornori
941 3937 1003 3985 dore
1027 3936 1141 3999 exposuit
1173 3938 1314 3987 Burmann.
1351 3942 1383 3988 ad

243 4007 338 4054 ludiim.
373 4007 427 4055 Alii
448 4023 500 4058 mec.
536 4011 624 4071 Neque
646 4009 722 4057 habet
743 4010 790 4058 Tc·
832 4012 938 4061 Phaedr.
965 4014 1000 4063 Il.
1030 4016 1067 4063 14.
1110 4015 1198 4066 Cicero
1221 4031 1268 4079 pro
1294 4017 1383 4069 Coelio

241 4091 303 4132 rent.
342 4085 449 4134 Maurus
474 4102 512 4135 vs.
538 4088 612 4139 2067.
647 4089 690 4137 ubi
724 4095 791 4138 recte
831 4106 883 4155 cap.
904 4095 940 4142 12.
974 4097 1066 4142 Aetati
1083 4097 1173 4143 lardum
1188 4098 1259 4146 dare.

242 4163 418 4212 animadvertit
431 4164 661 4229 Santeniuspo'etas
672 4167 790 4216 maluisse
862 4172 968 4233 Ltporei
984 4174 1053 4221 tritor
1066 4175 1157 4223 Hebri.
1188 4175 1267 4224 Multi
1278 4177 1383 4224 nomina

241 4256 318 4302 neque
335 4249 392 4291 ante
412 4244 534 4301 vocalem,
551 4259 623 4308 saepe
640 4246 672 4293 ab
688 4247 718 4294 iis
735 4262 788 4294 mu·
830 4248 962 4298 fluviorum
984 4251 1117 4301 habebant.
1152 4256 1257 4304 Hebrus
1282 4269 1382 4318 quoquc

242 4324 333 4377 tatum,
351 4322 393 4382 qui
410 4336 461 4368 non
476 4323 690 4375 habehanteurcs.
717 4326 788 4376 Oonf.
829 4333 866 4375 cst
883 4328 1054 4389 apudValcr.
1072 4331 1288 4384 alcanatre.
1318 4335 1381 4384 Vid.
