2916 5220
241 295 272 334 lv

240 456 310 511 dum
336 455 447 511 selecta
473 453 593 509 Horatii
620 452 753 508 earmina
779 453 1005 528 interpretarer.
1049 454 1108 510 llic
1139 473 1209 511 vero
1238 466 1386 530 expertus

238 568 321 619 sum,
354 549 427 621 quid
452 549 490 605 sit
516 549 630 604 discere
658 548 807 618 docendo,
836 558 867 604 et
895 567 985 621 quam
1012 551 1105 623 probe
1134 560 1162 605 te
1185 550 1283 624 ipsum
1306 550 1385 607 scire

240 652 391 719 oporteat,
424 645 504 716 quod
530 643 596 699 aliis
623 652 704 699 recte
732 645 852 700 tradere
879 645 965 700 velis.
1008 642 1123 700 Versus
1151 653 1181 700 et
1207 645 1288 701 dieta
1314 651 1387 720 pob-

240 749 339 795 tarum
360 739 442 794 clara
462 757 535 794 voce
558 756 680 807 sonare,
704 738 803 794 animo
825 740 864 794 ad
890 740 1040 813 lacrymas
1065 757 1160 811 usque
1188 742 1384 810 commoveri,

241 853 300 890 non
322 841 369 889 est
390 833 518 889 difficile.
552 833 612 892 Sed
633 834 798 889 eorundem
819 852 960 890 versuum
982 843 1013 889 et
1034 834 1181 890 dictorum
1203 837 1385 892 sententiam

240 927 416 1002 simpliciter
438 937 468 984 et
490 928 648 1002 perspicue
671 946 827 997 enarrare,
855 929 990 985 obiectas
1018 929 1207 986 difficultates
1229 931 1272 986 ita
1293 951 1386 1005 expo-

240 1023 320 1092 dire,
343 1031 377 1078 ut
398 1023 452 1078 tibi
475 1023 540 1096 ipse
563 1031 593 1079 et
615 1032 644 1078 te
667 1023 844 1096 rogantibus
866 1023 1048 1093 satisfacias,
1072 1024 1128 1079 hoc
1150 1044 1239 1099 saepe
1262 1045 1321 1082 non
1344 1027 1386 1082 fa-

241 1119 298 1174 cile
325 1128 378 1173 est.
426 1116 479 1172 Me
507 1118 628 1189 quidem
655 1118 762 1187 multa,
797 1135 875 1190 quae
902 1119 1041 1174 recitanti
1069 1119 1160 1191 plana
1186 1119 1383 1189 videbantur,

241 1212 443 1285 explicantem
464 1211 644 1267 retinebant.
688 1210 842 1269 consultis
864 1213 1092 1288 interpretibus,
1116 1213 1255 1269 Bentleio
1277 1215 1383 1284 etiam,

242 1307 353 1380 quiquo
375 1316 443 1382 post
464 1307 636 1363 Bentleium
658 1308 815 1377 exstitere,
831 1309 974 1365 incertior
989 1311 1164 1383 plerumque
1180 1329 1275 1371 eram,
1292 1328 1382 1380 quarn

241 1411 340 1458 antea.
383 1402 420 1459 In
441 1404 606 1460 sententias
629 1404 707 1459 enirn
730 1405 820 1479 plane
842 1406 1008 1462 contrarias
1030 1406 1233 1475 discedentes,
1256 1426 1313 1461 11011
1332 1407 1384 1460 mi-

242 1516 297 1554 nus
319 1498 355 1552 de
377 1499 537 1554 verborum
558 1518 631 1554 vera
652 1499 795 1569 lectione,
812 1518 902 1572 quam
917 1500 1133 1574 significatione
1150 1500 1382 1555 contendebant.

242 1593 349 1664 ltaque
372 1593 436 1667 ipse
459 1594 631 1649 meditando
654 1595 768 1666 aliquid
788 1596 923 1651 invenire
946 1604 1080 1663 coactus,
1103 1595 1200 1650 locum
1223 1595 1309 1649 modo
1326 1594 1383 1648 dis-

241 1687 399 1757 tinctione,
423 1688 510 1743 modo
533 1689 706 1745 coniectura
728 1689 952 1765 explanavisse,
976 1689 1121 1743 nonnulla
1142 1689 1287 1760 denique,
1304 1706 1381 1759 quae

241 1782 422 1855 interpretes
444 1800 502 1837 non
524 1783 812 1854 animadverterant,
834 1782 1080 1839 animadvertisse
1102 1782 1173 1837 mihi
1195 1783 1329 1838 videbar.

283 1875 446 1931 Fortunam
469 1877 564 1951 primo
586 1878 655 1934 huic
676 1879 773 1935 labori
796 1878 946 1934 faventem
968 1893 1022 1950 pro
1045 1876 1142 1931 omine
1163 1877 1268 1946 habui,
1286 1886 1316 1932 et
1332 1896 1383 1950 po-

241 1971 299 2027 sito
326 1970 424 2041 initia,
448 1972 619 2028 instandum
642 1981 736 2039 ratus,
761 1979 881 2028 caetera
903 1990 968 2027 esse
983 1980 1125 2026 secutura
1140 1973 1307 2044 sperabam.
1331 1973 1381 2026 Ab

243 2084 278 2122 eo
300 2066 369 2122 inde
392 2075 526 2140 tempore
549 2067 587 2122 ad
609 2067 769 2123 Horatium
792 2066 897 2134 retuli,
920 2082 998 2137 quae
1021 2063 1156 2122 Graecos
1172 2065 1381 2137 Romanosque

243 2161 404 2234 scriptores
426 2161 599 2235 perlegens,
622 2161 661 2216 ad
684 2179 746 2216 rem
768 2159 920 2233 pertinere
944 2159 1127 2228 arbitrabar,
1144 2160 1234 2230 idque
1251 2160 1381 2215 studium

242 2256 354 2311 Rector
386 2253 544 2329 Gymnasii
577 2255 793 2311 Doccumensis
826 2253 933 2308 deinde
962 2252 1168 2309 Harlemensis
1194 2255 1381 2321 continuavi,

243 2368 340 2422 neque
363 2349 476 2406 Leidae
498 2351 540 2406 ita
562 2350 696 2423 neglexi,
720 2358 754 2405 ut
775 2349 920 2404 Horatius
943 2366 1001 2402 non
1024 2356 1104 2403 esset
1125 2349 1217 2404 otium
1239 2368 1337 2405 meum
1353 2360 1381 2404 et

242 2445 280 2502 ab
303 2445 370 2500 aliis
392 2444 546 2501 literarum
569 2444 834 2501 exercitationibus
857 2452 1007 2515 tamquam
1022 2461 1165 2499 secessus.
1200 2444 1280 2499 Hinc
1296 2444 1381 2507 mihi,

243 2539 333 2594 etiam
355 2539 415 2594 alia
437 2538 555 2612 agenti,
579 2548 664 2594 tanta
684 2539 911 2595 annotationum
926 2539 1106 2594 nascebatur
1122 2539 1222 2610 copia,
1239 2558 1293 2612 per
1308 2557 1384 2594 mar-

243 2633 327 2707 gines
344 2633 496 2688 variorum
518 2633 723 2706 exemplorum
738 2634 886 2708 dispersa,
903 2642 937 2688 ut
951 2634 989 2688 ab
1005 2633 1062 2687 ista
1076 2632 1199 2687 materie
1215 2633 1384 2687 ordinanda

243 2727 458 2801 propemodum
486 2728 663 2783 deterrerer.
706 2727 748 2784 Et
778 2728 835 2784 hoe
863 2727 936 2782 mihi
961 2727 1105 2801 imprimis
1130 2727 1323 2782 iniucundum
1353 2738 1384 2782 et

244 2821 329 2876 triste
352 2821 523 2891 accidebat,
547 2823 641 2893 quod,
664 2822 801 2895 quamvis
822 2821 966 2877 nonnulla
987 2821 1030 2876 ita
1051 2840 1097 2876 me
1120 2821 1315 2877 illustravisso
1332 2843 1386 2896 pu·

243 2923 353 2984 tarem,
384 2923 417 2970 ut
443 2915 569 2971 fortasse
597 2917 635 2972 ab
659 2917 764 2972 harum
786 2934 885 2972 rerum
907 2914 1145 2988 intelligentibus
1168 2918 1383 2989 probarentur,

244 3010 331 3084 plura
353 3018 453 3065 tamen
476 3011 686 3079 remanebant,
710 3029 787 3083 quae
802 3029 848 3066 me
864 3028 982 3083 semper
996 3019 1194 3065 morarentur.
1228 3011 1386 3084 Quidquid

243 3123 364 3178 agerem
386 3113 416 3159 et
438 3113 599 3175 tentarem,
622 3105 721 3161 omnia
743 3112 830 3160 erant
860 3104 978 3178 ingrata
1007 3113 1038 3160 et
1069 3104 1164 3159 irrita.
1206 3106 1290 3161 Nihil
1324 3125 1384 3162 non

243 3200 337 3269 movi,
361 3200 496 3273 promovi
518 3201 602 3256 nihil.
645 3199 704 3255 Vel
737 3199 865 3273 primum
897 3199 998 3254 statim
1032 3216 1168 3268 carmen,
1191 3201 1305 3254 oerrties
1328 3200 1386 3256 for-

243 3305 322 3351 tasse
345 3294 468 3365 lectum,
488 3296 518 3350 in
541 3314 644 3351 omnes
666 3303 767 3369 partes
789 3302 941 3350 versatum
965 3302 995 3349 et
1021 3312 1193 3359 excussum,
1218 3313 1275 3348 non
1294 3295 1385 3367 plano

243 3389 457 3462 intelligebam.

286 3483 383 3556 Quam
413 3502 477 3539 esse
505 3484 637 3540 dicemus
669 3484 759 3539 liuius
787 3483 830 3538 rei
863 3481 1016 3539 caussam?
1063 3482 1289 3540 Obscuritatem
1315 3485 1387 3541 seri-

244 3575 357 3652 ptoris?
400 3577 461 3636 Sed
493 3578 549 3633 hoc
582 3579 655 3634 vitio
688 3577 792 3651 optimi
825 3583 932 3651 poetae
956 3577 1085 3634 Romani
1108 3596 1167 3633 non
1189 3579 1384 3649 laborabant,

244 3672 363 3728 minime
380 3672 536 3740 Horatius,
557 3673 637 3744 quod
648 3672 678 3726 in
695 3689 730 3726 eo
747 3672 837 3727 etiam
852 3672 958 3727 laudat
974 3672 1145 3730 Suetonius.
1178 3673 1385 3745 Ignorantiam

245 3764 385 3823 lectoris?
419 3766 451 3824 Si
472 3766 585 3840 primus
608 3785 663 3840 ego
685 3766 723 3822 ad
744 3766 801 3821 11οο
818 3784 937 3822 carmen
955 3767 1167 3841 explicandum
1183 3768 1385 3837 accessissem,

245 3862 333 3918 facile
359 3862 425 3917 fieri
446 3870 580 3935 poterat,
603 3869 637 3917 ut
652 3880 698 3917 me
713 3862 808 3917 multa
822 3861 991 3918 latuissent.
1029 3861 1090 3920 Sed
1105 3862 1259 3934 quingenti
1276 3871 1307 3919 et
1321 3864 1387 3937 plu-

245 3977 292 4014 res
319 3958 560 4032 explicaverunt,
588 3959 619 4014 in
646 3958 692 4014 his
719 3958 804 4014 multi
831 3976 927 4013 novae
957 3958 1124 4013 sententiae
1147 3967 1298 4027 auctores,
1321 3960 1387 4032 plu-

245 4052 313 4106 rimi
338 4053 415 4108 hane
443 4053 491 4108 vel
522 4053 602 4109 illam
628 4053 808 4109 sententiam
829 4053 992 4108 verbovel
1015 4052 1118 4108 addita
1139 4053 1255 4108 ratione
1278 4054 1384 4109 secuti.

246 4145 312 4219 Ego
332 4147 445 4203 accessi
471 4148 603 4204 ultimus.
647 4148 806 4204 Horatium
839 4155 873 4202 ut
903 4147 1011 4220 digitos
1043 4147 1127 4217 novi,
1161 4147 1321 4203 Horatium
1355 4149 1384 4204 in

247 4258 368 4297 succum
393 4249 423 4295 et
448 4242 623 4314 sanguinem
645 4242 795 4310 converti,
823 4260 889 4298 cum
912 4241 1118 4316 scriptoribus
1127 4241 1255 4299 Graecis
1279 4244 1387 4300 01110-

247 4334 343 4391 manis
371 4335 555 4409 comparavi:
581 4337 693 4392 nullam
722 4337 753 4392 in
780 4347 864 4395 tanta
891 4340 1037 4396 varietate
1068 4340 1248 4397 sententiam
1282 4359 1385 4396 veram
