2916 5220
608 318 783 380 LIBER
830 319 855 379 l.

349 507 537 590 Temperiem
559 507 635 568 cites
663 523 758 587 aeque
784 504 950 566 Formiani

433 607 556 672 Pocula
580 605 680 670 colle.

163 759 230 807 bibes
255 756 384 820 flagitabat
409 764 524 806 metrum.
567 758 598 805 In
628 757 714 805 eodem
734 764 736 791 ¹
756 757 854 804 lernum
872 769 917 803 nec
928 755 1098 803 Formianum.
1130 755 1303 804 straminum

162 836 350 896 carmine,looo
363 837 437 885 valde
448 836 537 893 vicino,
548 836 655 898 legimus
666 839 714 884 Po·
755 842 819 884 esset
835 835 917 883 multo
933 835 1035 883 minoris
1053 835 1132 897 pretii,
1150 849 1225 897 quam
1243 834 1304 884 Cac-

163 919 228 964 iubis
242 917 378 974 Sabinum,
391 917 457 964 bibes
472 915 625 973 Caecubum,
639 928 715 976 eaque
734 950 736 971 ,
756 915 864 972 cubum,
881 914 916 962 ita
933 914 1010 977 accipi
1026 922 1118 977 posset:
1139 929 1185 976 ogo
1205 929 1236 961 nc
1257 915 1304 961 Fa-

165 992 274 1040 sieerunt
290 993 489 1056 interpretanda:
507 992 602 1055 “Apud
618 1007 657 1040 mc
671 993 714 1041 Sa·
734 984 736 1019 ³
756 995 854 1042 lemum
878 993 976 1056 quidem
1002 993 1087 1041 habeo.
1131 993 1180 1042 Sed
1205 992 1304 1039 suerum

165 1069 251 1120 binum
281 1072 362 1130 bibes,
392 1073 505 1134 quamvis
530 1071 612 1120 bibere
637 1071 715 1120 soleas
756 1080 862 1135 quatuor
884 1072 933 1120 ista
953 1072 1005 1120 vini
1027 1087 1118 1135 genera
1140 1086 1216 1133 aeque
1234 1086 1303 1126 cara,

165 1148 309 1199 Caecubum
325 1151 392 1212 apud
409 1150 456 1198 te.''
490 1150 548 1198 Non
565 1156 616 1197 tam
630 1150 714 1198 obscu-
756 1158 783 1198 ut
800 1158 872 1214 puto,
890 1159 914 1200 et
931 1160 1021 1200 amata.
1055 1151 1142 1209 Vites,
1165 1151 1303 1212 aitpoeta,

166 1243 205 1277 rus
222 1235 261 1278 est
278 1228 406 1277 Horatius.
442 1228 590 1278 Sanadonus
607 1229 667 1277 adeo
689 1243 714 1277 se
755 1231 877 1280 Falernae
901 1246 951 1278 non
973 1237 1111 1294 temperant
1132 1245 1187 1278 mea
1207 1229 1303 1292 pocula.

167 1316 277 1357 eoactum
286 1309 374 1367 sensit,
384 1314 412 1355 ut
421 1308 637 1371 interpretaretur:
656 1309 714 1356 “Tu
734 1268 736 1366 i
755 1309 828 1371 Quod
845 1325 920 1373 quam
937 1311 1056 1359 Latinum
1074 1310 1116 1366 sit,
1139 1309 1180 1356 alii
1196 1308 1303 1356 videant.

167 1386 232 1437 bibes
250 1387 317 1450 apud
334 1401 373 1434 me
386 1386 529 1436 Caecubum
543 1394 567 1434 et
577 1387 715 1452 Calenum,
734 1379 735 1444 l
760 1391 908 1450 Temperare
924 1389 1048 1450 significat
1065 1388 1137 1435 alicui
1154 1388 1189 1435 rei
1200 1388 1302 1436 nimiam

167 1467 182 1514 si
195 1474 278 1516 tecum
292 1465 401 1514 ufferas.”
428 1467 712 1516 Doederliniusomnem
734 1455 736 1531 l
756 1469 805 1515 vim
816 1468 930 1516 adimere.
956 1466 1052 1514 Vinum
1065 1472 1216 1529 temperatur
1227 1482 1303 1529 aqua,

169 1546 306 1596 offensionis
328 1560 441 1594 caussam
459 1546 586 1594 sublatum
604 1547 634 1594 iri
651 1548 713 1595 exis·
734 1534 735 1594 l
755 1547 801 1594 nisi
822 1548 876 1608 quis
897 1548 962 1594 dicat
983 1546 1061 1609 frigus
1079 1561 1157 1608 aquae
1173 1547 1304 1608 temperari

162 1627 279 1683 timebat,
299 1627 319 1673 si
336 1640 380 1688 pro
397 1625 560 1688 relegeretur
571 1632 632 1674 tunt.
651 1625 712 1675 Mei·
755 1628 819 1676 vino.
855 1626 903 1675 Sed
924 1625 970 1673 hoc
992 1625 1111 1687 frigidum
1128 1632 1172 1673 est.
1207 1625 1301 1674 Tibull.

160 1706 251 1755 nekius
268 1719 327 1753 eum
339 1705 474 1752 rectissime
485 1705 619 1753 correxisse
630 1711 713 1767 putat,
734 1722 736 1765 g
755 1704 804 1753 III.
823 1706 846 1753 6.
882 1706 971 1753 Naida
988 1706 1108 1754 Bacchus
1130 1710 1208 1752 amet.
1245 1705 1303 1754 Ces-

159 1791 254 1833 rcstare
265 1790 348 1832 tamen
359 1785 385 1831 in
397 1784 444 1831 hoc
454 1784 564 1832 carmine
576 1784 713 1846 complura,
734 1772 736 1821 l
755 1799 804 1845 auc,
823 1801 836 1833 o
854 1787 918 1833 laute
935 1786 1060 1843 minister,
1081 1786 1211 1846 Temperet
1224 1801 1301 1833 arrae·

157 1863 283 1926 castigato
299 1863 371 1924 po'eta
387 1862 431 1909 vix
448 1863 506 1909 satis
525 1862 608 1924 digna.
734 1833 736 1907 i
755 1879 812 1912 suri
830 1865 935 1913 Murcia
953 1866 1056 1926 lympha
1074 1880 1176 1912 mierum.
1205 1865 1304 1913 Horatii

197 1944 355 2004 Temperuut
380 1943 445 1990 cites
477 1957 555 2003 raeque
584 1942 714 1989 Formiani
756 1942 805 1990 III.
824 1942 908 1992 Carm.
929 1942 965 1990 19,
994 1944 1058 2001 Quia
1074 1959 1166 2006 uquam
1184 1949 1303 2006 temperet

162 2023 261 2070 Pocula
272 2022 352 2070 eolles.
378 2021 436 2068 Non
448 2020 562 2083 intelligo
574 2021 624 2068 vim
637 2020 712 2068 huius
734 2056 736 2087 Ε
756 2023 867 2084 r'qrribue,
884 2035 933 2069 non
952 2021 981 2069 de
992 2021 1053 2069 vino
1064 2036 1116 2070 esse
1127 2023 1302 2085 accipiendum,

161 2098 330 2161 oppositionis.
356 2100 397 2148 Tu
415 2099 524 2163 quotidie
541 2099 603 2146 bibis
621 2099 713 2148 Caecu-
754 2099 913 2147 ostendimus.
939 2100 1016 2148 Recte
1028 2100 1141 2148 dixisset:
1148 2103 1238 2163 pontes
1250 2118 1303 2149 rueu

163 2176 221 2225 bum
236 2185 263 2227 'et
281 2178 416 2238 Calenum,
438 2193 484 2241 ego
504 2177 583 2227 habeo
605 2192 650 2225 nce
666 2179 713 2226 Fa·
734 2221 736 2235 ,
753 2181 843 2239 puerile
862 2184 1012 2240 temperent.
1051 2181 1120 2227 Vites
1136 2181 1248 2242 r'rupleat.

650 2337 812 2360 '‘⁸⁰00—

532 2415 777 2527 olutlsu
823 2462 918 2525 xxi.

342 2599 493 2678 Dianam
516 2619 645 2677 tenerae
668 2613 767 2678 dieite
791 2612 951 2697 virgines,

343 2718 536 2799 Intonsum‚
560 2717 671 2801 pueri,
701 2716 800 2781 dicite
827 2715 1008 2800 Cynthium

389 2819 615 2904 Latonamque
640 2841 791 2904 supremo

433 2923 598 2988 Dilectam
620 2923 753 3008 penitus
779 2923 859 2988 Iovi.

344 3029 410 3092 Vos
435 3028 557 3091 laetam
579 3026 689 3090 fluviis
713 3032 747 3091 et
770 3049 941 3091 nemorum
965 3050 1078 3109 coma,

345 3129 573 3215 Quaecumque
597 3134 655 3194 aut
677 3129 787 3214 gelido
811 3131 975 3214 prominet
998 3131 1141 3215 Algido,

387 3234 500 3319 Nigris
525 3239 583 3298 aut
607 3234 804 3316 Erymanthi

435 3337 553 3419 Silvis,
578 3343 637 3402 aut
659 3338 774 3402 viridis
800 3338 919 3421 Gragi:

342 3441 409 3505 Vos
434 3441 552 3525 Tempe
579 3441 717 3504 totidem
742 3440 850 3504 tollite
874 3441 1026 3505 laudibus

342 3544 578 3629 Natalemque,
602 3567 724 3627 mares,
751 3545 856 3608 Delon
885 3545 1070 3629 Apollinis,

316 3711 469 3761 CARMEN
488 3712 563 3760 XXI·
789 3685 971 3745 Natalemque‚
989 3698 1082 3741 uteres,
1107 3685 1184 3732 Delon
1204 3683 1301 3746 Apolli-

755 3764 802 3810 nis.
838 3762 920 3824 Supra
942 3761 1064 3810 allocutus
1090 3768 1126 3811 cst
1150 3765 1259 3825 viraines
1279 3770 1304 3810 et

196 3808 347 3891 Dilectum
360 3843 462 3904 penitus
478 3843 543 3890 Ioci.
571 3841 627 3888 Non
641 3840 713 3887 modo
755 3857 853 3904 pueros.
871 3843 938 3890 Tum
955 3843 1050 3905 pergit:
1069 3856 1111 3889 vos
1129 3842 1229 3889 laudate
1242 3841 1302 3889 Dia-

166 3934 308 3983 compressa
337 3920 368 3968 ob
396 3919 536 3975 libidinem,
561 3919 602 3966 sed
631 3925 713 3966 amata
755 3934 826 3978 nam,
844 3935 886 3967 vos
896 3920 1048 3982 Apollinem.
1067 3920 1143 3967 Nune
1154 3935 1236 3968 mures
1244 3920 1302 3967 otio-

161 4003 239 4049 etiarn
256 4005 310 4047 erat
332 4015 347 4046 a
367 3999 433 4047 Iove.
460 3999 548 4060 Itaque
569 4006 594 4046 et
616 4013 670 4045 aras
692 3999 714 4046 ei
755 4014 811 4045 sum
833 4005 885 4054 est,
912 4005 936 4045 et
958 3998 1011 4059 ipsa
1036 4012 1087 4044 vox
1110 4012 1198 4058 pmum
1222 4006 1301 4060 grata

161 4079 221 4143 poni
240 4092 326 4141 passus
344 4084 392 4134 est,
415 4078 479 4148 quod
501 4077 553 4124 aliis
571 4077 713 4125 concubinis
755 4078 838 4126 Multa
860 4076 981 4123 vocabula
1004 4091 1075 4138 saepe
1092 4084 1209 4137 corrupta
1231 4086 1302 4134 sunt,

161 4171 212 4204 non
227 4155 322 4204 accidit.
340 4155 399 4204 Vid.
410 4154 481 4204 Ovid.
493 4156 541 4205 XI.
558 4157 659 4204 Heroid.
674 4157 713 4204 59.
755 4155 903 4217 transposita
925 4169 968 4216 per
990 4155 1166 4217 negligentiam
1189 4156 1300 4204 librario-

162 4236 211 4283 VI.
223 4236 326 4283 Metam.
341 4235 398 4282 321.
416 4240 440 4281 ct
458 4235 591 4296 Spnnhem.
610 4236 641 4282 ad
653 4234 711 4283 Cal·
756 4249 810 4281 rum
829 4249 879 4281 una
896 4233 1004 4282 alterave
1021 4234 1105 4296 litera,
1119 4235 1184 4283 unde
1201 4237 1299 4285 tandem

163 4314 218 4360 lim.
238 4327 294 4375 pag.
313 4313 368 4359 524.
396 4313 465 4360 Haec
483 4311 680 4375 Oudendorpius.
755 4313 931 4374 planenovum
943 4314 1091 4362 vocabulum
1104 4323 1185 4363 ortum
1197 4324 1240 4364 cst.
1261 4318 1301 4367 Sir
