<?xml version="1.0" encoding="UTF-8"?>
<!DOCTYPE html PUBLIC "-//W3C//DTD XHTML 1.0 Transitional//EN"
    "http://www.w3.org/TR/xhtml1/DTD/xhtml1-transitional.dtd">
<html xmlns="http://www.w3.org/1999/xhtml" xml:lang="en" lang="en">
 <head>
  <title>
</title>
<meta http-equiv="Content-Type" content="text/html;charset=utf-8" />
  <meta name='ocr-system' content='tesseract 3.04.00' />
  <meta name='ocr-capabilities' content='ocr_page ocr_carea ocr_par ocr_line ocrx_word'/>
</head>
<body>
  <div class='ocr_page' id='page_1' title='image "./qhoratiiflaccic00horagoog_0412.png"; bbox 0 0 2916 5220; ppageno 0'>
   <div class='ocr_carea' id='block_1_1' title="bbox 530 309 761 372">
    <p class='ocr_par' dir='ltr' id='par_1_1' title="bbox 530 309 761 372">
     <span class='ocr_line' id='line_1_1' title="bbox 530 309 761 372; baseline 0.009 -2"><span class='ocrx_word' id='word_1_1' title='bbox 530 309 761 372; x_wconf 84' lang='lat' dir='ltr'><strong>LIBER.</strong></span> 
     </span>
    </p>
   </div>
   <div class='ocr_carea' id='block_1_2' title="bbox 252 492 1085 890">
    <p class='ocr_par' dir='ltr' id='par_1_2' title="bbox 255 492 1085 682">
     <span class='ocr_line' id='line_1_2' title="bbox 255 492 1085 579; baseline 0.005 -23"><span class='ocrx_word' id='word_1_2' title='bbox 255 492 369 570; x_wconf 82' lang='lat' dir='ltr'><strong>Qualis</strong></span> <span class='ocrx_word' id='word_1_3' title='bbox 394 493 578 577; x_wconf 77' lang='lat' dir='ltr'><strong>Lycambae</strong></span> <span class='ocrx_word' id='word_1_4' title='bbox 601 506 731 579; x_wconf 79' lang='lat' dir='ltr'><strong>spretus</strong></span> <span class='ocrx_word' id='word_1_5' title='bbox 754 493 857 558; x_wconf 90' lang='lat' dir='ltr'><strong>infido</strong></span> <span class='ocrx_word' id='word_1_6' title='bbox 879 515 997 579; x_wconf 83' lang='lat' dir='ltr'><strong>gener,</strong></span> <span class='ocrx_word' id='word_1_7' title='bbox 1082 533 1085 536; x_wconf 89' lang='lat'><strong>·</strong></span> 
     </span>
     <span class='ocr_line' id='line_1_3' title="bbox 297 596 754 682; baseline 0.004 -22"><span class='ocrx_word' id='word_1_8' title='bbox 297 596 368 660; x_wconf 87' lang='lat' dir='ltr'><strong>Ant</strong></span> <span class='ocrx_word' id='word_1_9' title='bbox 389 619 463 661; x_wconf 80' lang='lat' dir='ltr'><strong>acer</strong></span> <span class='ocrx_word' id='word_1_10' title='bbox 485 597 591 665; x_wconf 86' lang='lat' dir='ltr'><strong>hostis</strong></span> <span class='ocrx_word' id='word_1_11' title='bbox 616 598 754 682; x_wconf 85' lang='lat' dir='ltr'><strong>Bupalo.</strong></span> 
     </span>
    </p>

    <p class='ocr_par' dir='ltr' id='par_1_3' title="bbox 252 700 959 890">
     <span class='ocr_line' id='line_1_4' title="bbox 252 700 959 787; baseline 0.003 -23"><span class='ocrx_word' id='word_1_12' title='bbox 252 701 323 782; x_wconf 90' lang='lat' dir='ltr'><strong>An,</strong></span> <span class='ocrx_word' id='word_1_13' title='bbox 347 700 376 765; x_wconf 87' lang='lat' dir='ltr'><strong>si</strong></span> <span class='ocrx_word' id='word_1_14' title='bbox 400 701 474 786; x_wconf 89' lang='lat' dir='ltr'><strong>quis</strong></span> <span class='ocrx_word' id='word_1_15' title='bbox 496 710 568 765; x_wconf 89' lang='lat' dir='ltr'><strong>atro</strong></span> <span class='ocrx_word' id='word_1_16' title='bbox 590 702 689 767; x_wconf 83' lang='lat' dir='ltr'><strong>dente</strong></span> <span class='ocrx_word' id='word_1_17' title='bbox 711 724 765 767; x_wconf 91' lang='lat' dir='ltr'><strong>me</strong></span> <span class='ocrx_word' id='word_1_18' title='bbox 788 700 959 787; x_wconf 80' lang='lat' dir='ltr'><strong>petiverit,</strong></span> 
     </span>
     <span class='ocr_line' id='line_1_5' title="bbox 296 804 717 890; baseline 0 -22"><span class='ocrx_word' id='word_1_19' title='bbox 296 804 428 870; x_wconf 88' lang='lat' dir='ltr'><strong>Inultua</strong></span> <span class='ocrx_word' id='word_1_20' title='bbox 451 814 489 869; x_wconf 89' lang='lat' dir='ltr'><strong>ut</strong></span> <span class='ocrx_word' id='word_1_21' title='bbox 511 805 596 870; x_wconf 88' lang='lat' dir='ltr'><strong>flebo</strong></span> <span class='ocrx_word' id='word_1_22' title='bbox 618 808 717 890; x_wconf 83' lang='lat' dir='ltr'><strong>puer?</strong></span> 
     </span>
    </p>
   </div>
   <div class='ocr_carea' id='block_1_3' title="bbox 40 930 1206 1625">
    <p class='ocr_par' dir='ltr' id='par_1_4' title="bbox 40 930 1206 1310">
     <span class='ocr_line' id='line_1_6' title="bbox 75 930 1206 994; baseline 0.007 -19"><span class='ocrx_word' id='word_1_23' title='bbox 75 930 175 979; x_wconf 89' lang='lat' dir='ltr'><strong>territus</strong></span> <span class='ocrx_word' id='word_1_24' title='bbox 198 931 281 978; x_wconf 86' lang='lat' dir='ltr'><strong>cibum</strong></span> <span class='ocrx_word' id='word_1_25' title='bbox 305 932 351 979; x_wconf 88' lang='lat' dir='ltr'><strong>tibi</strong></span> <span class='ocrx_word' id='word_1_26' title='bbox 374 933 481 981; x_wconf 84' lang='lat' dir='ltr'><strong>obiiciat.</strong></span> <span class='ocrx_word' id='word_1_27' title='bbox 523 934 616 991; x_wconf 83' lang='lat' dir='ltr'><strong>Aliud,</strong></span> <span class='ocrx_word' id='word_1_28' title='bbox 658 933 760 981; x_wconf 70' lang='lat' dir='ltr'><strong>Metam.</strong></span> <span class='ocrx_word' id='word_1_29' title='bbox 778 934 836 982; x_wconf 72' lang='lat'><strong>⁴26.</strong></span> <span class='ocrx_word' id='word_1_30' title='bbox 870 935 920 981; x_wconf 79' lang='lat' dir='ltr'><strong>Nil</strong></span> <span class='ocrx_word' id='word_1_31' title='bbox 935 936 1032 994; x_wconf 69' lang='lat' dir='ltr'><strong>puerit</strong></span> <span class='ocrx_word' id='word_1_32' title='bbox 1052 935 1132 991; x_wconf 78' lang='lat' dir='ltr'><strong>Iuno,</strong></span> <span class='ocrx_word' id='word_1_33' title='bbox 1154 936 1206 983; x_wconf 71' lang='lat' dir='ltr'><strong>aiei</strong></span> 
     </span>
     <span class='ocr_line' id='line_1_7' title="bbox 74 1009 1204 1074; baseline 0.006 -20"><span class='ocrx_word' id='word_1_34' title='bbox 74 1015 103 1054; x_wconf 92' lang='lat' dir='ltr'><strong>ut</strong></span> <span class='ocrx_word' id='word_1_35' title='bbox 119 1009 182 1067; x_wconf 82' lang='lat' dir='ltr'>dixi,</span> <span class='ocrx_word' id='word_1_36' title='bbox 199 1017 236 1058; x_wconf 80' lang='lat' dir='ltr'><strong>est</strong></span> <span class='ocrx_word' id='word_1_37' title='bbox 252 1015 397 1072; x_wconf 79' lang='lat' dir='ltr'><strong>proiectum.</strong></span> <span class='ocrx_word' id='word_1_38' title='bbox 423 1012 464 1060; x_wconf 82' lang='lat' dir='ltr'><strong>Ita</strong></span> <span class='ocrx_word' id='word_1_39' title='bbox 474 1029 498 1061; x_wconf 84' lang='lat' dir='ltr'><strong>r.</strong></span> <span class='ocrx_word' id='word_1_40' title='bbox 508 1027 530 1062; x_wconf 88' lang='lat' dir='ltr'><strong>c.</strong></span> <span class='ocrx_word' id='word_1_41' title='bbox 542 1013 617 1060; x_wconf 84' lang='lat' dir='ltr'><strong>Pom.</strong></span> <span class='ocrx_word' id='word_1_42' title='bbox 657 1015 751 1060; x_wconf 69' lang='lat' dir='ltr'><strong>inultos</strong></span> <span class='ocrx_word' id='word_1_43' title='bbox 760 1013 828 1074; x_wconf 77' lang='lat' dir='ltr'><strong>flere</strong></span> <span class='ocrx_word' id='word_1_44' title='bbox 841 1013 951 1060; x_wconf 73' lang='lat' dir='ltr'><strong>dolores?</strong></span> <span class='ocrx_word' id='word_1_45' title='bbox 975 1009 1081 1060; x_wconf 82' lang='lat' dir='ltr'><strong>Guietus</strong></span> <span class='ocrx_word' id='word_1_46' title='bbox 1097 1011 1164 1059; x_wconf 89' lang='lat' dir='ltr'><strong>hunc</strong></span> <span class='ocrx_word' id='word_1_47' title='bbox 1179 1019 1204 1061; x_wconf 84' lang='lat' dir='ltr'><strong>et</strong></span> 
     </span>
     <span class='ocr_line' id='line_1_8' title="bbox 74 1085 1203 1152; baseline 0.003 -19"><span class='ocrx_word' id='word_1_48' title='bbox 74 1085 184 1137; x_wconf 87' lang='lat' dir='ltr'><strong>Paullin.</strong></span> <span class='ocrx_word' id='word_1_49' title='bbox 201 1090 286 1137; x_wconf 81' lang='lat' dir='ltr'><strong>Natat.</strong></span> <span class='ocrx_word' id='word_1_50' title='bbox 303 1090 338 1139; x_wconf 89' lang='lat' dir='ltr'><strong>V.</strong></span> <span class='ocrx_word' id='word_1_51' title='bbox 354 1091 451 1140; x_wconf 75' lang='lat' dir='ltr'><strong>Felids.</strong></span> <span class='ocrx_word' id='word_1_52' title='bbox 469 1107 524 1140; x_wconf 74' lang='lat' dir='ltr'><strong>ocra</strong></span> <span class='ocrx_word' id='word_1_53' title='bbox 542 1093 616 1138; x_wconf 76' lang='lat' dir='ltr'><strong>Lom-</strong></span> <span class='ocrx_word' id='word_1_54' title='bbox 656 1092 841 1140; x_wconf 75' lang='lat' dir='ltr'><strong>antecedentem</strong></span> <span class='ocrx_word' id='word_1_55' title='bbox 858 1104 957 1140; x_wconf 74' lang='lat' dir='ltr'><strong>tersum</strong></span> <span class='ocrx_word' id='word_1_56' title='bbox 970 1090 1100 1152; x_wconf 78' lang='lat' dir='ltr'>expungit.</span> <span class='ocrx_word' id='word_1_57' title='bbox 1122 1089 1203 1151; x_wconf 86' lang='lat' dir='ltr'><strong>Quem</strong></span> 
     </span>
     <span class='ocr_line' id='line_1_9' title="bbox 40 1158 1203 1232; baseline 0.004 -20"><span class='ocrx_word' id='word_1_58' title='bbox 40 1158 44 1163; x_wconf 81' lang='grc'><strong>’</strong></span> <span class='ocrx_word' id='word_1_59' title='bbox 73 1169 617 1232; x_wconf 75' lang='lat' dir='ltr'><strong>hetatpoeudunr,proiectacadamalom·</strong></span> <span class='ocrx_word' id='word_1_60' title='bbox 656 1170 682 1217; x_wconf 92' lang='lat' dir='ltr'><strong>in</strong></span> <span class='ocrx_word' id='word_1_61' title='bbox 707 1185 738 1218; x_wconf 71' lang='lat' dir='ltr'><strong>er</strong></span> <span class='ocrx_word' id='word_1_62' title='bbox 762 1185 790 1218; x_wconf 87' lang='lat' dir='ltr'><strong>re</strong></span> <span class='ocrx_word' id='word_1_63' title='bbox 813 1183 865 1217; x_wconf 88' lang='lat' dir='ltr'><strong>non</strong></span> <span class='ocrx_word' id='word_1_64' title='bbox 890 1175 989 1217; x_wconf 80' lang='lat' dir='ltr'><strong>secutus</strong></span> <span class='ocrx_word' id='word_1_65' title='bbox 1012 1182 1075 1216; x_wconf 87' lang='lat' dir='ltr'><strong>sum.</strong></span> <span class='ocrx_word' id='word_1_66' title='bbox 1112 1170 1203 1219; x_wconf 81' lang='lat' dir='ltr'><strong>Melior</strong></span> 
     </span>
     <span class='ocr_line' id='line_1_10' title="bbox 73 1247 1203 1310; baseline 0.006 -20"><span class='ocrx_word' id='word_1_67' title='bbox 73 1247 138 1301; x_wconf 67' lang='lat' dir='ltr'><strong>bers,</strong></span> <span class='ocrx_word' id='word_1_68' title='bbox 158 1247 296 1296; x_wconf 66' lang='lat' dir='ltr'><strong>obscoenas</strong></span> <span class='ocrx_word' id='word_1_69' title='bbox 310 1251 414 1297; x_wconf 73' lang='lat' dir='ltr'><strong>corrriw</strong></span> <span class='ocrx_word' id='word_1_70' title='bbox 430 1265 528 1298; x_wconf 78' lang='lat' dir='ltr'><strong>eanum.</strong></span> <span class='ocrx_word' id='word_1_71' title='bbox 656 1258 741 1297; x_wconf 74' lang='lat' dir='ltr'><strong>tamen</strong></span> <span class='ocrx_word' id='word_1_72' title='bbox 761 1248 884 1297; x_wconf 80' lang='lat' dir='ltr'><strong>sententia</strong></span> <span class='ocrx_word' id='word_1_73' title='bbox 901 1248 937 1296; x_wconf 85' lang='lat' dir='ltr'><strong>sic</strong></span> <span class='ocrx_word' id='word_1_74' title='bbox 952 1249 1106 1310; x_wconf 84' lang='lat' dir='ltr'><strong>procederet:</strong></span> <span class='ocrx_word' id='word_1_75' title='bbox 1134 1251 1203 1306; x_wconf 77' lang='lat' dir='ltr'><strong>Nori,</strong></span> 
     </span>
    </p>

    <p class='ocr_par' dir='ltr' id='par_1_5' title="bbox 72 1317 1203 1470">
     <span class='ocr_line' id='line_1_11' title="bbox 108 1317 1202 1391; baseline 0.005 -20"><span class='ocrx_word' id='word_1_76' title='bbox 108 1325 217 1386; x_wconf 66' lang='lat' dir='ltr'><strong>euporo.</strong></span> <span class='ocrx_word' id='word_1_77' title='bbox 248 1326 305 1375; x_wconf 75' lang='lat' dir='ltr'><strong>ars.</strong></span> <span class='ocrx_word' id='word_1_78' title='bbox 324 1327 394 1375; x_wconf 74' lang='lat' dir='ltr'><strong>Leia.</strong></span> <span class='ocrx_word' id='word_1_79' title='bbox 412 1329 520 1376; x_wconf 69' lang='lat' dir='ltr'><strong>anau.</strong></span> <span class='ocrx_word' id='word_1_80' title='bbox 542 1317 617 1376; x_wconf 73' lang='lat' dir='ltr'><strong>&#39;uae</strong></span> <span class='ocrx_word' id='word_1_81' title='bbox 655 1331 680 1376; x_wconf 63' lang='lat' dir='ltr'><strong>a·</strong></span> <span class='ocrx_word' id='word_1_82' title='bbox 695 1331 754 1391; x_wconf 69' lang='lat' dir='ltr'><strong>qua</strong></span> <span class='ocrx_word' id='word_1_83' title='bbox 769 1335 827 1377; x_wconf 72' lang='lat' dir='ltr'><strong>am</strong></span> <span class='ocrx_word' id='word_1_84' title='bbox 842 1330 916 1376; x_wconf 61' lang='lat' dir='ltr'><strong>aaa</strong></span> <span class='ocrx_word' id='word_1_85' title='bbox 931 1343 970 1376; x_wconf 65' lang='lat' dir='ltr'><strong>ure</strong></span> <span class='ocrx_word' id='word_1_86' title='bbox 984 1329 1116 1390; x_wconf 57' lang='lat' dir='ltr'><strong>mamm,</strong></span> <span class='ocrx_word' id='word_1_87' title='bbox 1129 1330 1202 1376; x_wconf 74' lang='lat' dir='ltr'><strong>rnu-</strong></span> 
     </span>
     <span class='ocr_line' id='line_1_12' title="bbox 72 1401 1203 1470; baseline 0.005 -23"><span class='ocrx_word' id='word_1_88' title='bbox 72 1408 97 1448; x_wconf 86' lang='lat' dir='ltr'><strong>et</strong></span> <span class='ocrx_word' id='word_1_89' title='bbox 114 1401 180 1451; x_wconf 90' lang='lat' dir='ltr'><strong>Iunii</strong></span> <span class='ocrx_word' id='word_1_90' title='bbox 196 1406 331 1455; x_wconf 85' lang='lat' dir='ltr'><strong>Animadv.</strong></span> <span class='ocrx_word' id='word_1_91' title='bbox 346 1421 404 1468; x_wconf 79' lang='lat' dir='ltr'><strong>pag.</strong></span> <span class='ocrx_word' id='word_1_92' title='bbox 421 1407 459 1455; x_wconf 76' lang='lat'><strong>51.</strong></span> <span class='ocrx_word' id='word_1_93' title='bbox 657 1413 700 1455; x_wconf 75' lang='lat' dir='ltr'><strong>tur</strong></span> <span class='ocrx_word' id='word_1_94' title='bbox 724 1414 754 1455; x_wconf 79' lang='lat' dir='ltr'><strong>ut</strong></span> <span class='ocrx_word' id='word_1_95' title='bbox 771 1408 840 1469; x_wconf 76' lang='lat' dir='ltr'><strong>flebo</strong></span> <span class='ocrx_word' id='word_1_96' title='bbox 861 1423 935 1470; x_wconf 76' lang='lat' dir='ltr'><strong>puer.</strong></span> <span class='ocrx_word' id='word_1_97' title='bbox 969 1406 998 1456; x_wconf 86' lang='lat' dir='ltr'><strong>si</strong></span> <span class='ocrx_word' id='word_1_98' title='bbox 1015 1420 1055 1455; x_wconf 88' lang='lat' dir='ltr'><strong>me</strong></span> <span class='ocrx_word' id='word_1_99' title='bbox 1075 1406 1203 1468; x_wconf 82' lang='lat' dir='ltr'><strong>petiveris,</strong></span> 
     </span>
    </p>

    <p class='ocr_par' dir='ltr' id='par_1_6' title="bbox 71 1484 1203 1625">
     <span class='ocr_line' id='line_1_13' title="bbox 106 1484 1203 1548; baseline 0.005 -19"><span class='ocrx_word' id='word_1_100' title='bbox 106 1484 212 1531; x_wconf 68' lang='lat' dir='ltr'><strong>Invitus</strong></span> <span class='ocrx_word' id='word_1_101' title='bbox 223 1485 411 1547; x_wconf 76' lang='lat' dir='ltr'><strong>utflebopuer?</strong></span> <span class='ocrx_word' id='word_1_102' title='bbox 437 1485 570 1535; x_wconf 78' lang='lat' dir='ltr'><strong>claudian.</strong></span> <span class='ocrx_word' id='word_1_103' title='bbox 580 1487 616 1535; x_wconf 91' lang='lat'><strong>11.</strong></span> <span class='ocrx_word' id='word_1_104' title='bbox 656 1500 706 1534; x_wconf 92' lang='lat' dir='ltr'><strong>non</strong></span> <span class='ocrx_word' id='word_1_105' title='bbox 723 1485 824 1542; x_wconf 80' lang='lat' dir='ltr'><strong>faciam,</strong></span> <span class='ocrx_word' id='word_1_106' title='bbox 840 1486 906 1548; x_wconf 90' lang='lat' dir='ltr'><strong>quod</strong></span> <span class='ocrx_word' id='word_1_107' title='bbox 923 1485 1031 1548; x_wconf 77' lang='lat' dir='ltr'><strong>hospites</strong></span> <span class='ocrx_word' id='word_1_108' title='bbox 1047 1485 1203 1534; x_wconf 78' lang='lat' dir='ltr'><strong>immerentes</strong></span> 
     </span>
     <span class='ocr_line' id='line_1_14' title="bbox 71 1560 759 1625; baseline 0.01 -18"><span class='ocrx_word' id='word_1_109' title='bbox 71 1560 178 1625; x_wconf 85' lang='lat' dir='ltr'><strong>Eutrop.</strong></span> <span class='ocrx_word' id='word_1_110' title='bbox 195 1563 340 1625; x_wconf 70' lang='lat' dir='ltr'><strong>roafleou</strong></span> <span class='ocrx_word' id='word_1_111' title='bbox 352 1564 459 1613; x_wconf 67' lang='lat' dir='ltr'><strong>anum.</strong></span> <span class='ocrx_word' id='word_1_112' title='bbox 484 1563 557 1614; x_wconf 70' lang='lat' dir='ltr'><strong>ortu</strong></span> <span class='ocrx_word' id='word_1_113' title='bbox 566 1565 615 1614; x_wconf 92' lang='lat' dir='ltr'><strong>IV.</strong></span> <span class='ocrx_word' id='word_1_114' title='bbox 656 1564 759 1614; x_wconf 84' lang='lat' dir='ltr'><strong>faciunt.</strong></span> 
     </span>
    </p>
   </div>
   <div class='ocr_carea' id='block_1_4' title="bbox 558 1706 721 1728">
    <p class='ocr_par' dir='ltr' id='par_1_7' title="bbox 558 1706 721 1728">
     <span class='ocr_line' id='line_1_15' title="bbox 558 1706 721 1728; baseline 0.006 -1"><span class='ocrx_word' id='word_1_115' title='bbox 558 1706 721 1728; x_wconf 54' lang='lat' dir='ltr'>——OOO—</span> 
     </span>
    </p>
   </div>
   <div class='ocr_carea' id='block_1_5' title="bbox 461 1849 831 1916">
    <p class='ocr_par' dir='ltr' id='par_1_8' title="bbox 461 1849 831 1916">
     <span class='ocr_line' id='line_1_16' title="bbox 461 1849 831 1916; baseline -0.008 0"><span class='ocrx_word' id='word_1_116' title='bbox 461 1849 711 1916; x_wconf 82' lang='lat' dir='ltr'><strong>CARMEN</strong></span> <span class='ocrx_word' id='word_1_117' title='bbox 755 1849 831 1914; x_wconf 83' lang='lat' dir='ltr'><strong>VIL</strong></span> 
     </span>
    </p>
   </div>
   <div class='ocr_carea' id='block_1_6' title="bbox 247 1986 1089 2688">
    <p class='ocr_par' dir='ltr' id='par_1_9' title="bbox 248 1986 1089 2190">
     <span class='ocr_line' id='line_1_17' title="bbox 248 1986 1089 2087; baseline -0.008 -18"><span class='ocrx_word' id='word_1_118' title='bbox 248 1986 344 2084; x_wconf 78' lang='lat' dir='ltr'><strong>Quo,</strong></span> <span class='ocrx_word' id='word_1_119' title='bbox 368 2024 449 2087; x_wconf 91' lang='lat' dir='ltr'><strong>quo,</strong></span> <span class='ocrx_word' id='word_1_120' title='bbox 473 2000 620 2084; x_wconf 90' lang='lat' dir='ltr'><strong>scelesti,</strong></span> <span class='ocrx_word' id='word_1_121' title='bbox 644 2001 764 2066; x_wconf 86' lang='lat' dir='ltr'><strong>ruitis?</strong></span> <span class='ocrx_word' id='word_1_122' title='bbox 787 2006 846 2066; x_wconf 89' lang='lat' dir='ltr'><strong>aut</strong></span> <span class='ocrx_word' id='word_1_123' title='bbox 868 2022 926 2066; x_wconf 92' lang='lat' dir='ltr'><strong>cur</strong></span> <span class='ocrx_word' id='word_1_124' title='bbox 947 1999 1089 2064; x_wconf 73' lang='lat' dir='ltr'><strong>dexteris</strong></span> 
     </span>
     <span class='ocr_line' id='line_1_18' title="bbox 291 2104 745 2190; baseline 0 -22"><span class='ocrx_word' id='word_1_125' title='bbox 291 2106 459 2190; x_wconf 84' lang='lat' dir='ltr'><strong>Aptantur</strong></span> <span class='ocrx_word' id='word_1_126' title='bbox 481 2127 574 2169; x_wconf 84' lang='lat' dir='ltr'>enses</span> <span class='ocrx_word' id='word_1_127' title='bbox 598 2104 745 2170; x_wconf 81' lang='lat' dir='ltr'><strong>conditi?</strong></span> 
     </span>
    </p>

    <p class='ocr_par' dir='ltr' id='par_1_10' title="bbox 249 2209 981 2398">
     <span class='ocr_line' id='line_1_19' title="bbox 249 2209 981 2295; baseline -0.004 -21"><span class='ocrx_word' id='word_1_128' title='bbox 249 2211 412 2275; x_wconf 83' lang='lat' dir='ltr'><strong>Parumne</strong></span> <span class='ocrx_word' id='word_1_129' title='bbox 435 2209 559 2295; x_wconf 88' lang='lat' dir='ltr'><strong>campis</strong></span> <span class='ocrx_word' id='word_1_130' title='bbox 583 2215 681 2294; x_wconf 87' lang='lat' dir='ltr'><strong>atque</strong></span> <span class='ocrx_word' id='word_1_131' title='bbox 704 2210 860 2295; x_wconf 82' lang='lat' dir='ltr'><strong>Neptuno</strong></span> <span class='ocrx_word' id='word_1_132' title='bbox 883 2230 981 2293; x_wconf 86' lang='lat' dir='ltr'><strong>super</strong></span> 
     </span>
     <span class='ocr_line' id='line_1_20' title="bbox 293 2312 848 2398; baseline -0.005 -20"><span class='ocrx_word' id='word_1_133' title='bbox 293 2314 418 2378; x_wconf 87' lang='lat' dir='ltr'><strong>Fusum</strong></span> <span class='ocrx_word' id='word_1_134' title='bbox 443 2319 494 2378; x_wconf 89' lang='lat' dir='ltr'><strong>est</strong></span> <span class='ocrx_word' id='word_1_135' title='bbox 519 2312 631 2377; x_wconf 86' lang='lat' dir='ltr'><strong>Latini</strong></span> <span class='ocrx_word' id='word_1_136' title='bbox 654 2312 848 2398; x_wconf 85' lang='lat' dir='ltr'><strong>sanguinis?</strong></span> 
     </span>
    </p>

    <p class='ocr_par' dir='ltr' id='par_1_11' title="bbox 247 2413 956 2602">
     <span class='ocr_line' id='line_1_21' title="bbox 247 2413 956 2502; baseline -0.006 -22"><span class='ocrx_word' id='word_1_137' title='bbox 247 2416 322 2480; x_wconf 91' lang='lat' dir='ltr'><strong>Non</strong></span> <span class='ocrx_word' id='word_1_138' title='bbox 344 2422 384 2480; x_wconf 89' lang='lat' dir='ltr'><strong>ut</strong></span> <span class='ocrx_word' id='word_1_139' title='bbox 407 2417 563 2502; x_wconf 86' lang='lat' dir='ltr'><strong>superbas</strong></span> <span class='ocrx_word' id='word_1_140' title='bbox 588 2416 722 2481; x_wconf 90' lang='lat' dir='ltr'><strong>invidae</strong></span> <span class='ocrx_word' id='word_1_141' title='bbox 745 2413 956 2499; x_wconf 85' lang='lat' dir='ltr'><strong>Carthaginis</strong></span> 
     </span>
     <span class='ocr_line' id='line_1_22' title="bbox 292 2520 722 2602; baseline -0.002 -18"><span class='ocrx_word' id='word_1_142' title='bbox 292 2520 461 2585; x_wconf 87' lang='lat' dir='ltr'><strong>Romanus</strong></span> <span class='ocrx_word' id='word_1_143' title='bbox 485 2542 574 2585; x_wconf 89' lang='lat' dir='ltr'><strong>arces</strong></span> <span class='ocrx_word' id='word_1_144' title='bbox 597 2525 722 2602; x_wconf 89' lang='lat' dir='ltr'><strong>ureret,</strong></span> 
     </span>
    </p>

    <p class='ocr_par' dir='ltr' id='par_1_12' title="bbox 247 2619 978 2688">
     <span class='ocr_line' id='line_1_23' title="bbox 247 2619 978 2688; baseline -0.001 -3"><span class='ocrx_word' id='word_1_145' title='bbox 247 2622 395 2688; x_wconf 78' lang='lat' dir='ltr'><strong>Intactas</strong></span> <span class='ocrx_word' id='word_1_146' title='bbox 419 2632 478 2688; x_wconf 88' lang='lat' dir='ltr'><strong>aut</strong></span> <span class='ocrx_word' id='word_1_147' title='bbox 502 2623 682 2687; x_wconf 85' lang='lat' dir='ltr'><strong>Britannus</strong></span> <span class='ocrx_word' id='word_1_148' title='bbox 706 2628 745 2686; x_wconf 92' lang='lat' dir='ltr'><strong>ut</strong></span> <span class='ocrx_word' id='word_1_149' title='bbox 767 2619 978 2686; x_wconf 86' lang='lat' dir='ltr'><strong>descenderet</strong></span> 
     </span>
    </p>
   </div>
   <div class='ocr_carea' id='block_1_7' title="bbox 244 2725 1009 3223">
    <p class='ocr_par' dir='ltr' id='par_1_13' title="bbox 290 2725 673 2807">
     <span class='ocr_line' id='line_1_24' title="bbox 290 2725 673 2807; baseline 0.003 -16"><span class='ocrx_word' id='word_1_150' title='bbox 290 2725 387 2791; x_wconf 83' lang='lat' dir='ltr'><strong>Sacra</strong></span> <span class='ocrx_word' id='word_1_151' title='bbox 409 2732 580 2792; x_wconf 85' lang='lat' dir='ltr'><strong>catenatus</strong></span> <span class='ocrx_word' id='word_1_152' title='bbox 604 2725 673 2807; x_wconf 87' lang='lat' dir='ltr'><strong>via,</strong></span> 
     </span>
    </p>

    <p class='ocr_par' dir='ltr' id='par_1_14' title="bbox 246 2827 983 3016">
     <span class='ocr_line' id='line_1_25' title="bbox 246 2827 983 2895; baseline -0.007 -1"><span class='ocrx_word' id='word_1_153' title='bbox 246 2827 309 2894; x_wconf 80' lang='lat' dir='ltr'><strong>Sed</strong></span> <span class='ocrx_word' id='word_1_154' title='bbox 331 2834 370 2893; x_wconf 89' lang='lat' dir='ltr'><strong>ut</strong></span> <span class='ocrx_word' id='word_1_155' title='bbox 393 2829 573 2895; x_wconf 90' lang='lat' dir='ltr'><strong>secundum</strong></span> <span class='ocrx_word' id='word_1_156' title='bbox 596 2834 674 2893; x_wconf 87' lang='lat' dir='ltr'><strong>vota</strong></span> <span class='ocrx_word' id='word_1_157' title='bbox 697 2827 894 2893; x_wconf 88' lang='lat' dir='ltr'><strong>Parthorum</strong></span> <span class='ocrx_word' id='word_1_158' title='bbox 924 2847 983 2892; x_wconf 88' lang='lat' dir='ltr'><strong>sua</strong></span> 
     </span>
     <span class='ocr_line' id='line_1_26' title="bbox 289 2931 788 3016; baseline -0.006 -18"><span class='ocrx_word' id='word_1_159' title='bbox 289 2932 377 2998; x_wconf 89' lang='lat' dir='ltr'><strong>Urbs</strong></span> <span class='ocrx_word' id='word_1_160' title='bbox 400 2933 480 2998; x_wconf 87' lang='lat' dir='ltr'><strong>haec</strong></span> <span class='ocrx_word' id='word_1_161' title='bbox 502 2931 624 3016; x_wconf 91' lang='lat' dir='ltr'><strong>periret</strong></span> <span class='ocrx_word' id='word_1_162' title='bbox 647 2932 788 2997; x_wconf 83' lang='lat' dir='ltr'><strong>dextera.</strong></span> 
     </span>
    </p>

    <p class='ocr_par' dir='ltr' id='par_1_15' title="bbox 244 3033 1009 3223">
     <span class='ocr_line' id='line_1_27' title="bbox 244 3033 1009 3121; baseline -0.001 -22"><span class='ocrx_word' id='word_1_163' title='bbox 244 3035 357 3121; x_wconf 90' lang='lat' dir='ltr'><strong>Neque</strong></span> <span class='ocrx_word' id='word_1_164' title='bbox 380 3036 433 3100; x_wconf 93' lang='lat' dir='ltr'><strong>hic</strong></span> <span class='ocrx_word' id='word_1_165' title='bbox 456 3035 544 3121; x_wconf 90' lang='lat' dir='ltr'><strong>lupis</strong></span> <span class='ocrx_word' id='word_1_166' title='bbox 568 3057 639 3100; x_wconf 89' lang='lat' dir='ltr'><strong>mos</strong></span> <span class='ocrx_word' id='word_1_167' title='bbox 669 3057 728 3100; x_wconf 91' lang='lat' dir='ltr'><strong>nec</strong></span> <span class='ocrx_word' id='word_1_168' title='bbox 752 3034 817 3098; x_wconf 88' lang='lat' dir='ltr'><strong>fuit</strong></span> <span class='ocrx_word' id='word_1_169' title='bbox 840 3033 1009 3113; x_wconf 90' lang='lat' dir='ltr'><strong>leonibus,</strong></span> 
     </span>
     <span class='ocr_line' id='line_1_28' title="bbox 292 3135 913 3223; baseline -0.006 -21"><span class='ocrx_word' id='word_1_170' title='bbox 292 3139 501 3223; x_wconf 86' lang='lat' dir='ltr'><strong>Numquam,</strong></span> <span class='ocrx_word' id='word_1_171' title='bbox 526 3138 591 3204; x_wconf 88' lang='lat' dir='ltr'><strong>nisi</strong></span> <span class='ocrx_word' id='word_1_172' title='bbox 615 3139 650 3203; x_wconf 93' lang='lat' dir='ltr'><strong>in</strong></span> <span class='ocrx_word' id='word_1_173' title='bbox 674 3137 802 3222; x_wconf 88' lang='lat' dir='ltr'><strong>dispar,</strong></span> <span class='ocrx_word' id='word_1_174' title='bbox 827 3135 913 3200; x_wconf 89' lang='lat' dir='ltr'><strong>feris.</strong></span> 
     </span>
    </p>
   </div>
   <div class='ocr_carea' id='block_1_8' title="bbox 58 3283 1201 4376">
    <p class='ocr_par' dir='ltr' id='par_1_16' title="bbox 58 3283 1201 4376">
     <span class='ocr_line' id='line_1_29' title="bbox 223 3283 1200 3362; baseline 0.001 -29"><span class='ocrx_word' id='word_1_175' title='bbox 223 3312 375 3362; x_wconf 69' lang='lat' dir='ltr'><strong>CARMEN</strong></span> <span class='ocrx_word' id='word_1_176' title='bbox 391 3314 454 3362; x_wconf 39' lang='lat' dir='ltr'><strong>VH·</strong></span> <span class='ocrx_word' id='word_1_177' title='bbox 653 3286 726 3334; x_wconf 88' lang='lat' dir='ltr'><strong>Hanc</strong></span> <span class='ocrx_word' id='word_1_178' title='bbox 740 3287 870 3334; x_wconf 88' lang='lat' dir='ltr'><strong>lectionem</strong></span> <span class='ocrx_word' id='word_1_179' title='bbox 881 3283 1009 3334; x_wconf 86' lang='lat' dir='ltr'><strong>Bentleius</strong></span> <span class='ocrx_word' id='word_1_180' title='bbox 1021 3283 1136 3332; x_wconf 82' lang='lat' dir='ltr'><strong>formavit</strong></span> <span class='ocrx_word' id='word_1_181' title='bbox 1146 3300 1200 3347; x_wconf 85' lang='lat' dir='ltr'><strong>par-</strong></span> 
     </span>
     <span class='ocr_line' id='line_1_30' title="bbox 653 3362 1200 3428; baseline -0.002 -14"><span class='ocrx_word' id='word_1_182' title='bbox 653 3366 697 3414; x_wconf 89' lang='lat' dir='ltr'><strong>tim</strong></span> <span class='ocrx_word' id='word_1_183' title='bbox 714 3380 746 3415; x_wconf 87' lang='lat' dir='ltr'><strong>ex</strong></span> <span class='ocrx_word' id='word_1_184' title='bbox 762 3364 869 3428; x_wconf 85' lang='lat' dir='ltr'><strong>antiquis</strong></span> <span class='ocrx_word' id='word_1_185' title='bbox 891 3362 1049 3421; x_wconf 87' lang='lat' dir='ltr'><strong>editionibus,</strong></span> <span class='ocrx_word' id='word_1_186' title='bbox 1074 3364 1165 3426; x_wconf 85' lang='lat' dir='ltr'><strong>purtim</strong></span> <span class='ocrx_word' id='word_1_187' title='bbox 1187 3379 1200 3413; x_wconf 88' lang='lat' dir='ltr'><strong>o</strong></span> 
     </span>
     <span class='ocr_line' id='line_1_31' title="bbox 103 3407 1200 3518; baseline 0.002 -27"><span class='ocrx_word' id='word_1_188' title='bbox 103 3407 186 3518; x_wconf 68' lang='lat' dir='ltr'><strong>Quo,</strong></span> <span class='ocrx_word' id='word_1_189' title='bbox 211 3459 266 3506; x_wconf 82' lang='lat' dir='ltr'><strong>quo.</strong></span> <span class='ocrx_word' id='word_1_190' title='bbox 306 3445 391 3494; x_wconf 91' lang='lat' dir='ltr'><strong>Unum</strong></span> <span class='ocrx_word' id='word_1_191' title='bbox 412 3459 426 3494; x_wconf 93' lang='lat' dir='ltr'><strong>e</strong></span> <span class='ocrx_word' id='word_1_192' title='bbox 447 3443 524 3494; x_wconf 86' lang='lat' dir='ltr'>MSS.</span> <span class='ocrx_word' id='word_1_193' title='bbox 554 3458 611 3506; x_wconf 85' lang='lat' dir='ltr'><strong>quo·</strong></span> <span class='ocrx_word' id='word_1_194' title='bbox 652 3444 730 3494; x_wconf 85' lang='lat' dir='ltr'>MSS.</span> <span class='ocrx_word' id='word_1_195' title='bbox 762 3445 794 3493; x_wconf 90' lang='lat' dir='ltr'><strong>In</strong></span> <span class='ocrx_word' id='word_1_196' title='bbox 819 3458 869 3492; x_wconf 91' lang='lat' dir='ltr'><strong>uno</strong></span> <span class='ocrx_word' id='word_1_197' title='bbox 894 3444 925 3492; x_wconf 89' lang='lat' dir='ltr'><strong>de</strong></span> <span class='ocrx_word' id='word_1_198' title='bbox 950 3441 1040 3490; x_wconf 89' lang='lat' dir='ltr'><strong>nostris</strong></span> <span class='ocrx_word' id='word_1_199' title='bbox 1065 3442 1128 3492; x_wconf 77' lang='lat' dir='ltr'><strong>vidi:</strong></span> <span class='ocrx_word' id='word_1_200' title='bbox 1155 3458 1200 3493; x_wconf 77' lang='lat' dir='ltr'><strong>urr-</strong></span> 
     </span>
     <span class='ocr_line' id='line_1_32' title="bbox 64 3522 1201 3586; baseline 0.003 -17"><span class='ocrx_word' id='word_1_201' title='bbox 64 3523 142 3570; x_wconf 82' lang='lat' dir='ltr'><strong>modo.</strong></span> <span class='ocrx_word' id='word_1_202' title='bbox 652 3539 728 3585; x_wconf 81' lang='lat' dir='ltr'><strong>quam</strong></span> <span class='ocrx_word' id='word_1_203' title='bbox 744 3524 795 3571; x_wconf 77' lang='lat' dir='ltr'><strong>nisi</strong></span> <span class='ocrx_word' id='word_1_204' title='bbox 805 3529 836 3571; x_wconf 83' lang='lat' dir='ltr'><strong>ut</strong></span> <span class='ocrx_word' id='word_1_205' title='bbox 848 3522 1031 3586; x_wconf 71' lang='lat' dir='ltr'><strong>disparserat:</strong></span> <span class='ocrx_word' id='word_1_206' title='bbox 1044 3522 1110 3585; x_wconf 91' lang='lat' dir='ltr'><strong>quod</strong></span> <span class='ocrx_word' id='word_1_207' title='bbox 1122 3523 1201 3572; x_wconf 86' lang='lat' dir='ltr'><strong>altera</strong></span> 
     </span>
     <span class='ocr_line' id='line_1_33' title="bbox 98 3601 1199 3666; baseline 0.003 -19"><span class='ocrx_word' id='word_1_208' title='bbox 98 3604 232 3662; x_wconf 76' lang='lat' dir='ltr'><strong>Aptaniur</strong></span> <span class='ocrx_word' id='word_1_209' title='bbox 252 3616 320 3649; x_wconf 75' lang='lat' dir='ltr'><strong>cnseo</strong></span> <span class='ocrx_word' id='word_1_210' title='bbox 341 3603 442 3650; x_wconf 81' lang='lat' dir='ltr'><strong>conditi.</strong></span> <span class='ocrx_word' id='word_1_211' title='bbox 477 3604 612 3662; x_wconf 81' lang='lat' dir='ltr'><strong>Aptantur</strong></span> <span class='ocrx_word' id='word_1_212' title='bbox 652 3615 740 3648; x_wconf 89' lang='lat' dir='ltr'><strong>manus</strong></span> <span class='ocrx_word' id='word_1_213' title='bbox 767 3602 875 3650; x_wconf 86' lang='lat' dir='ltr'><strong>mutarit</strong></span> <span class='ocrx_word' id='word_1_214' title='bbox 902 3601 928 3650; x_wconf 93' lang='lat' dir='ltr'><strong>in</strong></span> <span class='ocrx_word' id='word_1_215' title='bbox 950 3602 1025 3666; x_wconf 77' lang='lat' dir='ltr'><strong>feris.</strong></span> <span class='ocrx_word' id='word_1_216' title='bbox 1068 3602 1199 3651; x_wconf 84' lang='lat' dir='ltr'><strong>Horatium</strong></span> 
     </span>
     <span class='ocr_line' id='line_1_34' title="bbox 61 3678 1201 3745; baseline 0.004 -18"><span class='ocrx_word' id='word_1_217' title='bbox 61 3694 112 3727; x_wconf 89' lang='lat' dir='ltr'><strong>non</strong></span> <span class='ocrx_word' id='word_1_218' title='bbox 135 3686 172 3729; x_wconf 89' lang='lat' dir='ltr'><strong>est</strong></span> <span class='ocrx_word' id='word_1_219' title='bbox 193 3678 385 3728; x_wconf 89' lang='lat' dir='ltr'><strong>sollicitandum.</strong></span> <span class='ocrx_word' id='word_1_220' title='bbox 419 3680 504 3728; x_wconf 87' lang='lat' dir='ltr'><strong>Valer.</strong></span> <span class='ocrx_word' id='word_1_221' title='bbox 527 3680 611 3728; x_wconf 85' lang='lat' dir='ltr'><strong>Flacc.</strong></span> <span class='ocrx_word' id='word_1_222' title='bbox 651 3679 764 3729; x_wconf 87' lang='lat' dir='ltr'><strong>imitatur</strong></span> <span class='ocrx_word' id='word_1_223' title='bbox 790 3681 884 3731; x_wconf 81' lang='lat' dir='ltr'><strong>Seneca</strong></span> <span class='ocrx_word' id='word_1_224' title='bbox 912 3680 998 3745; x_wconf 88' lang='lat' dir='ltr'><strong>Oedip.</strong></span> <span class='ocrx_word' id='word_1_225' title='bbox 1028 3681 1084 3730; x_wconf 82' lang='lat'>639.</span> <span class='ocrx_word' id='word_1_226' title='bbox 1110 3683 1201 3745; x_wconf 81' lang='lat' dir='ltr'><strong>quique</strong></span> 
     </span>
     <span class='ocr_line' id='line_1_35' title="bbox 61 3759 1201 3825; baseline 0.003 -18"><span class='ocrx_word' id='word_1_227' title='bbox 61 3759 97 3807; x_wconf 88' lang='lat'><strong>11.</strong></span> <span class='ocrx_word' id='word_1_228' title='bbox 116 3761 173 3808; x_wconf 76' lang='lat'>545.</span> <span class='ocrx_word' id='word_1_229' title='bbox 191 3765 316 3822; x_wconf 82' lang='lat' dir='ltr'><strong>aptatque</strong></span> <span class='ocrx_word' id='word_1_230' title='bbox 331 3762 447 3822; x_wconf 78' lang='lat' dir='ltr'><strong>superbia</strong></span> <span class='ocrx_word' id='word_1_231' title='bbox 465 3764 546 3808; x_wconf 77' lang='lat' dir='ltr'><strong>Aram</strong></span> <span class='ocrx_word' id='word_1_232' title='bbox 567 3763 610 3808; x_wconf 74' lang='lat' dir='ltr'><strong>Iza-</strong></span> <span class='ocrx_word' id='word_1_233' title='bbox 651 3773 695 3807; x_wconf 77' lang='lat' dir='ltr'><strong>aec</strong></span> <span class='ocrx_word' id='word_1_234' title='bbox 711 3775 762 3808; x_wconf 81' lang='lat' dir='ltr'><strong>mos</strong></span> <span class='ocrx_word' id='word_1_235' title='bbox 778 3767 816 3809; x_wconf 78' lang='lat' dir='ltr'><strong>est</strong></span> <span class='ocrx_word' id='word_1_236' title='bbox 834 3761 915 3825; x_wconf 73' lang='lat' dir='ltr'><strong>ferit,</strong></span> <span class='ocrx_word' id='word_1_237' title='bbox 941 3762 1050 3810; x_wconf 82' lang='lat' dir='ltr'><strong>Fratres</strong></span> <span class='ocrx_word' id='word_1_238' title='bbox 1074 3762 1123 3808; x_wconf 82' lang='lat' dir='ltr'><strong>sibi</strong></span> <span class='ocrx_word' id='word_1_239' title='bbox 1147 3761 1201 3822; x_wconf 79' lang='lat' dir='ltr'><strong>ipsc</strong></span> 
     </span>
     <span class='ocr_line' id='line_1_36' title="bbox 61 3838 1198 3902; baseline 0.004 -17"><span class='ocrx_word' id='word_1_240' title='bbox 61 3842 144 3888; x_wconf 64' lang='lat' dir='ltr'><strong>nrm.</strong></span> <span class='ocrx_word' id='word_1_241' title='bbox 171 3839 266 3888; x_wconf 88' lang='lat' dir='ltr'><strong>Seneca</strong></span> <span class='ocrx_word' id='word_1_242' title='bbox 274 3839 376 3902; x_wconf 87' lang='lat' dir='ltr'><strong>Hippoi.</strong></span> <span class='ocrx_word' id='word_1_243' title='bbox 389 3841 445 3889; x_wconf 79' lang='lat'><strong>533.</strong></span> <span class='ocrx_word' id='word_1_244' title='bbox 468 3842 527 3888; x_wconf 84' lang='lat' dir='ltr'><strong>Non</strong></span> <span class='ocrx_word' id='word_1_245' title='bbox 539 3856 612 3887; x_wconf 82' lang='lat' dir='ltr'><strong>arma</strong></span> <span class='ocrx_word' id='word_1_246' title='bbox 650 3840 744 3898; x_wconf 73' lang='lat' dir='ltr'><strong>qeauit.</strong></span> <span class='ocrx_word' id='word_1_247' title='bbox 777 3839 893 3888; x_wconf 86' lang='lat' dir='ltr'><strong>Lactant.</strong></span> <span class='ocrx_word' id='word_1_248' title='bbox 916 3839 946 3886; x_wconf 92' lang='lat' dir='ltr'><strong>de</strong></span> <span class='ocrx_word' id='word_1_249' title='bbox 963 3839 1007 3887; x_wconf 87' lang='lat' dir='ltr'><strong>Ira</strong></span> <span class='ocrx_word' id='word_1_250' title='bbox 1022 3838 1071 3887; x_wconf 88' lang='lat' dir='ltr'><strong>Dei</strong></span> <span class='ocrx_word' id='word_1_251' title='bbox 1087 3853 1139 3902; x_wconf 86' lang='lat' dir='ltr'><strong>cap.</strong></span> <span class='ocrx_word' id='word_1_252' title='bbox 1161 3840 1198 3889; x_wconf 82' lang='lat'><strong>12.</strong></span> 
     </span>
     <span class='ocr_line' id='line_1_37' title="bbox 59 3917 1197 3981; baseline 0.001 -16"><span class='ocrx_word' id='word_1_253' title='bbox 59 3933 135 3966; x_wconf 75' lang='lat' dir='ltr'><strong>sueva</strong></span> <span class='ocrx_word' id='word_1_254' title='bbox 160 3919 231 3966; x_wconf 83' lang='lat' dir='ltr'><strong>miles</strong></span> <span class='ocrx_word' id='word_1_255' title='bbox 248 3921 355 3981; x_wconf 80' lang='lat' dir='ltr'><strong>aptabat</strong></span> <span class='ocrx_word' id='word_1_256' title='bbox 372 3935 456 3968; x_wconf 75' lang='lat' dir='ltr'><strong>aranu.</strong></span> <span class='ocrx_word' id='word_1_257' title='bbox 491 3918 610 3979; x_wconf 84' lang='lat' dir='ltr'><strong>Quinctii.</strong></span> <span class='ocrx_word' id='word_1_258' title='bbox 650 3917 814 3964; x_wconf 81' lang='lat' dir='ltr'><strong>Devolcimur</strong></span> <span class='ocrx_word' id='word_1_259' title='bbox 836 3919 870 3964; x_wconf 84' lang='lat' dir='ltr'><strong>ad</strong></span> <span class='ocrx_word' id='word_1_260' title='bbox 890 3917 1029 3965; x_wconf 82' lang='lat' dir='ltr'><strong>bestiarum</strong></span> <span class='ocrx_word' id='word_1_261' title='bbox 1054 3917 1197 3966; x_wconf 67' lang='lat' dir='ltr'><strong>incantata-</strong></span> 
     </span>
     <span class='ocr_line' id='line_1_38' title="bbox 60 3995 1197 4058; baseline 0.004 -17"><span class='ocrx_word' id='word_1_262' title='bbox 60 3995 110 4045; x_wconf 86' lang='lat' dir='ltr'><strong>IV.</strong></span> <span class='ocrx_word' id='word_1_263' title='bbox 127 3995 239 4045; x_wconf 86' lang='lat' dir='ltr'><strong>Declam.</strong></span> <span class='ocrx_word' id='word_1_264' title='bbox 257 3998 281 4044; x_wconf 80' lang='grc'><strong>4.</strong></span> <span class='ocrx_word' id='word_1_265' title='bbox 315 3999 397 4045; x_wconf 82' lang='lat' dir='ltr'><strong>Arma</strong></span> <span class='ocrx_word' id='word_1_266' title='bbox 415 3999 477 4045; x_wconf 76' lang='lat' dir='ltr'><strong>miti</strong></span> <span class='ocrx_word' id='word_1_267' title='bbox 492 4000 546 4058; x_wconf 71' lang='lat' dir='ltr'><strong>ipae</strong></span> <span class='ocrx_word' id='word_1_268' title='bbox 562 4000 610 4046; x_wconf 75' lang='lat' dir='ltr'><strong>ctr—</strong></span> <span class='ocrx_word' id='word_1_269' title='bbox 651 4000 712 4050; x_wconf 80' lang='lat' dir='ltr'><strong>tent,</strong></span> <span class='ocrx_word' id='word_1_270' title='bbox 728 3996 777 4042; x_wconf 81' lang='lat' dir='ltr'><strong>imo</strong></span> <span class='ocrx_word' id='word_1_271' title='bbox 793 4009 850 4044; x_wconf 84' lang='lat' dir='ltr'><strong>uero</strong></span> <span class='ocrx_word' id='word_1_272' title='bbox 867 3996 991 4056; x_wconf 79' lang='lat' dir='ltr'><strong>amplias:</strong></span> <span class='ocrx_word' id='word_1_273' title='bbox 1009 3997 1030 4043; x_wconf 78' lang='lat' dir='ltr'><strong>ri</strong></span> <span class='ocrx_word' id='word_1_274' title='bbox 1047 3997 1147 4058; x_wconf 80' lang='lat' dir='ltr'><strong>quidem</strong></span> <span class='ocrx_word' id='word_1_275' title='bbox 1161 4000 1197 4046; x_wconf 78' lang='lat' dir='ltr'><strong>be·</strong></span> 
     </span>
     <span class='ocr_line' id='line_1_39' title="bbox 59 4074 1198 4139; baseline 0 -15"><span class='ocrx_word' id='word_1_276' title='bbox 59 4077 200 4135; x_wconf 56' lang='lat' dir='ltr'><strong>cumdeda,</strong></span> <span class='ocrx_word' id='word_1_277' title='bbox 224 4082 249 4124; x_wconf 86' lang='lat' dir='ltr'><strong>et</strong></span> <span class='ocrx_word' id='word_1_278' title='bbox 273 4079 327 4124; x_wconf 82' lang='lat' dir='ltr'><strong>ruis</strong></span> <span class='ocrx_word' id='word_1_279' title='bbox 348 4079 383 4125; x_wconf 82' lang='lat' dir='ltr'><strong>ad</strong></span> <span class='ocrx_word' id='word_1_280' title='bbox 400 4093 514 4139; x_wconf 65' lang='lat' dir='ltr'><strong>paenam</strong></span> <span class='ocrx_word' id='word_1_281' title='bbox 531 4079 610 4125; x_wconf 80' lang='lat' dir='ltr'><strong>mani·</strong></span> <span class='ocrx_word' id='word_1_282' title='bbox 649 4075 713 4122; x_wconf 79' lang='lat' dir='ltr'><strong>stiae</strong></span> <span class='ocrx_word' id='word_1_283' title='bbox 736 4074 778 4122; x_wconf 81' lang='lat' dir='ltr'><strong>aui</strong></span> <span class='ocrx_word' id='word_1_284' title='bbox 797 4075 893 4135; x_wconf 64' lang='lat' dir='ltr'><strong>ueneris</strong></span> <span class='ocrx_word' id='word_1_285' title='bbox 913 4074 1064 4121; x_wconf 69' lang='lat' dir='ltr'><strong>animanlibus</strong></span> <span class='ocrx_word' id='word_1_286' title='bbox 1079 4080 1198 4136; x_wconf 59' lang='lat' dir='ltr'><strong>purant.</strong></span> 
     </span>
     <span class='ocr_line' id='line_1_40' title="bbox 58 4150 1197 4216; baseline 0 -14"><span class='ocrx_word' id='word_1_287' title='bbox 58 4155 105 4202; x_wconf 78' lang='lat' dir='ltr'><strong>tus</strong></span> <span class='ocrx_word' id='word_1_288' title='bbox 121 4156 230 4216; x_wconf 78' lang='lat' dir='ltr'><strong>aptavit.</strong></span> <span class='ocrx_word' id='word_1_289' title='bbox 264 4155 330 4204; x_wconf 88' lang='lat' dir='ltr'><strong>Vide</strong></span> <span class='ocrx_word' id='word_1_290' title='bbox 347 4161 371 4203; x_wconf 91' lang='lat' dir='ltr'><strong>et</strong></span> <span class='ocrx_word' id='word_1_291' title='bbox 381 4155 503 4205; x_wconf 85' lang='lat' dir='ltr'><strong>Amtzen.</strong></span> <span class='ocrx_word' id='word_1_292' title='bbox 515 4156 546 4203; x_wconf 89' lang='lat' dir='ltr'><strong>ad</strong></span> <span class='ocrx_word' id='word_1_293' title='bbox 558 4155 610 4203; x_wconf 92' lang='lat' dir='ltr'><strong>Pli·</strong></span> <span class='ocrx_word' id='word_1_294' title='bbox 651 4152 735 4202; x_wconf 88' lang='lat' dir='ltr'><strong>Schol.</strong></span> <span class='ocrx_word' id='word_1_295' title='bbox 757 4152 788 4199; x_wconf 89' lang='lat' dir='ltr'><strong>ad</strong></span> <span class='ocrx_word' id='word_1_296' title='bbox 805 4150 921 4200; x_wconf 87' lang='lat' dir='ltr'><strong>Iuvenal.</strong></span> <span class='ocrx_word' id='word_1_297' title='bbox 940 4150 992 4201; x_wconf 86' lang='lat' dir='ltr'><strong>Sat.</strong></span> <span class='ocrx_word' id='word_1_298' title='bbox 1010 4151 1071 4200; x_wconf 88' lang='lat' dir='ltr'><strong>XV.</strong></span> <span class='ocrx_word' id='word_1_299' title='bbox 1092 4152 1146 4201; x_wconf 75' lang='lat' dir='ltr'><strong>lot.</strong></span> <span class='ocrx_word' id='word_1_300' title='bbox 1164 4154 1197 4202; x_wconf 85' lang='lat' dir='ltr'><strong>ct·</strong></span> 
     </span>
     <span class='ocr_line' id='line_1_41' title="bbox 59 4230 1200 4296; baseline 0.003 -18"><span class='ocrx_word' id='word_1_301' title='bbox 59 4231 96 4278; x_wconf 89' lang='lat' dir='ltr'><strong>nii</strong></span> <span class='ocrx_word' id='word_1_302' title='bbox 115 4231 243 4296; x_wconf 86' lang='lat' dir='ltr'><strong>Panegyr.</strong></span> <span class='ocrx_word' id='word_1_303' title='bbox 262 4233 300 4281; x_wconf 81' lang='lat' dir='ltr'><strong>la.</strong></span> <span class='ocrx_word' id='word_1_304' title='bbox 650 4236 687 4279; x_wconf 86' lang='lat' dir='ltr'><strong>tat</strong></span> <span class='ocrx_word' id='word_1_305' title='bbox 707 4231 790 4279; x_wconf 89' lang='lat' dir='ltr'><strong>locum</strong></span> <span class='ocrx_word' id='word_1_306' title='bbox 816 4231 951 4280; x_wconf 85' lang='lat' dir='ltr'><strong>Varronis:</strong></span> <span class='ocrx_word' id='word_1_307' title='bbox 979 4230 1057 4282; x_wconf 78' lang='lat' dir='ltr'><strong>Currit</strong></span> <span class='ocrx_word' id='word_1_308' title='bbox 1081 4233 1200 4282; x_wconf 82' lang='lat' dir='ltr'><strong>cuninam</strong></span> 
     </span>
     <span class='ocr_line' id='line_1_42' title="bbox 93 4311 761 4376; baseline 0.007 -20"><span class='ocrx_word' id='word_1_309' title='bbox 93 4311 246 4373; x_wconf 84' lang='lat' dir='ltr'><strong>Nunquam,</strong></span> <span class='ocrx_word' id='word_1_310' title='bbox 273 4312 326 4361; x_wconf 78' lang='lat' dir='ltr'><strong>nisi</strong></span> <span class='ocrx_word' id='word_1_311' title='bbox 353 4314 382 4360; x_wconf 81' lang='lat' dir='ltr'><strong>in</strong></span> <span class='ocrx_word' id='word_1_312' title='bbox 410 4314 511 4376; x_wconf 65' lang='lat' dir='ltr'><strong>dapar,</strong></span> <span class='ocrx_word' id='word_1_313' title='bbox 532 4311 609 4375; x_wconf 81' lang='lat' dir='ltr'><strong>feria.</strong></span> <span class='ocrx_word' id='word_1_314' title='bbox 650 4326 699 4359; x_wconf 80' lang='lat' dir='ltr'><strong>non</strong></span> <span class='ocrx_word' id='word_1_315' title='bbox 716 4318 761 4361; x_wconf 78' lang='lat' dir='ltr'><strong>ert.</strong></span> 
     </span>
    </p>
   </div>
   <div class='ocr_carea' id='block_1_9' title="bbox 1022 4391 1063 4455">
    <p class='ocr_par' dir='ltr' id='par_1_17' title="bbox 1022 4391 1063 4455">
     <span class='ocr_line' id='line_1_43' title="bbox 1022 4391 1063 4455; baseline 0.049 -2"><span class='ocrx_word' id='word_1_316' title='bbox 1022 4391 1063 4455; x_wconf 81' lang='lat'><strong>23</strong></span> 
     </span>
    </p>
   </div>
   <div class='ocr_carea' id='block_1_10' title="bbox 0 0 1462 5220">
    <p class='ocr_par' dir='ltr' id='par_1_18' title="bbox 0 0 1462 5220">
     <span class='ocr_line' id='line_1_44' title="bbox 0 0 1462 5220; baseline 0 5"><span class='ocrx_word' id='word_1_317' title='bbox 0 0 1462 5220; x_wconf 95' lang='lat' dir='ltr'><strong> </strong></span> 
     </span>
    </p>
   </div>
  </div>
 </body>
</html>
