2916 5220
626 318 968 383 CAllMINUM

451 515 600 579 Tractare
624 522 809 597 serpentes,
832 516 871 575 ut
893 513 1000 574 atrum

501 617 641 702 Corpore
665 614 864 680 combiberet
886 632 1048 678 venenum

410 719 597 785 Deliberabo
620 723 724 783 morte
748 715 900 782 ferocior:

412 821 523 887 Saevis
549 819 703 884 Liburnis
728 817 855 884 scilieet
877 815 1029 881 invidens

453 924 587 989 Privata
610 922 726 989 deduci
750 921 888 1007 superbo

496 1027 572 1092 Non
595 1026 732 1093 humilis
756 1024 874 1091 mulier
897 1022 1073 1107 triumpho.

230 1241 303 1303 ghius
320 1242 345 1289 in
362 1239 512 1304 praefatione
529 1239 643 1289 historiae
656 1253 781 1288 suaenar-
824 1240 880 1286 bela
903 1251 1005 1287 earne.
1040 1236 1164 1286 Theocrit.
1182 1235 1258 1299 Idyll.
1277 1234 1312 1284 A.
1330 1236 1370 1283 42.

230 1325 268 1368 ret
288 1321 318 1368 de
341 1319 433 1369 Carolo
450 1318 485 1367 V.
502 1325 632 1382 postquam
650 1319 781 1381 imperium
823 1317 902 1375 Φαίης
926 1334 968 1366 κεν
984 1316 1063 1380 γυίων
1081 1317 1123 1366 viv
1140 1315 1202 1364 ὅσον
1219 1313 1311 1371 σθένος
1329 1314 1370 1361 ἑλ-

230 1399 400 1454 abdicaverat,
430 1397 490 1460 quid
518 1396 609 1446 Franci
642 1397 673 1445 de
702 1403 782 1444 morte
823 1394 960 1444 λοπιεύειν.
990 1393 1049 1443 Ὧδε
1071 1394 1094 1443 oi
1113 1392 1240 1458 φ’ὂίικαντι
1255 1391 1310 1442 κατ’
1323 1393 1371 1441 ar'r-

230 1477 352 1525 Ludovioi
372 1475 448 1524 XIV.
471 1477 549 1538 deque
566 1475 626 1523 aula
641 1476 781 1538 Napoleon·
822 1471 885 1536 χένα
903 1473 1035 1522 πάντοθεν
1050 1475 1111 1530 ἶνες.
1144 1471 1232 1521 Valer.
1248 1471 1320 1519 Max.
1336 1471 1371 1520 V.

231 1556 263 1604 tis
288 1557 378 1604 iterum
404 1554 502 1614 deiecti,
524 1555 545 1601 is
570 1555 662 1616 optime
685 1554 781 1616 regiam
823 1552 847 1600 4.
881 1554 916 1600 Ia
937 1553 992 1600 illis
1017 1554 1097 1601 nautia
1112 1552 1277 1600 menbrorum
1294 1552 1371 1599 lineo-

231 1633 379 1697 Cleopatrue
396 1638 519 1682 tacentem
533 1633 664 1694 intelliget.
689 1634 781 1681 Emen·
823 1633 913 1680 mentis
931 1632 989 1679 aiau
1005 1646 1035 1678 aa
1055 1631 1185 1692 spirantia
1207 1645 1314 1693 corporo
1334 1630 1371 1676 irr-

232 1713 357 1761 dationem
374 1709 481 1758 Bentleii
498 1710 583 1773 paneis
599 1711 782 1759 commendavit
823 1711 891 1758 tueri
911 1710 1044 1758 eredentes.
1073 1709 1134 1757 Vid.
1155 1707 1252 1757 Heinsii
1273 1707 1372 1756 Adver-

233 1790 300 1840 Cort.
319 1790 351 1837 ad
367 1789 462 1838 Lucan.
471 1789 507 1837 II.
516 1790 573 1838 693.
595 1789 647 1836 vid.
661 1788 781 1837 etMarlr-
823 1803 871 1836 sar.
896 1803 952 1851 pag.
974 1789 1031 1838 722.
1064 1788 1202 1836 Burmann.
1227 1787 1259 1834 ad
1283 1785 1373 1834 Valer.

233 1870 300 1918 land.
318 1869 350 1916 ad
369 1869 443 1919 Statii
459 1868 479 1916 1.
499 1867 562 1917 silv.
580 1869 603 1916 3.
621 1869 661 1916 36.
822 1868 907 1916 Flaeoi
932 1869 968 1917 Π.
994 1867 1050 1916 465,
1085 1865 1200 1915 Oudend.
1225 1866 1257 1914 ad
1273 1866 1372 1928 Appul.

269 1950 376 2010 Corpore
392 1949 538 1996 conbiberet
558 1962 686 1996 serrarum.
722 1947 781 1995 Cor·
823 1948 926 1995 Metam.
946 1960 1003 2010 pag.
1021 1946 1077 1997 789.
1111 1944 1280 2007 Corrigendus
1298 1946 1372 1993 etiam

231 2043 292 2090 pore
308 2041 359 2074 non
375 2026 427 2074 siue
443 2030 575 2073 contemtu.
600 2024 726 2073 Potuissot
740 2042 782 2088 pe·
824 2025 864 2074 hic
881 2031 919 2074 est
936 2025 999 2075 Stat.
1016 2024 1066 2072 111.
1085 2023 1184 2074 Silas
1204 2024 1241 2071 19.
1276 2027 1372 2087 arrpui-

233 2111 307 2155 etore.
341 2104 376 2152 Ilt
396 2105 430 2151 sie
451 2103 544 2166 legitur
560 2105 587 2152 in
604 2103 660 2153 MS.
678 2104 781 2153 Mentel.
817 2104 953 2168 ferumque
972 2107 1083 2162 marana,
1107 2103 1197 2152 blando
1220 2117 1271 2164 qua
1292 2119 1373 2151 amsa

234 2184 276 2232 sed
298 2197 378 2246 neque
400 2183 430 2230 de
451 2189 522 2244 parte
539 2181 659 2245 eorporis,
675 2181 717 2229 eui
733 2196 782 2230 ser·
824 2199 914 2232 veneno
939 2184 1030 2232 Aestas
1055 2183 1182 2231 Ausonius
1202 2181 1276 2244 sapit
1303 2183 1373 2231 Cleo-

235 2268 321 2326 pentes
338 2261 487 2318 admoverit,
506 2275 572 2308 nune
582 2266 691 2319 constat,
702 2260 783 2309 multo
822 2268 903 2324 patra
918 2268 1027 2312 carmos.
1053 2262 1122 2323 Lege
1139 2275 1221 2310 morsa
1232 2276 1331 2319 venato,
1347 2262 1372 2309 id

234 2341 329 2398 minus,
340 2355 419 2404 quum
430 2340 550 2389 Horatius
560 2339 606 2388 hoe
616 2354 716 2388 carmen
725 2340 783 2389 seri·
824 2345 861 2387 ost
877 2354 961 2388 morsa
976 2338 1083 2387 colubris
1100 2337 1185 2386 blandi
1200 2337 1297 2396 veneni,
1305 2340 1372 2401 quod

234 2419 316 2469 bebat.
338 2418 492 2468 Schraderus
503 2419 642 2468 annotavit:
660 2419 734 2467 “Non
746 2420 783 2467 in·
824 2433 910 2468 somno
935 2419 1059 2467 hominem
1083 2416 1227 2480 exstinguit.
1261 2417 1302 2465 Ita
1322 2419 1373 2466 iam

235 2499 362 2546 venustius
378 2497 504 2559 legeretur
520 2501 630 2561 aspidas.
656 2498 783 2547 Victorius
825 2498 942 2547 Heinsius
958 2498 1139 2547 emendaverat.

235 2576 297 2624 Var.
315 2577 384 2625 Leet.
402 2576 450 2625 IV.
468 2577 508 2626 22.
526 2585 598 2641 putat
613 2593 696 2628 errare
707 2593 783 2628 novos
859 2577 1009 2624 Deliberata
1024 2583 1103 2625 morte
1109 2576 1227 2639 feroram.
1249 2575 1374 2638 Interpre-

235 2653 352 2715 picbores,
373 2654 443 2703 uberi
459 2662 596 2718 serpentem
614 2658 785 2715 admoventes,
825 2651 913 2701 lationi
933 2653 983 2701 sint
1006 2653 1067 2703 haec
1088 2653 1166 2703 Plinii
1186 2655 1208 2703 I.
1230 2655 1310 2718 Epist.
1332 2655 1372 2703 22.

236 2745 294 2778 eum
309 2746 359 2780 non
376 2734 468 2795 pectori
484 2735 526 2782 sed
551 2735 652 2784 brachio
668 2737 784 2786 admovit.
826 2732 896 2780 Nam
911 2733 1007 2795 impetu
1023 2734 1130 2796 quodam
1144 2739 1169 2782 et
1181 2735 1306 2783 instinctu
1318 2749 1373 2797 pro·

237 2810 319 2858 Fuere
339 2817 423 2858 tamen
444 2810 497 2869 alii,
523 2813 566 2874 qui
585 2816 678 2877 pecarii
699 2818 783 2865 admo.
826 2812 1374 2871 eurrereadmortem‚eommuneaumnaal-

237 2889 301 2937 visse
318 2888 408 2936 dicant.
433 2889 574 2952 Eutychius
590 2892 722 2945 inAnnal.
740 2897 784 2947 Ze·
827 2891 873 2937 2²3⁹:
899 2890 1037 2938 deliberare
1060 2904 1130 2945 vtro,
1151 2895 1177 2938 et
1197 2904 1300 2939 camut
1321 2893 1376 2940 eius

238 2967 294 3015 nob.
317 2966 388 3017 Ceut.
411 2966 487 3017 Prov.
508 2969 541 3018 V.
567 2972 608 3021 24.
630 2979 655 3022 et
679 2975 786 3026 Anthol.
826 2969 975 3030 apeme,
991 2969 1099 3031 4749971448
1115 2974 1153 3017 844
1166 2970 1253 3017 ssm'ml·
1270 2970 1376 3018 Dictum

237 3046 376 3095 Burmann.
394 3047 425 3096 T.
444 3047 465 3096 I.
483 3064 506 3111 p.
529 3050 586 3098 225,
620 3053 655 3100 Et
676 3053 711 3101 sic
730 3069 786 3104 eon·
828 3047 927 3095 Horatii
952 3047 1038 3095 multis
1063 3047 1162 3095 videtur
1182 3047 1316 3110 placuisse,
1333 3051 1377 3112 qui

238 3125 342 3188 spicitur
352 3125 379 3173 in
390 3141 488 3188 gemma
499 3129 565 3191 apud
578 3128 713 3180 Gorlaeum
722 3134 786 3182 Dm.
827 3125 948 3175 imitando
959 3132 1141 3190 expresserunt.
1157 3127 1254 3175 Lucan.
1262 3126 1312 3175 IV.
1320 3129 1376 3178 534.

239 3204 284 3266 tyl.
302 3203 333 3253 P.
351 3204 428 3254 11.n.
449 3207 503 3254 196.
526 3206 594 3257 Vide
609 3210 737 3261 Drakenb.
755 3215 787 3261 ad
827 3208 913 3255 stabat
929 3208 1018 3255 devota
1033 3208 1149 3255 iuventas
1173 3207 1308 3254 Damnata
1325 3207 1377 3254 iam

240 3281 284 3332 Sil.
310 3282 436 3334 11.417.··
470 3284 605 3335 Ponnanus
630 3288 656 3336 in
681 3290 786 3341 Anthol.
828 3268 981 3347 ludb'iirvx·
1017 3283 1113 3334 Statius
1134 3284 1197 3333 XII·
1222 3282 1302 3333 Theb·
1319 3285 1376 3335 760·

238 3361 377 3410 Burmann.
403 3363 424 3412 Ι.
450 3379 506 3426 pag.
527 3365 590 3415 225:
606 3368 681 3416 etiam
700 3376 788 3431 pertire
828 3362 889 3410 Iam
905 3363 1093 3426 arausinas,
1109 3369 1185 3426 elprae
1199 3364 1286 3411 ausas
1298 3371 1377 3415 morte

240 3442 358 3490 nominat.
384 3444 534 3504 Pietafait
550 3448 674 3507 quondam
691 3449 789 3497 Pharii
821 3441 927 3504 futura·
952 3442 1032 3491 Tacit·
1053 3442 1089 3491 Il·
1111 3442 1177 3491 Hist·
1198 3442 1238 3490 46-
1276 3442 1377 3504 Olm-

239 3522 327 3582 rapina
346 3521 452 3581 Cartopi,
464 3521 692 3586 Arufieismmata
703 3542 788 3586 uranu,
829 3523 905 3570 batur
924 3522 990 3570 Otho
1006 3523 1136 3578 naamam,
1154 3535 1311 3583 ⁷⁸&ssssde
1328 3525 1377 3569 fre·

240 3613 300 3647 uum
316 3600 397 3647 vium
412 3613 511 3660 serpens
525 3599 660 3663 Creditur,
671 3608 696 3650 et
707 3619 789 3653 prorsa
827 3599 904 3660 vidus
920 3605 945 3648 et
960 3600 1055 3648 conara
1071 3605 1162 3648 saraa.
1180 3598 1274 3649 Senem
1282 3598 1376 3661 Agam-

240 3678 352 3737 pandens
367 3678 428 3725 dare
437 3677 502 3740 sata
520 3678 630 3740 papilla.
666 3681 688 3728 0
713 3697 788 3743 quam
829 3677 884 3725 210.
912 3679 970 3725 Non
986 3679 1073 3726 naeltor
1090 3678 1168 3738 Aias,
1184 3679 1377 3726 rnortedeereta

241 3756 303 3804 vivit
327 3759 403 3818 opus!
424 3771 501 3818 quom
522 3772 603 3818 paene
618 3757 708 3820 flpara
724 3762 788 3810 dolo-
821 3755 925 3819 fureris·
959 3755 1108 3804 Ambrosius
1133 3756 1164 3805 Τ.
1182 3756 1219 3804 11.
1244 3771 1302 3818 pag·
1319 3755 1377 3805 540·

241 3849 294 3884 rem
304 3834 476 3890 saltitare
492 3836 546 3898 ipso
562 3837 671 3884 moratur
683 3839 788 3901 pletura
831 3836 963 3884 contemta
978 3840 1057 3883 nwrte
1066 3833 1185 3897 sooner.
1219 3833 1290 3884 Conf.
1308 3832 1376 3884 Cort.

241 3917 346 3962 venato!
380 3912 453 3961 Tolle
482 3927 514 3962 ex
540 3913 652 3963 versibus
677 3917 788 3979 pulcher·
828 3913 860 3961 ad
876 3913 971 3962 Lucan.
988 3913 1037 3962 IV.
1055 3913 1110 3964 487.
1144 3913 1176 3961 In
1193 3912 1319 3976 Porphyr.
1332 3926 1377 3975 pro

242 3991 311 4040 rimis
334 3992 460 4054 ingratam
480 3993 662 4056 repetitionem:
686 4010 789 4059 serpens
828 3995 927 4055 capuita
943 3991 992 4055 leg.
1009 3993 1108 4040 videtur
1124 3993 1242 4054 capituto.

131 4060 150 4091 '⁵
242 4073 317 4130 mult,
333 4087 396 4135 opus
412 4073 487 4129 aluit,
513 4078 537 4121 et
562 4073 628 4136 lege:
666 4076 688 4123 O
713 4092 788 4139 quom
862 4070 950 4118 Suavis
962 4070 1085 4118 Liburnia.
1103 4069 1157 4118 Hos
1169 4069 1269 4119 volebat
1278 4070 1377 4133 Papias,

242 4150 326 4210 spirat
346 4154 420 4212 opas!
455 4150 500 4200 Sil.
522 4152 581 4200 Ital.
602 4152 638 4200 II.
660 4154 716 4202 429.
752 4157 789 4203 At
829 4151 911 4198 dicens
923 4157 1051 4213 promptos
1064 4153 1098 4200 ud
1111 4152 1271 4200 nrorimadum.
1289 4151 1378 4214 ltaque

242 4230 324 4277 senior
354 4229 447 4278 Siculis
467 4233 581 4279 assultat
603 4233 741 4281 Hanaileor
761 4236 790 4282 in
830 4229 1095 4280 nonrecteOramerus
1107 4229 1378 4280 adluvenal.Sat.VI·

244 4306 324 4355 arao:
343 4306 490 4366 Spirantem
501 4310 589 4358 medas
600 4311 788 4360 certamiaean·
831 4310 889 4360 744.
906 4307 1007 4370 oorrigit
1021 4314 1151 4372 promptos
1168 4310 1202 4358 ad
1217 4311 1379 4359 currendam.

731 4412 895 4436 *⁴0⁶*-
