2916 5220
526 316 699 380 ciruitu
745 315 803 377 IV.

323 503 452 570 Obortis
479 503 665 568 inornatum
692 501 811 580 silebo,

362 608 462 672 Totve
486 613 559 671 tuos
584 605 691 690 patiar
714 605 840 669 labores

273 710 427 794 Impune,
453 709 560 791 Lolli,
586 730 716 795 carpere
741 706 860 771 lividas

277 812 476 878 Obliviones.
526 813 590 876 Est
612 812 744 876 animus
769 809 831 874 tibi

320 916 506 1001 Rerumque
529 915 672 1001 prudens
697 918 730 978 et
753 911 903 977 secundis

362 1019 575 1105 Temporibus
599 1018 774 1103 dubiisque
797 1021 927 1095 rectuS,

272 1122 403 1187 Vindex
426 1145 541 1188 avarae
565 1121 690 1187 fraudis
715 1126 748 1186 et
771 1118 940 1184 abstinens

276 1225 435 1291 Ducentis
460 1226 502 1290 ad
526 1248 560 1291 se
584 1230 704 1290 cuncto
726 1221 900 1309 pecuniae,

95 1383 137 1444 qui
155 1383 205 1430 illis
227 1385 392 1446 temporibus,
414 1386 456 1433 diu
478 1392 535 1433 ante
553 1385 644 1433 Home·
685 1387 738 1445 ria,
755 1388 805 1434 aiei
822 1392 945 1449 quatenus
957 1387 1075 1434 ruemoriu
1086 1387 1237 1434 alterutrius

94 1476 165 1519 rum,
189 1461 275 1510 laudes
296 1463 400 1513 heroum
422 1464 555 1526 diligenter
570 1479 643 1513 caue-
685 1467 838 1529 scriptorum
855 1466 968 1528 beneficio
983 1470 1143 1527 proruamur.
1169 1468 1237 1524 Quot

94 1546 163 1597 rent,
180 1543 222 1589 sed
239 1541 409 1592 infelicitatem
418 1544 537 1601 heroum,
554 1544 645 1606 quibus
686 1549 711 1591 et
728 1551 836 1606 quantoe
852 1546 992 1593 arbitraris
1003 1543 1089 1606 fuieee
1105 1559 1185 1606 repes,
1207 1546 1237 1592 de

94 1619 220 1667 virtutum
228 1635 278 1669 non
290 1622 404 1684 obtigerit
415 1636 503 1685 praeco
514 1630 566 1670 tem
577 1638 646 1685 prue-
686 1624 775 1684 quihus
791 1639 871 1672 sermo
888 1639 1012 1686 uurquam
1029 1628 1066 1671 est
1083 1628 1129 1671 aut
1146 1624 1237 1683 capilu-

95 1697 646 1759 clarus,utrantosillius,sieuti11iuset
688 1702 743 1749 tle?
768 1704 906 1751 Inutiliter
928 1705 964 1750 eie
985 1706 1109 1764 peruritur
1125 1702 1237 1764 epreqiu,

95 1774 349 1840 Odyssee,memoria
358 1780 450 1827 servati
461 1778 561 1828 fuerint.
580 1779 645 1829 Scri·
686 1783 814 1841 perpetuis
832 1782 939 1830 tenebris
959 1780 1114 1835 obducenda,
1138 1781 1190 1828 ulei
1208 1781 1236 1827 li·

95 1855 206 1903 bendum
223 1871 322 1906 censeo:
347 1860 472 1907 Paullum
493 1861 587 1921 sepulti
609 1860 646 1907 di·
687 1863 802 1906 terurum
835 1861 890 1908 luce
917 1861 1071 1908 clarescant.
1123 1857 1236 1907 Gualter.

93 1941 147 1983 slat
168 1938 277 1985 inertiae
304 1935 394 1986 Celata
414 1938 505 1986 uirtus.
539 1937 646 1985 “Virtus
687 1936 827 1986 Alexandr.
845 1937 866 1986 Ι,
885 1939 940 1986 494,
960 1939 1023 1984 Paet
1039 1941 1143 1984 mortem
1159 1939 1238 1986 cineri

94 2013 203 2062 lrominIs
219 2014 321 2077 sepulti,
338 2015 360 2062 si
377 2015 457 2065 celata
474 2017 506 2064 sit
522 2017 646 2079 nequead
687 2032 718 2064 ue
734 2018 799 2065 desit
809 2017 1002 2080 famaeepulto.
1027 2015 1074 2064 VI.
1087 2016 1126 2064 98.
1149 2017 1237 2064 Vivere

93 2097 249 2153 posterorum
266 2095 379 2142 notitiam
396 2096 503 2153 venerit,
531 2094 645 2157 paullum
686 2110 732 2156 per
742 2096 845 2159 sauram
863 2097 966 2145 dabitur
980 2099 1039 2157 poet
1048 2094 1115 2153 futu
1125 2097 1237 2156 sepultis.

95 2169 171 2217 distat
188 2171 219 2218 eb
236 2172 330 2221 Inertis.
357 2173 454 2221 Purum
471 2174 554 2232 refert,
571 2173 646 2221 fueris
687 2173 803 2224 Fortasse
824 2181 849 2222 ct
870 2175 975 2236 vulgatu
995 2173 1081 2221 eodem
1098 2173 1148 2221 fere
1166 2173 1238 2221 modo

94 2247 170 2296 homo
191 2249 261 2297 fortis
287 2266 319 2298 en
345 2251 423 2309 inere,
448 2250 555 2300 κάτθαν’
580 2251 647 2316 ὁμῶς
688 2253 766 2316 accipi
789 2259 910 2316 poterent.
945 2253 1049 2299 Iuertia
1076 2254 1177 2313 sepulta
1202 2259 1239 2300 est

95 2324 110 2374 u
127 2325 150 2375 τ’
167 2327 257 2392 αέργὸς
274 2329 354 2394 ἀνὴρ,
372 2329 423 2378 ὅτε
441 2330 528 2377 πολλὰ
545 2329 646 2393 ἐοργώς,
689 2330 762 2378 homo
778 2332 844 2380 iners
861 2330 985 2393 sepultus,
1007 2335 1035 2375 ut
1056 2329 1135 2391 Epist.
1152 2329 1187 2378 II.
1216 2331 1237 2378 l.

98 2407 146 2454 nisi
163 2413 222 2455 tuae
238 2407 324 2456 laudes
345 2415 400 2471 post
421 2414 526 2457 mortem
546 2414 648 2456 tuumu
688 2409 728 2457 88.
754 2411 856 2472 iupeuiu
875 2409 975 2470 sepulta
995 2413 1054 2454 sunt
1074 2407 1185 2456 homines
1202 2409 1238 2456 in-

94 2485 173 2547 po'etis
182 2486 328 2548 vulgentur.
346 2487 415 2535 Dum
426 2486 501 2544 vivis,
514 2488 550 2535 tui
559 2503 648 2550 aequa·
689 2487 783 2549 geniosi
800 2485 900 2548 sepulti.
934 2486 968 2534 Et
993 2484 1028 2532 sIc
1044 2488 1126 2534 virtue
1143 2490 1237 2545 celata,

94 2564 131 2612 les
149 2565 180 2613 de
197 2570 221 2613 te
238 2565 382 2628 loquuntur,
391 2567 421 2614 de
434 2567 553 2614 inertibus
568 2566 647 2614 siIcnt.
689 2566 800 2615 homines
817 2564 910 2612 virtute
926 2563 1084 2623 excellentes
1095 2565 1179 2622 celati,
1189 2581 1238 2615 non

95 2643 193 2692 Inertes
217 2645 268 2692 iem
290 2651 344 2693 tum
371 2646 463 2709 sepulti
488 2654 554 2693 sunt.
599 2644 647 2694 Sed
688 2645 792 2694 laudati.
810 2644 942 2694 Caeterum
951 2642 1238 2704 EginhardusinPreet

95 2739 174 2787 quum
191 2730 215 2772 et
233 2730 261 2771 tu
278 2725 432 2783 moreris,in
446 2724 531 2773 eodem
550 2724 597 2772 eris
616 2724 647 2771 si·
688 2724 765 2773 Vitae
790 2724 874 2773 Caroli
898 2723 935 2772 M.
958 2723 1041 2771 Iocum
1066 2723 1165 2772 Horatii
1181 2731 1239 2774 aute

95 2803 183 2862 lentio,
202 2803 228 2850 in
245 2817 294 2864 quo
311 2810 370 2851 sunt
387 2804 491 2860 inertes,
513 2804 573 2865 quia
590 2808 647 2850 vate
689 2803 774 2850 oculos
791 2802 910 2850 habebut:
930 2803 1021 2850 Satius
1033 2802 1144 2852 iudicavi
1154 2807 1239 2854 eudem

95 2897 176 2939 caree,
202 2888 247 2929 tua
269 2881 349 2944 gloria
373 2898 416 2944 per
438 2890 520 2931 vatem
547 2883 578 2929 ad
603 2896 648 2930 nos
689 2886 824 2932 memoriae
844 2889 1002 2945 postera-um
1024 2884 1136 2942 tradere,
1163 2901 1238 2947 quam

95 2975 146 3008 non
162 2959 297 3023 pervenit.'’
323 2961 418 3009 Eadem
435 2960 510 3024 plane
526 2962 648 3009 sententia
688 2964 753 3024 repis
761 2963 963 3012 excellentissimi
970 2963 1014 3009 uie
1021 2962 1157 3012 imitabiles
1166 2971 1239 3013 actae

95 3044 133 3086 cst
157 3038 184 3085 iu
206 3037 323 3088 Cicerone
348 3053 393 3102 pro
414 3039 512 3087 Archia
532 3053 585 3103 cap.
610 3041 647 3090 10.
687 3042 745 3102 pati
761 3042 892 3089 oblivionis
910 3040 1018 3088 tenebris
1035 3041 1136 3089 aboleri.

96 3118 157 3166 Nisi
174 3118 241 3165 Ilias
256 3119 303 3165 illu
312 3119 464 3175 exstitisset,
480 3119 545 3167 idem
562 3124 646 3167 tumu·
725 3121 824 3167 Vindex
839 3134 932 3167 avarae
941 3119 1049 3180 fraudis
1068 3126 1093 3168 et
1107 3123 1238 3172 abstinens.

97 3196 150 3256 lus,
176 3197 220 3258 qui
241 3211 331 3258 eorpus
358 3199 467 3246 Achillis
488 3203 647 3257 corutexerut,
690 3195 799 3245 Omnino
816 3196 972 3244 scribendum
995 3199 1092 3246 Vindex
1109 3215 1239 3249 auuraeer

96 3289 184 3322 acmen
208 3275 285 3323 etium
312 3277 441 3325 obruisset.
478 3276 534 3324 Hoc
558 3292 648 3340 nempe
682 3275 797 3339 fraudis.
832 3275 905 3336 Quod
927 3273 1031 3322 refertur
1056 3289 1106 3322 non
1132 3278 1238 3341 amphus

97 3352 224 3400 accidisset
239 3352 337 3401 Achilli
358 3360 469 3414 mortuo,
486 3359 595 3417 sepulto,
612 3358 647 3405 vi·
688 3355 720 3402 ed
737 3355 850 3403 animum
871 3354 959 3410 Lollii,
984 3354 1026 3402 scd
1053 3355 1134 3417 ipsum
1159 3355 1237 3404 homi-

97 3432 166 3481 venti
179 3432 288 3481 accidere
300 3448 350 3482 non
361 3435 449 3496 potuit.
466 3435 564 3483 Auson.
578 3435 646 3484 Prot.
688 3449 753 3483 nem.
788 3435 842 3483 Iam
864 3433 952 3482 melius
974 3432 1114 3496 appellatur
1140 3435 1238 3483 unimus

95 3511 202 3582 Burdig.
220 3511 254 3560 X.
272 3511 313 3561 Ne
327 3513 428 3574 puriter
440 3515 550 3561 tumulus
561 3528 648 3562 uomere
688 3514 797 3577 prudens
813 3521 838 3562 et
855 3527 949 3576 aequus
965 3513 992 3560 in
1009 3518 1114 3575 utraque
1131 3513 1238 3572 fortune,

97 3599 122 3641 et
146 3607 201 3641 ossa
227 3598 301 3656 tepet.
348 3592 441 3643 Similis
465 3599 502 3641 est
527 3593 649 3642 sententie
689 3600 713 3642 et
730 3595 804 3642 homo
829 3593 921 3641 vindex
947 3591 1039 3640 fraudis
1064 3600 1089 3641 et
1114 3593 1238 3643 abstinens

98 3670 182 3721 Ovidii
198 3671 276 3720 XIII.
293 3670 396 3720 Metam.
414 3671 470 3720 446.
502 3674 650 3736 Obrutaque
688 3673 817 3735 pecuniae,
836 3672 878 3721 sed
895 3671 1034 3720 emendatio
1055 3678 1139 3720 nostra
1154 3673 1238 3737 impri-

97 3756 135 3799 eet
167 3766 262 3799 mecum
291 3752 397 3800 erirtutie
426 3754 512 3814 pratia
539 3759 647 3802 uestrae.
688 3753 734 3799 mis
751 3750 889 3801 necessarie
905 3760 954 3809 est,
972 3751 1030 3813 quia
1047 3749 1156 3813 alioquin
1172 3752 1238 3799 idem

99 3827 202 3878 Sucton.
225 3830 336 3892 August.
365 3829 402 3878 18.
428 3833 571 3893 suptarus,
597 3835 649 3882 uteo
689 3831 787 3879 animus
821 3831 942 3877 diceretur
972 3832 1058 3878 camut
1087 3846 1136 3879 aaa
1163 3832 1239 3878 auius

97 3909 218 3957 cadauere
246 3909 404 3968 Alexandri,
432 3915 535 3971 ropertus
565 3925 599 3958 uu
624 3917 649 3959 et
689 3912 750 3957 uani
777 3916 801 3957 et
818 3912 894 3957 iudea
915 3910 1041 3956 honestum
1058 3910 1119 3956 utili
1135 3915 1238 3971 praetu-

99 3989 256 4038 Ptolemaeos
266 3990 389 4051 inspicere
399 3990 571 4048 uellet,dixit:
585 3991 649 4039 “Re·
690 3990 762 4037 litet
785 3991 837 4036 alto
859 3989 933 4034 vultu
955 3989 1020 4034 dona
1045 3988 1137 4035 reiecit.
1171 3987 1238 4034 Nam

99 4081 156 4129 gem
173 4080 199 4114 se
216 4068 324 4116 voluisse
341 4067 438 4126 videre,
454 4067 648 4117 nonmortuos.''
689 4065 751 4113 nihil
777 4064 918 4113 affectatum
941 4070 991 4122 est,
1017 4064 1037 4111 si
1062 4064 1108 4111 hoc
1128 4079 1178 4113 non
1194 4073 1238 4114 est.

99 4147 224 4195 Iohannes
242 4147 360 4196 sarisber.
397 4148 524 4211 Polycret.
546 4147 648 4210 Prolog.
690 4145 778 4208 Itaque
803 4144 884 4193 Faber
909 4150 934 4192 et
961 4142 1089 4192 Ducierius
1115 4153 1239 4207 negarunt

99 4238 156 4287 pag.
177 4225 197 4272 l.
224 4226 324 4274 Eadem
345 4232 380 4275 est
402 4229 471 4275 asini
491 4233 516 4275 et
540 4228 650 4276 cuiusvis
690 4225 737 4272 ista
762 4223 815 4271 ullo
837 4222 909 4270 modo
931 4236 1001 4285 posse
1017 4223 1137 4270 excusari.
1171 4222 1237 4271 Ben-

101 4305 270 4366 Imperutorie
285 4310 342 4366 past
355 4307 477 4355 veredicum
493 4311 590 4367 tempus
601 4307 650 4368 plo·
690 4303 762 4352 tleins
780 4317 872 4365 magna
889 4301 1059 4364 exemplorum
1077 4302 1157 4364 copia,
1174 4301 1239 4350 simi-
