2916 5220
521 347 695 410 itisslilt
741 348 796 409 lV.

274 533 437 597 Donarem
462 532 623 617 tripodas,
647 535 791 618 praemia
814 534 948 599 fortium

273 636 466 718 Graiorum,
491 658 596 722 neque
619 642 656 701 tu
679 637 823 722 pessima
845 659 1016 702 munerum

272 739 406 822 Ferrea,
431 738 535 804 divite
557 761 610 804 me
635 740 761 806 scilicet
784 741 923 822 artium,

272 841 360 920 Quas
383 847 441 906 aut
465 843 659 908 Parrhasius
684 843 823 928 protulit
846 851 904 908 aut
930 844 1068 929 Scopas,

272 945 337 1010 Hie
362 967 460 1028 saxo,
485 946 621 1032 liquidis
645 947 702 1012 ille
726 947 887 1012 coloribus

273 1048 393 1114 Sollers
417 1072 504 1115 nune
530 1050 698 1114 hominem
720 1072 856 1137 ponere,
881 1072 968 1115 nunc
994 1051 1109 1114 Deum.

272 1152 336 1217 Sed
359 1175 425 1218 non
449 1153 528 1218 haec
551 1153 634 1217 mihi
658 1153 727 1219 vis:
753 1176 818 1218 non
843 1153 904 1219 tibi
929 1153 1047 1218 talium

273 1255 336 1319 Res
361 1261 412 1320 est
435 1262 492 1319 ant
515 1256 646 1320 animus
671 1256 863 1321 deliciarum
886 1278 994 1342 egens.

273 1357 404 1423 Gaudes
429 1359 645 1424 carminibus:
670 1359 816 1424 earmina
838 1381 1014 1445 possumus

273 1462 401 1527 Donare
425 1469 459 1529 et
480 1463 624 1548 pretinm
649 1464 754 1528 dicere
778 1463 934 1527 muneris.

271 1565 346 1630 Non
370 1567 475 1632 incisa
498 1568 586 1632 notis
611 1589 774 1631 marmora
797 1566 956 1651 publicis,

269 1671 337 1734 Per
360 1693 440 1756 qaae
463 1675 602 1755 spiritns
626 1681 655 1734 a
677 1675 741 1735 cita
764 1670 847 1734 redit
869 1669 955 1734 boais

90 1819 641 1883 aeraplerumqueindicantstaiaaaacaeas.
683 1821 860 1882 animumque,
886 1834 965 1882 neque
993 1819 1058 1868 idem
1082 1819 1231 1883 significant,

90 1899 155 1947 Mox
172 1905 255 1948 autem
273 1901 343 1957 dicit,
365 1913 389 1946 se
407 1897 542 1947 Censorino
559 1899 642 1961 singu-
684 1899 754 1948 Haec
778 1905 861 1947 autem
883 1899 964 1947 minus
980 1899 1004 1947 b.
1022 1898 1038 1947 l.
1056 1900 1214 1948 conveniunt.

91 1979 144 2029 lare
161 1978 260 2040 aliquod
278 1992 370 2025 munus
387 1992 439 2026 esse
456 1979 579 2036 datumm
590 1984 640 2026 sta·
716 1981 774 2026 Noa
791 1980 873 2026 incisa
889 1979 956 2026 actis
973 1993 1101 2026 maraiara
1116 1981 1231 2042 publicis.

92 2063 163 2105 taam
175 2071 263 2119 nempe
274 2057 314 2105 vel
326 2056 419 2119 pictam
431 2060 551 2106 tabulam.
569 2057 641 2118 Quod
681 2055 751 2104 Haec
772 2064 796 2105 et
818 2057 987 2120 praecedentia
1004 2063 1061 2104 ante
1077 2058 1161 2106 oculos
1178 2057 1232 2106 lire·

91 2151 142 2186 non
159 2143 223 2184 esset
240 2137 378 2198 singulare,
400 2137 421 2183 si
442 2137 515 2185 amici
532 2138 582 2184 iam
600 2152 641 2184 aa·
681 2143 741 2183 runt
766 2137 872 2193 homini,
897 2137 941 2200 qui
961 2136 1064 2185 Valerio
1089 2138 1179 2186 Flacco
1196 2138 1231 2186 Π,

91 2217 212 2278 cepissent
227 2221 336 2264 statuas.
365 2216 415 2264 Tot
431 2215 590 2264 difficultates
607 2215 642 2264 fa·
683 2216 738 2265 465.
760 2216 805 2263 hos
826 2222 875 2264 tres
892 2229 978 2263 versus
995 2215 1105 2264 affinxit:
1132 2219 1232 2265 Exani-

91 2295 172 2356 ciunt,
189 2301 218 2342 ut
229 2294 385 2343 scribendum
396 2300 495 2358 putem:
517 2297 642 2343 Donarem

90 2381 197 2438 pateras
223 2381 300 2437 atque
321 2374 470 2431 Corinthia,
495 2373 642 2431 Camarina,

92 2455 152 2502 erreis
176 2469 237 2502 aero
260 2455 394 2503 sodalibus.
427 2455 509 2515 Quam
528 2453 642 2501 emcnda-

93 2534 185 2582 tionem
202 2548 252 2582 non
269 2534 344 2596 longe
357 2550 372 2581 a
383 2533 492 2596 vulgatis
512 2534 642 2581 literarum

92 2613 207 2661 ductibus
228 2614 352 2662 discedere
370 2613 408 2660 illi
424 2613 515 2676 optime
538 2618 642 2669 norunt,

91 2692 135 2756 qui
152 2702 236 2742 vetera
253 2693 330 2742 MSS.
348 2698 525 2750 tractaverunt,
543 2697 567 2740 et
584 2692 642 2739 istas

91 2771 222 2820 literarum
233 2771 325 2819 formas
336 2770 382 2818 sibi
392 2776 575 2832 repraesentare
589 2785 642 2833 pos-

14 2912 19 2918 .
91 2857 157 2898 sunt.
191 2854 261 2899 Aera
280 2851 426 2906 Corinthio,
444 2863 508 2912 quac
519 2848 643 2911 Virgilius

91 2931 127 2979 11.
151 2929 241 2992 Georg.
259 2930 315 2977 464.
336 2934 409 2975 vocat
433 2929 593 2989 Ephyraeis,
618 2935 643 2976 et

90 3009 182 3058 eximie
201 3009 349 3065 Corinthia,
373 3007 500 3055 intellecto
520 3022 582 3054 aera
602 3007 642 3055 vel

90 3104 152 3138 casa
167 3089 265 3137 notiora
281 3092 351 3146 snut,
368 3101 444 3150 quam
463 3091 490 3132 ut
506 3085 537 3133 de
553 3085 581 3132 iis
599 3084 642 3133 ali·

91 3167 151 3230 quid
183 3167 302 3214 dieamus.
344 3165 411 3213 Vide
440 3164 584 3226 interpretes
611 3165 642 3211 ad

91 3247 252 3310 Propertium
263 3245 313 3294 III.
322 3246 346 3292 3.
355 3245 395 3292 28.
406 3250 432 3292 et
440 3243 545 3292 Florum
557 3244 592 3292 II.
604 3244 641 3292 16.

127 3327 212 3389 Neque
232 3330 261 3373 ta
277 3326 385 3386 pessima
402 3339 533 3371 irraneram
545 3323 641 3386 ferrea.

682 2311 750 2344 marn
771 2297 860 2350 aelati,
884 2297 967 2342 inuita
992 2299 1076 2343 tamea
1101 2301 1157 2343 arie
1178 2311 1231 2344 eoa·

682 2381 751 2423 etam
768 2375 867 2422 Moeret
883 2375 957 2422 abar:
977 2375 1102 2421 Pariusve
1117 2380 1191 2422 notae
1207 2381 1232 2423 et

682 2458 783 2503 aoaiiaa
799 2455 876 2502 arrisit
896 2453 961 2502 Cam
978 2454 1056 2515 lapis,
1078 2457 1124 2501 ant
1141 2455 1232 2515 liquidi

682 2534 798 2597 reserant
814 2535 932 2582 miranda
949 2533 1049 2582 colores.
1071 2531 1172 2580 Hieron.
1180 2532 1231 2580 111.

683 2613 802 2662 adversus
819 2613 951 2662 Rufinum:
976 2614 1065 2661 Incisa
1080 2612 1190 2674 publicis
1203 2611 1232 2657 ii·

683 2694 745 2742 teris
761 2709 823 2741 aera
839 2705 971 2756 eoqaosaes.

718 2774 771 2820 Per
791 2788 855 2834 qaae
875 2773 984 2834 spiritns
1000 2777 1025 2820 et
1041 2772 1095 2819 aito
1111 2771 1179 2819 redit
1195 2773 1233 2819 bo·

682 2853 730 2899 ais.
765 2851 893 2901 Sententia
908 2850 1007 2898 Horatii
1023 2857 1071 2898 est:
1095 2851 1152 2898 Non
1169 2864 1233 2898 mar·

683 2945 754 2979 mora
774 2932 837 2979 notis
856 2929 962 2993 publicis
979 2930 1067 2987 incisa,
1089 2930 1181 2977 clarius
1197 2930 1233 2978 in·

683 3010 766 3057 dicant
783 3010 869 3058 laudea
886 3010 970 3067 illius,
987 3010 1030 3072 qui
1041 3009 1135 3057 domita
1146 3008 1235 3058 Africa

683 3103 773 3138 nomen
790 3089 902 3136 lucratus
919 3088 1007 3144 rediit,
1029 3103 1105 3150 quam
1122 3088 1233 3137 Pierides

683 3167 812 3216 Calabrae.
853 3168 938 3230 Atque
963 3166 1023 3215 haec
1049 3167 1171 3214 sententia
1196 3174 1234 3216 est

683 3246 760 3295 facilis
794 3253 819 3295 et
850 3261 926 3305 vera;
951 3245 1100 3308 interpositis
1126 3251 1234 3307 quatuor

682 3327 805 3383 versibus,
829 3325 936 3373 difficilis
961 3338 1040 3387 neque
1064 3325 1138 3387 plane
1166 3339 1233 3374 vera.

92 3403 276 3453 Tibidonarem
286 3411 350 3452 artes
360 3404 486 3452 Parrhasii
500 3410 525 3451 et
540 3403 640 3465 Scopae.
685 3407 811 3469 Spiritum
831 3410 856 3453 et
873 3407 953 3452 sitam
970 3405 1041 3465 poeta
1058 3402 1130 3451 debet
1146 3402 1234 3466 Virgi·
1290 3411 1293 3419 '

126 3483 180 3532 Rea
196 3489 240 3533 eat.
273 3483 306 3530 In
332 3497 381 3530 uno
402 3497 435 3530 ex
455 3481 533 3531 Mss.
554 3481 642 3529 nostris
683 3484 718 3532 lio
734 3484 783 3533 VI.
801 3484 867 3534 Aen.
884 3483 940 3531 sla.
970 3484 1105 3530 Excudent
1122 3484 1169 3530 aiii
1186 3485 1234 3546 spi·

91 3562 197 3625 legitur:
214 3578 282 3611 incra
299 3568 343 3610 est.
377 3562 426 3611 Sed
443 3577 485 3610 res
501 3567 527 3610 ct
544 3563 643 3609 animas
683 3566 771 3612 raiatia
793 3565 890 3612 maitiae
912 3577 986 3611 aera:
1014 3561 1094 3610 Credo
1109 3564 1234 3625 equidem,

92 3648 152 3689 sunt
167 3641 272 3690 diversa.
306 3641 372 3690 “Res
390 3647 434 3688 tua
451 3654 501 3688 non
519 3645 642 3702 tampau-
684 3646 750 3692 aises
767 3645 857 3692 diiceat
874 3645 904 3690 de
916 3657 1039 3690 marmore
1052 3643 1144 3689 caitus.
1161 3640 1233 3701 Quod

92 3735 137 3782 por
157 3727 207 3780 est,
233 3726 275 3778 ut,
302 3721 323 3768 si
344 3719 434 3777 velles,
459 3720 521 3766 tales
543 3718 643 3766 delicias
684 3722 808 3785 Virgilius
833 3729 898 3770 recte
923 3721 954 3768 ad
979 3722 1039 3768 artis
1061 3720 1234 3768 excellentiam

93 3815 175 3850 emere
183 3815 233 3849 non
249 3814 340 3864 posses.
371 3800 420 3850 Sed
432 3802 532 3847 asinina
542 3813 583 3846 eas
593 3813 643 3847 non
683 3801 761 3859 dixit,
779 3802 825 3850 hoc
842 3816 912 3849 mens
926 3797 1233 3863 poitaperverscadlau·

94 3882 169 3944 cupit.
204 3881 290 3942 Atque
305 3881 352 3927 hoc
373 3878 532 3942 requiritur.”
563 3877 644 3940 Scipio
683 3881 721 3928 dis
739 3879 953 3928 immortalitatem
970 3878 1111 3934 transtulit,
1133 3883 1158 3924 et
1178 3889 1232 3923 sen-

93 3960 160 4023 apnd
181 3960 238 4008 Liv.
259 3959 406 4009 XXXVII.
423 3959 464 4006 36.
485 3959 550 4006 idem
567 3959 643 4021 signi·
683 3965 724 4007 ten
739 3961 787 4007 'am
805 3958 919 4006 formavit
935 3958 992 4004 huic
1007 3957 1061 4004 loco
1071 3963 1097 4003 et
1108 3955 1235 4004 communi

93 4040 167 4087 licat:
186 4041 242 4101 qu
257 4054 289 4088 aa
301 4037 645 4101 naaaifieeatiareqianiaai-
684 3966 813 4100 po'e'Sarum
843 4034 951 4099 opinioni
978 4035 1133 4083 contrariam.
1177 4034 1234 4082 Non

93 4137 163 4168 aram
179 4121 271 4168 donam
281 4119 370 4182 filiam
388 4120 476 4166 babeo:
495 4119 563 4175 aliis,
578 4119 646 4166 Deos
684 4117 750 4164 anim
768 4116 832 4164 tanti
849 4114 973 4162 faciebant
993 4118 1087 4160 statuas
1104 4120 1129 4161 et
1144 4128 1232 4162 manu·

93 4214 194 4262 precor,
211 4214 241 4247 ae
257 4214 370 4260 anquam
380 4197 493 4259 seriana
503 4204 573 4259 eqeat
584 4211 645 4245 mea.
685 4202 776 4253 menta,
796 4194 868 4258 quia,
886 4200 914 4240 ut
931 4194 964 4241 ait
980 4191 1083 4241 Tacitus
1095 4192 1182 4255 Agric.
1196 4193 1233 4240 46.

95 4280 206 4327 Aniaaua
215 4283 281 4326 certe
288 4292 338 4326 aaa
346 4278 430 4339 eqcbii.
440 4276 560 4324 Horatius
565 4275 646 4339 Epist.
685 4281 715 4323 rii
726 4276 813 4323 vultus
826 4275 964 4330 hominnm,
981 4274 1019 4321 iia
1030 4273 1169 4321 simniacra
1179 4274 1234 4319 virl-

95 4358 162 4406 iit.
172 4357 197 4404 8.
205 4356 286 4419 iungit
295 4357 402 4418 quidem,
411 4362 440 4402 ut
449 4361 473 4403 et
482 4354 533 4411 alii,
542 4361 647 4404 mentera
688 4359 729 4401 tna
746 4354 869 4402 iiaoeciiia
892 4359 916 4403 ct
938 4353 1058 4401 nrartalia
1077 4356 1143 4400 sciat.
1174 4351 1231 4400 Dio·

1032 4429 1101 4495 qqs
