2916 5220
530 336 705 400 lilBllR
753 337 795 400 ll.

275 523 322 586 Tu
346 544 473 607 semper
496 543 615 608 urgues
639 522 803 588 flebilibus
827 522 935 586 modis

276 625 408 710 Mysten
431 626 617 709 ademtum,
642 648 701 691 nec
725 626 787 691 tibi
810 626 954 711 Vespero

320 729 481 813 Surgente
505 728 667 794 decedunt
690 750 816 794 amores

361 831 429 896 Neo
452 831 604 915 rapidum
628 831 777 916 fugiente
802 831 920 896 Solem.

275 936 321 999 At
344 955 411 998 non
435 939 484 999 ter
505 955 585 999 aevo
607 934 741 1000 functus
765 934 942 999 amabilem

276 1037 424 1102 Ploravit
447 1059 560 1102 omnes
584 1037 802 1102 Antilochum
826 1060 926 1103 senex

314 1141 448 1223 Annos,
475 1162 534 1205 neo
557 1140 727 1225 impubem
750 1146 901 1227 parentes

362 1244 503 1327 Troilon,
528 1249 587 1309 aut
611 1245 773 1330 Phrygiae
798 1266 921 1310 sorores

278 1348 412 1413 Flevore
435 1369 572 1433 semper.
622 1348 743 1413 Desine
766 1348 918 1413 mollium

275 1452 418 1517 Tandem
442 1451 665 1538 querelarum,
691 1459 725 1517 et
746 1452 857 1536 potius
882 1473 967 1517 nova

318 1556 497 1622 Cantemus
519 1556 666 1641 Augusti
690 1560 823 1641 tropaea

361 1660 508 1726 Caesaris
532 1665 565 1726 et
587 1660 733 1746 rigidum
756 1660 943 1747 Niphaten,

272 1763 469 1849 Medumque
492 1763 615 1829 flumen
637 1764 792 1850 gentibus
816 1762 966 1828 additum

269 1866 375 1931 Victis
399 1867 541 1931 minores
565 1867 693 1932 volvere
716 1867 870 1949 vortices,

316 1970 472 2054 Intraque
493 1970 731 2055 praescriptum
756 1970 900 2036 Gelonos

360 2072 501 2158 Exiguis
526 2073 670 2158 equitare
693 2073 828 2158 campis.

90 2199 208 2245 itinerum
234 2199 396 2245 recentiorum
423 2197 642 2262 descriptionibus,
717 2199 823 2261 Myrtea
839 2201 972 2248 odenatum.
1007 2200 1091 2248 Reisk.
1109 2201 1133 2248 in
1151 2201 1230 2252 Notit.

89 2276 212 2324 refutatus
232 2284 276 2325 est.
310 2278 345 2325 Et
365 2292 486 2340 magnum
507 2278 542 2326 ibi
562 2278 642 2341 frigus
681 2279 775 2342 poetar.
793 2278 898 2327 Anthol.
916 2294 974 2340 pag.
991 2279 1049 2327 243.
1067 2279 1128 2339 legit
1148 2280 1230 2329 Mae

89 2355 141 2401 iarn
171 2357 323 2418 Xenophon,
352 2363 377 2405 et
406 2357 494 2406 deinde
518 2357 640 2405 Lucullus
681 2375 744 2407 cunr.
780 2357 840 2407 Sine
856 2371 949 2405 caussa.

89 2450 149 2483 curn
165 2436 240 2499 copiis
256 2437 307 2484 suis
323 2442 458 2484 senscrunt.
492 2436 551 2486 Vid.
570 2437 639 2485 Aua·
719 2439 819 2485 Volture
835 2438 950 2485 corticea.
985 2436 1015 2482 In
1034 2451 1085 2484 uno
1102 2436 1159 2485 MS.
1177 2452 1229 2484 ecr-

89 2514 142 2561 bas.
176 2513 225 2562 IV.
260 2517 282 2563 4.
315 2522 340 2563 ct
372 2515 503 2565 Plutarch.
533 2516 559 2564 in
588 2518 639 2565 Lu·
680 2521 739 2564 tere.
773 2514 908 2563 Aberravit
928 2514 1044 2562 librarius
1065 2520 1165 2578 propter
1186 2515 1230 2561 ini-

90 2592 160 2640 cnllo
170 2593 210 2640 32.
679 2594 743 2643 tium
760 2592 828 2642 vocis
844 2593 974 2656 sequentis.

576 2742 734 2770 -Qoff—

489 2884 751 2951 OARMEN
797 2885 838 2949 X.

273 3024 416 3104 Rectius
440 3038 546 3119 vives,
571 3036 697 3120 Licini,
722 3058 826 3121 neque
849 3037 956 3101 altum

273 3141 407 3226 Semper
429 3139 598 3224 urguendo
621 3161 741 3223 neque,
767 3139 847 3203 dum
869 3139 1028 3224 procellas

184 3241 190 3252 ’
275 3243 399 3309 Cautus
423 3243 602 3325 horrescis,
626 3242 768 3307 nimium
791 3243 968 3327 premendo

361 3347 455 3412 Litus
479 3346 640 3431 iniquum.

269 3450 413 3514 Auream
436 3449 585 3535 quisquis
608 3447 869 3513 mediocritatem

272 3552 409 3638 Diligit,
434 3557 526 3617 tutus
551 3555 639 3616 caret
662 3549 800 3616 obsoleti

263 3719 414 3770 GARMEN
432 3720 466 3767 X,
678 3695 746 3736 amat
766 3689 971 3752 mediocritatem,
996 3693 1058 3742 adeo
1078 3701 1107 3741 ut
1126 3694 1152 3742 in
1170 3709 1228 3743 nen-

678 3774 743 3816 trum
759 3776 856 3831 partem
873 3771 1052 3834 conspiciatur,
1068 3774 1088 3821 is
1101 3774 1175 3821 etiam
1189 3781 1227 3821 tn-

129 3810 225 3900 Tutus
237 3857 307 3900 curet
317 3853 418 3901 obsoleti
435 3850 558 3899 Sardibus
569 3850 637 3899 tecti.
679 3853 719 3896 tus
737 3855 784 3906 est,
801 3850 915 3911 quamvis
931 3866 981 3899 non
998 3851 1134 3899 habitatin
1151 3852 1227 3899 sordi-

90 3928 248 3990 Pauperrimi
264 3906 316 3977 fehe
331 3935 390 3975 sunt
405 3927 531 3975 tutissimi.
564 3925 637 3976 Taci-
678 3926 725 3974 bus
740 3927 799 3976 tecti
810 3928 920 3976 obsoleti.
946 3930 999 3977 Pro
1011 3932 1111 3979 obsoleti
1124 3930 1149 3976 in
1163 3945 1227 3976 mar-

88 4012 132 4054 tus
154 4006 204 4054 111.
229 4007 293 4056 Hist.
314 4008 354 4055 31.
392 4009 533 4069 Gregorius
554 4009 637 4064 miles,
679 4006 735 4068 gine
753 4006 811 4055 MS.
828 4007 902 4055 Voss.
914 4005 1005 4068 legitur
1015 4009 1133 4055 obsoletis.
1155 4006 1226 4056 Cous.

82 4086 178 4146 ¹futuri
204 4101 302 4143 socors,
327 4092 352 4136 et
375 4088 533 4149 ignobilitate
558 4091 636 4134 tutus.
678 4085 744 4132 Plin.
762 4085 798 4132 Π.
816 4085 895 4147 Epist.
912 4086 936 4136 7.
971 4087 1076 4133 Atrium
1086 4086 1228 4149 fruguum

88 4164 198 4214 Phaedr.
216 4166 250 4213 II.
275 4165 337 4214 Fab.
356 4167 379 4217 7.
417 4167 473 4215 Hoc
492 4170 638 4228 argumento
679 4170 763 4212 tumen
778 4166 915 4212 sordidum.
948 4163 1047 4214 Auson.
1067 4164 1168 4227 Epiced.
1185 4180 1228 4227 pa·

89 4251 149 4292 tuta
169 4250 207 4293 est
228 4248 354 4295 bornicum
374 4248 491 4295 tenuitas.
525 4246 638 4307 Muynue
679 4243 724 4291 tris
741 4242 831 4292 XVII.
848 4243 871 4294 7.
906 4245 966 4291 Non
979 4246 1229 4306 opulensneceqena,

86 4326 182 4386 parido
202 4330 264 4374 aurit
283 4340 340 4387 epea
356 4327 481 4374 obnoxiae.
516 4323 578 4381 Sed,
594 4322 639 4385 qui
678 4339 771 4387 pareus
794 4326 849 4373 siae
873 4324 1001 4384 sordibus,
1025 4325 1071 4387 epi.
1108 4323 1180 4372 Idem
1202 4325 1246 4371 in.
