2916 5220
594 306 771 371 LIBER
817 308 874 371 IV.

339 493 461 558 Condit
483 493 621 578 quisque
645 495 733 560 diem
757 496 896 562 collibus
923 497 956 560 in
981 497 1049 563 suis

339 595 384 660 Et
407 596 509 662 vitem
532 596 648 662 viduas
672 598 764 663 ducit
788 599 830 663 ad
854 601 1003 665 arbores:

340 698 428 764 Hinc
452 699 495 764 ad
517 700 595 764 vina
619 700 705 766 redit
728 701 835 766 laetus
861 707 894 767 et
917 703 1029 768 alteris

428 803 470 868 Te
493 803 617 868 mensis
641 803 776 869 adhibet
800 804 926 870 Deum:

341 906 384 970 Te
406 906 513 970 multa
535 928 643 991 prece,
668 912 701 971 te
723 908 932 992 prosequitur
955 931 1043 974 mero

341 1007 466 1074 Defuso
491 1009 635 1095 pateris,
661 1015 694 1076 et
718 1010 856 1075 Laribus
881 1017 975 1076 tuum

339 1114 458 1181 Miscet
481 1137 621 1199 numen,
636 1116 696 1181 ,uti
720 1116 857 1183 Graecia
881 1117 1027 1183 Castoris

429 1220 475 1285 Et
497 1221 611 1305 magni
636 1243 761 1286 memor
785 1222 948 1287 Herculis.

195 1464 288 1512 Condit
305 1467 409 1527 quiaque
425 1465 489 1512 diem
500 1463 604 1512 collibus
614 1461 641 1508 in
650 1461 710 1508 aaa.
753 1459 854 1519 Naxos,
870 1459 931 1509 haec
948 1461 1043 1523 posuit:
1060 1461 1153 1524 Virgil.
1166 1461 1214 1510 111.
1234 1463 1298 1512 Aen.

161 1543 259 1590 Condit
273 1547 312 1590 est
322 1544 396 1591 condi
411 1542 499 1591 cernit.
525 1539 673 1602 Eleganter,
691 1539 711 1585 si
751 1539 791 1588 72.
809 1537 941 1587 claudian.
960 1539 1044 1604 Rapta
1053 1539 1169 1604 Proserp.
1181 1541 1231 1588 III.
1246 1542 1299 1589 190.

156 1619 254 1682 cogites
274 1619 357 1668 locum
379 1620 406 1668 in
425 1621 537 1669 collibus.
570 1617 658 1680 Atque
677 1617 712 1665 ita
751 1617 848 1666 Lucan.
865 1616 898 1666 V.
923 1620 978 1672 457.
1001 1620 1096 1670 Seneca
1113 1619 1207 1670 Troad.
1226 1621 1298 1670 1046.

158 1705 222 1761 puto
245 1699 392 1762 explicanda
416 1699 543 1761 exempla,
568 1711 631 1760 quae
652 1696 709 1756 alii,
751 1695 827 1745 Plato
843 1697 945 1760 Protag.
971 1715 995 1762 p.
1019 1699 1077 1748 235.
1096 1701 1130 1747 B.
1149 1699 1248 1764 φεύγειν
1265 1699 1300 1758 εἰς

159 1791 184 1825 v.
198 1792 220 1826 c.
238 1777 347 1826 Turneb.
359 1778 391 1826 ad
408 1777 494 1826 Plauti
508 1778 529 1826 I.
547 1777 677 1826 Menaeoh.
686 1778 710 1827 2.
751 1775 780 1823 τὸ
798 1774 911 1840 πέλαγος
928 1781 980 1826 τῶν
995 1777 1090 1841 λόγων,
1113 1777 1301 1843 ἀποκρύψαντα

161 1857 202 1905 43.
216 1863 242 1906 et
252 1856 289 1905 M.
301 1856 332 1904 de
344 1857 399 1906 Rea
416 1856 518 1919 Singul.
536 1856 566 1904 T.
580 1856 601 1905 I.
618 1873 642 1919 p.
653 1858 710 1908 487.
751 1857 808 1918 γῆν.
835 1855 938 1904 Lueian.
961 1855 992 1904 T.
1018 1857 1039 1924 I:
1061 1872 1086 1919 p.
1108 1857 1165 1908 774.
1193 1857 1300 1920 Gregor.

159 1936 193 1984 ad
224 1938 274 1984 diei
305 1938 465 1998 sepulturam
492 1936 618 1991 referunt,
651 1937 710 1998 quia
751 1932 857 1996 Nyssen.
876 1934 906 1983 T.
924 1934 974 1983 III.
996 1951 1020 1998 p.
1042 1935 1100 1984 312.
1126 1938 1158 1984 A.
1181 1935 1301 1985 Heinsius

161 2029 250 2078 nempe
276 2015 384 2064 Plautus
412 2022 438 2066 et
466 2023 560 2065 veteres
585 2017 710 2064 interdurn
751 2012 783 2058 ml
799 2012 887 2063 Valer.
904 2013 989 2061 Flami
1009 2013 1030 2062 1.
1048 2015 1105 2063 285.
1131 2013 1250 2062 Pricaeus
1269 2013 1301 2063 ad

160 2094 241 2143 iocose
257 2097 322 2144 diem
338 2097 443 2157 sepetire
464 2094 588 2143 dixerunt.
623 2095 658 2143 Et
674 2095 711 2143 sol
750 2091 820 2139 Acta
838 2093 870 2139 A.
890 2091 967 2139 XXI.
985 2092 1025 2140 3.'’

159 2188 193 2223 ox
219 2172 306 2222 altiore
330 2174 355 2221 in
384 2173 542 2222 humiliorem
564 2173 647 2222 locum
668 2174 709 2222 de·
785 2172 858 2219 Hinc
878 2172 913 2218 ad
932 2172 992 2219 aina
1012 2172 1087 2220 redit.
1128 2170 1230 2220 Vellem
1257 2170 1301 2218 ali-

160 2252 263 2301 scendit.
296 2252 349 2300 Nos
365 2255 504 2312 condimus,
516 2268 579 2316 quae
589 2253 643 2315 ipsa
654 2267 710 2300 con·
752 2248 807 2310 quis
824 2247 891 2296 hanc
911 2249 993 2297 locum
1015 2249 1138 2312 probabili
1160 2251 1303 2298 coniectura

159 2331 262 2379 duntur.
284 2331 376 2394 Virgil.
394 2331 415 2379 I.
439 2331 529 2394 Georg.
551 2333 609 2380 221.
645 2333 712 2381 Ante
752 2329 884 2377 emendare
904 2327 1030 2389 potuisset.
1069 2328 1126 2390 Ego
1148 2342 1197 2377 non
1223 2327 1301 2390 potui.

164 2411 213 2458 tihi
242 2412 313 2459 ane
343 2412 488 2459 Atlantides
517 2412 710 2460 abscondantur.
751 2408 879 2458 Bentleius
896 2422 928 2456 ex
944 2406 1021 2456 MSS.
1040 2408 1075 2455 ad
1089 2407 1234 2456 viaaoem't.
1257 2406 1301 2457 So·

161 2487 231 2536 Plin.
249 2487 297 2536 IX.
316 2488 394 2550 Epist.
411 2489 452 2537 35.
482 2489 643 2552 Quamquam
660 2491 711 2538 ἰοα-
752 2501 785 2534 no
812 2486 911 2549 ingrato
935 2486 1010 2534 vitem
1034 2486 1125 2533 viduas
1145 2486 1205 2532 vina
1221 2487 1301 2545 venit,

159 2569 279 2630 pissimus
291 2569 351 2623 dira
367 2569 417 2616 cito
433 2569 558 2616 eonditor.
585 2566 636 2616 Ubi
647 2566 709 2616 Cor·
752 2565 837 2615 eadem
856 2564 929 2612 litera
948 2563 982 2610 sic
1003 2563 1054 2610 sine
1075 2561 1197 2624 probabili
1214 2578 1302 2613 caussa

160 2647 212 2695 tius
243 2660 294 2694 non
323 2652 388 2694 recte
421 2653 549 2708 comparat
573 2647 710 2695 locutiones
752 2651 839 2708 quater
855 2643 965 2707 repetita.
991 2644 1026 2692 Et
1042 2643 1143 2691 omnino
1164 2645 1248 2692 redire
1264 2658 1301 2692 re-

160 2727 291 2775 aaeevlam
312 2730 337 2773 et
363 2725 473 2773 lustrum
497 2728 608 2775 condere.
649 2726 712 2775 Alia
752 2725 859 2788 quiritur
879 2724 910 2772 de
930 2738 971 2782 eo,
992 2722 1035 2786 qui
1052 2736 1124 2770 mane
1147 2722 1248 2770 domum
1270 2723 1301 2772 ad

160 2805 219 2853 vide
235 2805 301 2866 apud
317 2805 456 2853 Burmann.
475 2806 506 2852 ad
523 2803 609 2852 Valor.
627 2803 711 2854 Flaoo.
753 2803 868 2851 colendas
885 2803 970 2851 vineas
987 2802 1072 2865 liquit,
1089 2816 1192 2864 vespera
1205 2804 1302 2866 repetit.

161 2882 198 2932 ΙΙ.
216 2885 272 2932 443.
290 2884 333 2946 qui
350 2898 429 2947 neque
441 2898 526 2932 veram
536 2883 648 2931 dictionis
665 2899 710 2932 na·
753 2882 791 2930 Ut
807 2882 966 2946 Virgilianos
982 2898 1058 2932 senex
1075 2883 1123 2932 IV.
1143 2883 1302 2946 Georg.132.

160 2969 246 3011 turam
270 2963 402 3026 perspexit.
444 2962 540 3013 Statius
561 2962 602 3011 IV
604 2999 610 3010 .
632 2963 711 3012 Theb.
754 2963 864 3025 Sersquc
881 2969 1007 3012 revertens
1033 2965 1303 3021 Noctedonium,d11·

161 3043 203 3091 54.
223 3043 396 3091 Condideroat
411 3044 464 3090 iam
476 3048 536 3090 oola
552 3044 625 3090 diem
642 3043 712 3091 Ante
750 3043 827 3103 pibus
845 3057 943 3090 thensas
959 3044 1081 3091 onerabat
1097 3043 1204 3091 irrerrrtr's.
1222 3041 1303 3089 Hora·-

160 3119 348 3170 Callimacham
361 3121 458 3168 dixerat
469 3119 615 3182 Euripides,
632 3127 660 3168 ut
677 3122 712 3170 vi·
754 3122 802 3168 tius
819 3121 925 3168 scribere
942 3120 1033 3182 potuit:
1051 3122 1123 3170 Hinc
1142 3121 1217 3169 linaei
1233 3135 1302 3183 repe·

161 3199 251 3256 detur,
277 3199 343 3262 apud
368 3198 498 3247 Plutarch.
524 3198 615 3246 Moral.
641 3200 671 3248 T.
690 3201 712 3248 Ι.
754 3203 799 3248 tat:
819 3202 889 3248 Hinc
906 3202 941 3248 ad
961 3205 1028 3247 tecto
1045 3200 1124 3247 redit:
1156 3200 1227 3247 Hine
1248 3213 1302 3247 con·

161 3293 220 3340 pag.
238 3280 278 3327 91.
303 3277 333 3327 Ei
349 3277 375 3327 ot
391 3279 482 3327 θανεῖν
497 3276 583 3339 θέμις,
601 3275 647 3326 ὦδε
662 3279 711 3328 θα·
753 3280 810 3326 ciro
826 3280 893 3326 redit
915 3279 1010 3325 laetus:
1033 3276 1108 3333 redit,
1130 3276 1302 3325 celebraturus

162 3361 219 3405 νεῖν
227 3358 316 3418 καλὸν,
326 3355 369 3415 Εἰς
381 3357 473 3422 ἀρετὴν
489 3355 712 3420 καταδυσαμένους
753 3357 896 3404 convivium
913 3369 970 3402 cum
990 3356 1053 3412 suis,
1070 3356 1133 3403 redit
1149 3355 1181 3402 ad
1197 3354 1302 3404 hilarem

161 3433 233 3496 βίον.
259 3436 346 3484 Vitam
374 3435 400 3482 in
425 3436 542 3484 virtutem
568 3436 711 3496 condimus,
753 3449 867 3485 coenam:
884 3439 1005 3496 properat
1023 3435 1057 3482 aa
1072 3435 1179 3496 paedia,
1190 3438 1218 3481 ut
1230 3433 1302 3481 alibi:

161 3515 235 3562 sicuti
259 3515 310 3563 dies
332 3522 357 3564 et
378 3515 415 3563 sol
433 3515 576 3563 conduntur
592 3516 618 3564 in
635 3532 712 3565 mare.
754 3515 795 3564 vel
820 3514 889 3561 aliud
907 3513 1040 3571 eiusmodi,
1060 3513 1126 3576 quod
1152 3513 1253 3576 propius
1270 3514 1302 3561 ad

162 3593 208 3643 Sic
232 3594 306 3642 etiam
339 3600 434 3643 nautae
459 3601 555 3643 terram
580 3596 713 3657 operiant,
753 3595 885 3658 vulgatam
905 3593 1038 3642 lectionem
1060 3593 1167 3642 accedat.
1198 3595 1303 3642 Alteras

161 3675 329 3730 abscondant,
348 3688 424 3736 quam
441 3688 454 3720 e
470 3673 608 3736 longinquo
624 3674 713 3737 aperiri
754 3689 853 3724 merrae
878 3679 902 3722 et
926 3673 1054 3734 sequentia
1083 3672 1174 3722 festum
1203 3671 1302 3734 aliquod

161 3757 188 3800 et
206 3752 323 3800 abscondi
342 3751 434 3800 vident.
467 3756 519 3810 Γῆν
536 3751 713 3816 ἀποκρύπτειν
754 3752 894 3815 significare
911 3750 1037 3808 videntur,
1056 3751 1197 3798 convivium
1215 3751 1303 3799 saltem

161 3837 331 3893 exposuerunt
342 3831 487 3892 interpretes
496 3831 528 3878 ad
545 3831 661 3894 Thucyd.
679 3831 712 3880 V.
754 3832 847 3894 magis,
869 3845 944 3893 quam
961 3830 1058 3878 solitam
1081 3829 1106 3876 iu
1123 3845 1169 3878 sua
1185 3830 1304 3892 cuiusque

139 3911 205 3958 ·65.
227 3909 346 3972 Apollon.
376 3909 457 3958 Rhod.
483 3909 504 3958 I.
531 3910 628 3972 Argon.
656 3910 712 3958 580.
755 3913 828 3959 domo
846 3924 955 3958 coenam.
982 3908 1037 3956 Nisi
1054 3909 1163 3956 volucrit
1174 3914 1303 3971 perpetuos

163 3988 259 4037 Λύπίκα
277 3986 297 4036 d
316 3988 384 4052 ἠερίη
402 3986 600 4046 cohabitacula
613 3988 713 4036 Πελασ-
755 3990 806 4038 dies
824 3988 909 4045 festos,
927 3993 954 4034 ut
972 3989 1037 4051 apud
1045 3988 1184 4050 Virgilium
1193 3989 1219 4036 in
1228 3988 1303 4040 Geor·

162 4071 218 4131 γῶν
244 4066 332 4115 Δύεπο.
362 4066 456 4129 Virgil.
482 4065 531 4114 III.
563 4067 627 4114 Aen.
657 4067 714 4117 275.
756 4068 827 4129 picis:
855 4069 916 4130 Ipse
936 4069 989 4116 dies
1010 4070 1092 4130 αρίεαε
1109 4067 1200 4129 festos.
1239 4067 1304 4116 Tota

163 4148 204 4194 Et
214 4146 375 4209 formidatus
386 4147 473 4194 renatis
485 4147 603 4208 aperitur
616 4147 714 4208 Apollo.
756 4146 808 4194 vita
825 4151 863 4194 est
880 4145 977 4194 festum.

163 4225 371 4275 Hemsterhusius
384 4227 409 4273 in
422 4232 504 4273 annot.
518 4224 596 4274 MSS.
614 4225 646 4272 ad
659 4225 714 4275 Sta·
790 4226 890 4287 Iquaeo
900 4227 1006 4288 pateris.
1019 4224 1112 4274 Melius
1120 4225 1304 4288 quamdiffeao.

164 4304 194 4351 tii
212 4304 264 4353 111.
281 4304 376 4353 Achill.
396 4307 419 4353 4.
438 4305 570 4354 Decream't
588 4305 715 4353 Bacchico
756 4304 822 4353 Vide
830 4305 1005 4353 Burmanaom
1015 4305 1046 4354 ad
1056 4304 1135 4355 oratii
1145 4304 1303 4368 (lyricam.
