2916 5220
550 323 723 388 LIBER
770 325 814 388 ll.

293 511 463 577 Pulchrior
485 512 608 595 multo,
634 513 854 598 iuvenumque
877 512 988 597 prodis

381 615 520 681 Publica
542 637 627 682 cura.

291 718 453 803 Expedit,
477 719 595 784 matris
620 719 744 785 eineres
767 726 896 805 opertos

292 820 420 886 Fallere
450 827 484 887 et
507 827 576 887 toto
600 823 765 887 taciturna
788 822 894 888 noctis

290 923 393 1009 Signa
415 946 491 990 cunr
514 925 604 991 caelo
632 925 806 1011 gelidaque
831 925 933 990 Divos

379 1028 486 1093 Morte
508 1034 664 1094 carentes.

291 1131 392 1197 Ridet
413 1131 494 1215 hoe,
520 1131 674 1218 iuquam,
698 1132 810 1197 Venus
834 1131 923 1216 ipsu,
947 1130 1056 1195 rident

292 1233 465 1320 Simplices
489 1234 681 1321 Nymphae,
705 1233 792 1300 ferus
817 1240 852 1299 et
876 1234 1021 1319 Cupido,

292 1335 427 1421 Semper
449 1337 600 1402 ardentes
623 1359 744 1402 acuens
769 1335 911 1421 sagittas

380 1439 461 1507 Oete
483 1445 627 1506 cruenta.

289 1542 402 1625 Adde,
427 1543 514 1629 quod
536 1543 639 1629 pubes
663 1542 725 1607 tibi
748 1541 865 1608 crescit
889 1541 1015 1624 omnis,

292 1645 439 1711 Servitus
462 1647 579 1712 crescit
602 1668 702 1728 nova,
727 1667 786 1710 nec
810 1645 934 1730 priores

292 1748 418 1834 Impiae
441 1754 565 1815 tectum
589 1749 741 1814 dominae
764 1748 956 1834 relinquunt

381 1852 484 1938 Saepe
507 1852 635 1917 minati.

290 1955 333 2021 Te
355 1956 424 2021 suis
448 1961 569 2022 matres
593 1960 746 2020 metuunt
768 1953 932 2037 iuvencis,

288 2059 331 2124 Te
355 2081 448 2125 senes
471 2060 561 2145 parci
587 2058 788 2144 miseraeque
812 2080 916 2144 nuper

291 2162 445 2249 Virgines
469 2168 607 2249 nuptae,
632 2167 691 2227 tua
712 2183 756 2227 ne
777 2161 920 2227 retardet

378 2267 470 2332 Aura
492 2266 637 2332 maritos

109 2396 220 2481 Ascrae,
237 2420 340 2484 Ioeripue
358 2418 500 2468 Caunum
516 2421 599 2478 cadit,
616 2421 660 2468 uo·
701 2421 754 2482 ipse
769 2420 885 2482 superius
902 2434 981 2466 aurae
990 2417 1110 2480 fallaces.
1127 2417 1177 2467 Ubi
1193 2417 1249 2479 lege

108 2499 240 2562 bitatuque
255 2499 338 2547 Mero
354 2499 441 2546 cernit.
468 2496 521 2548 Ubi
531 2497 657 2545 Hemster·
701 2502 774 2558 “aut,
792 2505 820 2545 ut
835 2496 1020 2561 ipeesuperius,
1033 2496 1248 2558 ouraefellocis.”

108 2575 196 2625 husius
213 2576 339 2640 eleganter
355 2576 482 2626 emendat:
503 2577 571 2625 videt
590 2577 660 2625 olma
700 2577 809 2641 Respicit
825 2576 891 2626 enim
908 2577 996 2626 Horat.
1007 2576 1030 2624 Ι.
1042 2575 1125 2626 Carm.
1137 2576 1160 2623 5.
1178 2574 1249 2623 Illud

105 2656 165 2718 pios
183 2660 288 2717 Anno,
308 2657 412 2718 Iorn'que
431 2654 563 2705 Conciliat.
599 2655 657 2704 Cre·
700 2655 730 2704 de
746 2656 820 2704 odore
837 2662 1021 2720 unguentorum
1036 2655 1249 2718 etiamproposuit

108 2736 163 2797 dit,
183 2735 348 2798 dubitataque
370 2735 454 2783 adera
474 2735 562 2783 canit.
596 2732 656 2783 Cre·
698 2736 839 2786 Burmann.
857 2736 988 2786 edValer.
1000 2736 1085 2786 Flacci
1097 2735 1132 2785 V.
1150 2735 1247 2797 Argon.

109 2812 155 2870 dit,
181 2813 300 2862 nimirum
324 2825 377 2861 esse
401 2826 514 2876 superos,
539 2812 581 2876 qui
605 2811 657 2875 ples
699 2815 756 2864 589.
784 2817 873 2880 Neque
882 2815 1035 2880 displicuisse
1046 2815 1143 2863 videtur
1151 2815 1248 2864 Broulr-

108 2897 207 2940 curent.
699 2892 782 2952 husie,
805 2894 918 2943 laudanti
935 2894 1017 2942 locum
1034 2892 1112 2942 Plinii
1129 2893 1207 2943 XIII.
1224 2896 1247 2944 3.

144 2971 284 3023 Pulchrior
295 2973 380 3021 multo.
398 2970 510 3035 Canneg.
523 2973 554 3020 ad
566 2971 657 3022 Anien.
700 2973 805 3021 Summa
821 2976 1000 3023 corruuendotio
1011 2980 1200 3036 unquentorum,
1211 2980 1248 3033 ut,

107 3048 171 3099 Fab.
189 3049 246 3100 XL.
262 3050 323 3100 citat
339 3052 432 3099 multis.
698 3057 845 3103 transeunte
854 3054 968 3118 sesninc,
989 3056 1048 3103 odor
1064 3055 1156 3103 invitet
1172 3056 1248 3104 etiam

145 3128 248 3179 Cineres
257 3129 462 3193 opertosfallere.
479 3129 576 3178 Auson.
587 3127 656 3177 Prof.
698 3134 772 3182 uliud
780 3141 888 3196 ouantes.
905 3134 1064 3197 Quamquam
1076 3135 1247 3197 ampliandum

107 3208 213 3271 Burdig.
230 3208 307 3258 vm.
345 3209 390 3259 Vos
406 3212 467 3258 lenis
483 3224 565 3272 cespes
582 3215 657 3272 tepet,
698 3216 781 3258 censet
809 3213 848 3260 vir
873 3213 1034 3261 doctissimus.
1078 3213 1248 3263 Vehementer

108 3293 135 3337 et
159 3289 271 3350 sepulcri
304 3290 381 3338 Tecta
404 3288 541 3351 defenduut
562 3289 656 3337 einum
698 3295 782 3338 autem
799 3292 924 3354 displicuit
940 3292 1135 3341 Hemsterhusio.
1172 3293 1247 3341 Mitto

107 3371 214 3430 opertos.
698 3368 759 3416 elios
781 3376 894 3418 veterum
911 3377 936 3418 et
952 3370 1118 3419 recentiorum
1135 3377 1245 3419 conatus.

151 3447 236 3494 Putes
263 3445 311 3494 tibi
334 3445 424 3493 ereren
440 3446 529 3493 omnis.
563 3443 657 3493 Seneca
698 3446 827 3496 Bentleius
851 3447 949 3510 legebat
973 3463 1043 3499 cura.
1077 3447 1246 3498 Schraderus:

107 3524 185 3574 Here.
200 3525 262 3574 Fur.
279 3523 336 3576 870.
354 3524 401 3572 tibi
417 3525 506 3573 crescit
521 3537 591 3572 omne
617 3524 656 3571 Et
698 3531 744 3574 tuo
764 3543 795 3576 ne
814 3529 946 3577 retardent
972 3529 1027 3575 Ora
1043 3528 1156 3576 orarum.
1190 3527 1247 3590 Ego

107 3605 176 3668 quoa
201 3618 303 3654 cccmus
330 3604 415 3663 videt,
440 3607 465 3652 et
489 3603 554 3664 quod
577 3608 655 3651 utus.
697 3604 830 3654 Horatium
863 3621 896 3655 ex
927 3606 1032 3655 Horatio
1060 3605 1245 3670 interpretabor.

108 3682 177 3732 Plin.
202 3682 297 3746 Paneg.
323 3682 426 3731 XXVI.
462 3681 607 3731 Crescerent
626 3683 656 3730 de
697 3683 771 3732 Dixit
782 3684 831 3734 IV.
849 3684 933 3736 Carm.
948 3686 985 3734 14.
1003 3684 1033 3734 de
1049 3683 1162 3748 Cynara:
1179 3702 1243 3749 quus

108 3765 218 3825 tuo,qui
228 3768 367 3813 crescerent
379 3763 432 3810 tibi.
450 3759 655 3810 ScholIuvenal.
697 3765 812 3826 spirabat
828 3779 932 3822 artiores,
969 3765 1041 3823 Quae
1057 3779 1095 3813 me
1106 3769 1246 3824 surpuerat

108 3840 340 3891 adsumtae.
369 3842 469 3890 Multos
483 3841 601 3888 imberbes
611 3841 655 3888 ba·
697 3845 767 3892 mibi.
800 3841 851 3893 Ubi
876 3842 973 3892 Comm.
1000 3841 1093 3905 Cruq.:
1119 3857 1183 3903 quae
1206 3843 1245 3890 itu

107 3923 161 3980 bes,
178 3921 225 3969 tibi
241 3927 382 3971 crescentes.
416 3919 467 3970 Ubi
481 3934 531 3968 non
546 3932 607 3981 opus
618 3923 655 3968 eat
694 3924 805 3985 pulchra
827 3927 900 3979 eren,
926 3926 954 3968 ut
979 3934 1075 3969 umores
1099 3921 1245 3980 exhalaret,

107 4006 206 4048 mutare
222 4006 404 4050 assuescentes.
697 4002 828 4049 emitteret.
862 3998 932 4046 Talis
949 4011 1046 4061 quoque
1062 4004 1115 4046 erat
1131 3998 1244 4049 Barcino.

144 4079 201 4126 Tua
217 4094 248 4127 ue
260 4081 372 4129 retardet
389 4077 462 4126 Aura
472 4079 582 4127 maritos.
599 4077 653 4125 Iam
697 4079 748 4128 Vel
769 4093 831 4127 aura
850 4076 918 4126 illius
937 4083 961 4126 et
977 4077 1077 4140 spiritus
1093 4092 1170 4126 novos
1186 4078 1245 4127 istos

107 4156 324 4207 olimlaborabant
336 4157 362 4206 'm
375 4158 487 4207 hocloco
500 4157 653 4221 explicando.
698 4158 799 4206 maritos
820 4171 903 4206 amore
922 4156 1080 4216 incendebat,
1100 4164 1125 4206 et
1143 4156 1245 4221 frigidos

106 4236 189 4287 Aere:
207 4241 263 4287 Aut
273 4237 408 4303 facilitas,
432 4254 482 4302 qua
502 4239 531 4286 in
547 4252 655 4286 amorem
698 4239 724 4285 in
740 4237 859 4286 uxoribus
875 4235 986 4285 faciebat.
1019 4235 1095 4287 Forte
1114 4237 1180 4285 idem
1201 4252 1243 4287 vo-

107 4317 262 4376 trabuntur,
274 4323 321 4367 aret
337 4323 519 4380 unquentorum
536 4318 609 4377 odor,
625 4321 655 4364 ut
697 4317 744 4365 luit
765 4317 846 4375 Acro,
872 4316 966 4366 dicens:
986 4315 1119 4380 facilites,
1144 4334 1195 4381 quo
1216 4321 1244 4367 iu
