2916 5220
545 301 888 370 CARMINUM

371 489 505 556 ,llollilit
527 512 653 556 aversos
676 493 817 557 Penates

413 597 517 658 licere
533 598 593 680 pio
615 605 645 658 ct
667 595 799 660 saliente
821 600 911 662 mica.

138 761 429 810 BurmanninAnthol.
441 760 610 823 T.1.pag.37.
630 760 690 809 Sen-
730 760 906 823 intelligendos
927 763 1036 826 putavit:
1059 779 1136 826 qaam
1146 764 1200 828 sar
1213 765 1282 829 piam

140 841 219 889 tentia
239 854 297 889 varo
317 840 365 888 ista
385 853 465 902 neque
486 839 545 887 huic
560 838 615 886 loeo
631 838 691 886 satis
731 844 756 887 et
772 841 863 888 saliens
880 842 958 898 mico,
975 841 1069 890 scilieet
1086 844 1201 893 mollivit.
1234 844 1283 895 Sed

141 920 203 968 bena
213 920 329 968 eonvenit
339 933 419 982 nequa
432 918 526 975 verbis,
543 918 609 966 bono
619 919 692 981 polita
731 917 792 966 haec
809 918 891 982 opinio
907 933 957 966 non
973 927 1028 968 orat
1044 934 1116 969 nova
1148 919 1283 972 Caeterum

141 999 235 1062 dignis,
245 999 342 1047 reddita
352 1005 395 1047 est.
417 998 492 1046 Ratio
502 997 619 1044 carminis
630 996 691 1044 haec
731 996 788 1058 quis
804 1003 923 1058 agnoscat
939 997 1101 1047 Latinitatem
1118 998 1284 1049 Horatianam

141 1083 189 1124 ast:
207 1077 251 1126 “Si
260 1076 423 1135 tu,ornstica
431 1074 549 1138 Phidyle,
558 1074 600 1137 pia
609 1082 691 1122 mente
731 1073 757 1120 in
775 1074 828 1122 his?
864 1075 1000 1124 Smntuora
1012 1078 1285 1128 hostianonblandior

141 1155 219 1218 (qnod
234 1170 267 1204 ex
284 1154 399 1203 manibus
415 1155 514 1214 supinis
530 1153 690 1215 intelligitur)
732 1155 839 1202 mollivit
857 1156 969 1203 Penates
979 1154 1066 1218 forre.
1091 1155 1160 1204 Nota
1175 1157 1285 1218 primum

140 1234 216 1282 facias
240 1248 347 1296 parvum
372 1230 532 1289 sacrificium,
567 1230 613 1278 hoc
636 1231 692 1279 Diis
731 1233 848 1280 blandior
869 1246 914 1295 pro
936 1235 1068 1293 blandius,
1087 1235 1179 1284 deinde
1197 1239 1287 1286 blande

142 1326 219 1375 aequa
237 1320 338 1375 gratum
355 1311 401 1360 erit
422 1319 496 1372 atque
512 1323 606 1371 magna
625 1308 691 1357 Pon·
732 1313 829 1359 irrollire
846 1313 923 1360 Deos.
946 1310 974 1361 Si
990 1318 1120 1362 mmtuosa
1135 1312 1200 1362 facis
1217 1315 1285 1364 abla·

141 1391 262 1439 tilicum.''
280 1389 406 1439 Ultimum
415 1386 692 1445 tetrastichonnihilest,
731 1388 826 1448 tivum,
842 1389 962 1452 legimus:
989 1406 1081 1439 monus
1102 1408 1150 1441 non
1168 1395 1288 1443 Mentior

143 1470 191 1517 nisi
199 1467 433 1533 perversaeiusdam
442 1467 477 1514 rai
485 1466 602 1528 repetitio.
619 1466 692 1527 Quod
732 1469 839 1517 mollivit
861 1471 928 1517 Deos
959 1471 1043 1517 hostia
1072 1477 1207 1520 saintuoso
1233 1470 1288 1534 (per

143 1548 176 1595 ad
193 1547 268 1596 verbs
285 1548 387 1603 attinet,
402 1545 627 1594 horumordotam
638 1561 692 1608 per·
733 1545 838 1593 hostiam
865 1549 1028 1610 sumtuosam)
1047 1547 1129 1611 farre
1151 1554 1217 1612 pio,
1242 1564 1288 1613 pro

143 1628 259 1676 turbatus
275 1634 324 1685 ost,
345 1632 373 1673 ut
388 1624 452 1672 nihil
470 1638 553 1686 supra.
587 1624 693 1673 Aooedit
731 1641 807 1688 quom
818 1624 897 1688 forre
911 1629 961 1688 pio.
980 1627 1061 1676 Nemo
1071 1634 1152 1678 aetate
1164 1629 1289 1693 Augusta

143 1706 226 1755 branis
251 1705 342 1754 ultima
366 1701 465 1766 syllaba
489 1703 514 1750 in
543 1715 601 1750 voce
626 1718 692 1751 sunt·
731 1704 767 1752 ita
791 1704 898 1753 scribere
921 1707 1010 1768 potuit
1049 1707 1084 1755 lit
1109 1708 1170 1770 quid
1196 1725 1288 1760 monim

144 1792 218 1835 tuoto
240 1792 265 1835 et
282 1784 401 1833 inusitata
422 1783 574 1846 temporibus
594 1781 692 1829 Horatii
732 1785 866 1832 immunis?
899 1784 1005 1841 Manus,
1021 1784 1143 1848 profacto,
1159 1788 1219 1836 sine
1234 1804 1287 1836 mu·

144 1865 224 1913 forma
240 1866 345 1913 mollibit
351 1881 360 1922 ,·
378 1877 454 1926 quare
470 1862 554 1910 Bentl.
570 1876 603 1910 ex
614 1861 692 1910 MSS.
731 1878 796 1911 nere.
831 1861 905 1923 Quod
934 1863 1131 1926 interpretantur
1155 1866 1214 1914 sine
1237 1881 1287 1916 coe

143 1945 263 2002 mollivit,
285 1943 328 1992 alii
351 1939 389 2006 lex
413 1942 555 1990 coniectura
578 1942 693 1988 molliris.
733 1942 800 1999 lere,
826 1953 877 1988 non
902 1946 940 1988 est
966 1941 1093 1990 Latinum.
1131 1943 1204 2005 Ergo
1223 1943 1286 1992 aoei-

144 2021 200 2070 Iam
224 2021 270 2070 illa
287 2021 368 2084 forre
390 2023 433 2083 pio
457 2026 482 2068 et
502 2021 608 2068 saliente
628 2021 693 2067 mica
732 2018 805 2080 piunt
820 2021 1073 2080 quotnoisimmanis.
1102 2020 1287 2080 Arbitrarlum,

144 2107 227 2163 erepta
244 2106 304 2147 sunt
321 2098 425 2148 Tibullo
441 2098 491 2146 III.
505 2099 529 2146 4.
556 2099 638 2145 Ferre
649 2100 694 2158 pio
732 2110 777 2145 nac
793 2097 983 2148 admittendum.
1015 2101 1083 2150 Nam
1108 2116 1142 2150 ex
1161 2102 1288 2151 adiunctis

141 2181 248 2242 placant
266 2184 291 2227 et
307 2179 413 2227 saliente
429 2178 489 2224 sale.
507 2175 694 2224 Liberaliorest
725 2176 804 2238 forre
826 2179 872 2238 pio
899 2184 925 2226 et
948 2181 1054 2229 saliente
1079 2183 1145 2229 mico
1166 2180 1288 2244 intelligi-

144 2257 249 2306 imitutio
265 2256 338 2307 Statii
354 2256 375 2304 1.
399 2255 462 2306 silv.
480 2257 503 2304 4.
524 2256 578 2304 130.
613 2256 694 2317 Saepe
732 2256 871 2319 tursarco
887 2258 977 2305 misam
995 2257 1021 2304 in
1038 2257 1084 2306 illa
1103 2248 1185 2306 manfr
1201 2257 1286 2310 fuisse.

144 2339 211 2386 Deis
227 2339 272 2387 hoa
286 2339 353 2386 inter
371 2338 474 2386 honores
492 2337 589 2397 cespes,
602 2340 628 2383 et
642 2336 692 2383 exi·
732 2335 767 2383 Iit
791 2349 866 2398 supra
890 2334 1000 2399 Phidyle
1022 2351 1071 2384 non
1090 2338 1165 2386 modo
1183 2341 1288 2402 supinos

143 2431 191 2478 yso
208 2418 362 2478 placuerant
376 2415 460 2479 sorra
482 2416 571 2464 salino.
604 2414 694 2476 Nuper
733 2429 824 2462 maanus
845 2413 914 2463 coslo
939 2416 1021 2474 tollit,
1046 2418 1088 2466 sed
1107 2419 1187 2468 Lares
1210 2419 1287 2468 etiam

143 2495 186 2544 Fr.
204 2494 336 2545 Goellerns
357 2495 388 2543 ad
405 2494 520 2557 Thucyd.
538 2493 573 2541 Π.
590 2493 629 2540 61.
651 2492 693 2540 ab·
732 2491 815 2555 placat
847 2495 928 2542 borno
951 2495 1047 2559 fraqe,
1073 2504 1130 2548 ture
1156 2504 1181 2548 et
1208 2501 1288 2548 ovida

144 2574 233 2623 lativos
252 2574 331 2637 forre
350 2576 392 2637 pio
413 2579 437 2623 et
453 2575 561 2622 saliente
577 2575 642 2622 nico
658 2572 694 2619 ita
733 2587 818 2635 porco.

632 2717 795 2739 4..-

503 2858 748 2924 CARMEN
794 2858 921 2924 XXIV.

323 2993 469 3074 luteolis
491 3007 677 3094 opulentior

367 3112 538 3178 Thannuris
563 3111 710 3177 Arabum
734 3117 768 3178 el
790 3112 905 3179 divitis
929 3114 1062 3198 Indiae,

327 3217 501 3282 Caenoenlis
525 3215 595 3281 licet
617 3237 747 3301 occupes

372 3320 569 3406 Tyrrltemcm
590 3342 677 3386 mooe
700 3324 763 3386 tuis
786 3331 816 3386 et
837 3344 925 3387 mooe
947 3322 1132 3408 Apollinum,

324 3424 363 3488 Si
372 3424 450 3511 fiyit
472 3424 694 3488 adamantinos

368 3527 505 3592 Summis
527 3525 692 3592 verticibus
714 3526 789 3592 diro
811 3529 993 3594 Necessitas

280 3698 432 3750 CARMEN
449 3695 552 3745 XXIV·
729 3668 850 3717 rationem
867 3669 955 3732 probat
971 3666 1149 3732 Wyttenbaeh
1167 3669 1199 3717 ad
1216 3669 1283 3720 Plu-

730 3747 810 3795 tarchi
831 3748 922 3797 Moral.
940 3747 972 3795 Τ.
988 3746 1037 3795 VI.
1059 3762 1116 3809 pag.
1132 3748 1190 3798 712.
1225 3750 1284 3800 Alii

174 3796 223 3884 Si
231 3831 294 3894 fipit
310 3830 487 3880 adontoatinos
514 3826 624 3875 Santonis
636 3840 689 3874 ver·
729 3838 814 3874 omnes
839 3826 985 3889 intelligunt
1012 3828 1117 3876 cortices
1143 3829 1281 3878 horminum.

142 3911 234 3960 ticilous
255 3911 313 3959 diro
330 3909 475 3958 Necessitas
493 3905 591 3953 Clooos.
623 3905 689 3952 Ben-
730 3902 816 3963 Quod,
840 3905 916 3954 etiam
941 3911 1041 3968 propter
1065 3919 1168 3966 sequens
1188 3914 1280 3968 eaput,

142 3988 216 4036 tleius
232 3987 305 4050 legit:
322 3988 358 4036 sic
366 3986 616 4049 ιήςμίαιίαηιαιιΐιίιοιι
627 3990 688 4031 caat.
729 3982 812 4030 minus
831 3983 958 4044 probabile
979 3990 1016 4032 est
1043 3989 1068 4032 et
1088 3983 1153 4031 hanc
1181 3991 1282 4033 senten·

142 4071 166 4114 et
186 4067 247 4115 haee
266 4065 408 4129 parenthesi
427 4063 545 4120 includit,
565 4068 638 4124 atque
654 4063 690 4110 ita
729 4061 790 4109 tiam
803 4063 888 4111 eflicit:
907 4064 1040 4127 “quonism
1049 4063 1188 4111 Necessitas
1199 4065 1280 4113 homi·

141 4143 330 4206 interpretatur:
352 4143 491 4194 Necessitas
512 4143 595 4191 elavos
611 4157 689 4205 usque
728 4153 773 4187 nes
794 4141 881 4189 adacto
903 4141 928 4188 in
949 4148 1023 4204 capnt
1043 4140 1114 4190 clavo
1131 4141 1233 4202 oceidit,
1252 4150 1281 4191 tu

142 4221 173 4268 ad
199 4237 307 4270 summos
329 4223 432 4272 vertices
454 4223 602 4285 (clavorum)
619 4221 689 4283 figit,
729 4218 823 4283 laqueis
844 4222 931 4270 mortis
952 4228 1024 4269 tuum
1045 4227 1120 4284 caput
1137 4235 1187 4269 non
1204 4235 1280 4284 expe-

143 4300 176 4347 sic
194 4314 279 4348 rorum
296 4300 347 4349 fato
364 4302 526 4350 constitutum
543 4307 587 4350 ost.
615 4300 689 4349 Hanc
706 4274 711 4374 Ι
729 4299 804 4348 dies'·
819 4300 998 4363 Quae-duplex
1014 4301 1104 4365 imago,
1121 4301 1153 4348 ad
1169 4300 1280 4349 eundern
