2916 5220
565 304 872 368 (JARMINUM

329 487 472 573 Pompili
495 509 623 574 requam
645 511 821 572 murm,
846 513 889 555 aa
912 491 1060 576 superbos

335 593 489 676 Tarquini
500 591 632 676 soreos,
657 591 779 674 dubito,
804 615 846 657 aa
876 593 1005 659 Catonia

419 693 531 759 Nobile
554 694 654 760 loturo.

150 902 249 956 gustum
277 894 372 950 veniat,
395 896 491 953 uirum,
516 894 586 943 euius
611 895 697 944 laudes

150 975 198 1022 iam
220 973 252 1021 ab
272 973 342 1021 initio
359 972 495 1036 spectabat!
530 973 585 1020 Iam
604 973 698 1022 reiectis

151 1053 188 1101 his
206 1053 392 1108 additamentis,
407 1067 467 1100 suus
478 1052 582 1100 carmini
592 1052 665 1100 decor
674 1059 699 1101 et

149 1132 299 1179 concinnitas
316 1131 484 1180 restituuntur.
509 1131 590 1189 Quem
603 1132 699 1189 uimru,

149 1210 208 1257 dieit
216 1211 343 1265 Horatius,
354 1225 424 1272 quem
438 1211 520 1265 berou,
533 1225 603 1271 quern
617 1211 699 1257 Deum

149 1289 293 1338 celebrabo?
328 1289 412 1337 Iovem
434 1295 491 1336 ante
512 1302 605 1336 omnes.
639 1286 699 1335 Iove

149 1369 215 1415 enim
237 1367 300 1414 nihil
324 1367 405 1414 maius
422 1373 469 1415 est:
488 1366 648 1428 quantumvis
665 1379 698 1413 ex

151 1448 209 1496 Iove
229 1448 282 1494 nati
299 1447 346 1495 Dei
367 1453 392 1495 et
412 1445 497 1493 heroes
513 1445 628 1493 maximis
645 1444 698 1491 lau·

149 1527 221 1575 dibus
238 1527 307 1588 digni
324 1527 379 1573 sint.
413 1525 496 1573 Tanto
517 1524 574 1580 tibi,
596 1537 612 1570 o
628 1522 696 1586 Iupi-

149 1614 198 1663 ter,
216 1622 231 1654 a
248 1606 303 1654 fatis
321 1605 379 1652 data
396 1611 433 1653 est
449 1601 631 1651 curaCaesaris
643 1601 698 1649 Au·

150 1684 229 1746 gusti,
247 1685 289 1747 qui
301 1685 334 1731 sis
344 1689 369 1730 et
380 1689 462 1730 eustos
474 1681 555 1743 gentis
567 1681 698 1728 humanae.

151 1764 206 1812 lIoe
226 1763 280 1810 vire
301 1762 363 1810 nihil
384 1760 464 1808 maius
486 1761 512 1807 iu
534 1759 611 1807 terris.
645 1759 699 1806 IIas

152 1850 234 1905 reget,
253 1844 289 1890 ita
305 1848 401 1896 tamen,
424 1846 463 1897 ut,
480 1838 627 1887 mortalibus
644 1853 697 1886 om·

151 1921 223 1969 nibus
240 1920 364 1983 superior,
385 1926 409 1966 te
426 1932 476 1966 uno
492 1932 519 1965 se
535 1922 605 1980 gerat
621 1918 699 1965 mino-

152 2015 211 2049 rem.
245 2000 300 2048 Iam
325 2000 453 2060 interpone
478 1996 628 2056 Romulum,
646 1998 699 2045 Nu-

152 2096 227 2137 mam,
237 2079 411 2142 Tarquinium,
424 2076 553 2132 Catonern,
562 2077 699 2139 Regulum,

153 2160 267 2218 Scauros,
284 2159 412 2216 Paullum,
425 2157 576 2214 Fabricium,
585 2156 699 2215 Curium,

152 2239 304 2295 Camillum,
320 2235 483 2293 Marcellum,
506 2235 600 2283 Iulium
619 2235 699 2295 sidus,

151 2320 176 2366 in
197 2317 309 2366 versibus
332 2315 438 2364 sedecim
461 2315 561 2363 attidem
585 2313 634 2362 iere
651 2313 700 2361 Ro-

152 2411 250 2456 manos,
270 2403 399 2458 tamquam
421 2395 446 2441 in
468 2392 589 2456 Cataloge
605 2407 698 2440 memo-

152 2483 232 2533 ratos,
264 2474 449 2538 interposueris,
478 2474 543 2536 quod
571 2474 701 2521 dedecorat

152 2569 264 2613 carmen,
281 2567 329 2616 quo
346 2553 440 2609 demto,
460 2552 576 2600 carminis
592 2550 700 2613 pulchri-

153 2633 212 2680 tudo
220 2638 332 2693 augetur.
350 2631 453 2679 Interim
462 2631 523 2678 haee
532 2629 701 2677 additamenta

152 2719 211 2760 sunt
236 2711 309 2759 valde
334 2712 448 2773 antiqua,
473 2711 494 2757 si
515 2708 617 2769 Quintil.
635 2708 699 2756 Inst.

153 2791 223 2840 Orat.
241 2791 290 2839 IX.
303 2792 326 2838 3.
345 2790 407 2851 §lu
425 2803 470 2852 pro
488 2788 624 2836 testimonio
641 2803 700 2834 usus

152 2870 183 2916 sit
200 2883 235 2917 vs.
254 2870 294 2916 41.
318 2871 396 2917 Hunc
413 2875 437 2916 ot
455 2869 569 2915 incurretis
592 2867 699 2915 Curium

152 2948 260 3006 suptilis.
294 2946 381 3009 Neque
405 2945 530 3007 incognita
550 2951 622 2993 erant
642 2945 698 2993 Au-

152 3025 232 3074 senio:
249 3040 272 3073 v.
290 3023 425 3072 Professor.
442 3022 571 3086 Burdigal.
589 3023 667 3072 VIII.

186 3105 321 3153 Romulum
338 3109 393 3162 post
409 3105 451 3150 hos
467 3105 547 3164 prius.
570 3102 654 3149 Tanta
664 3108 701 3150 est

152 3183 288 3230 similitudo
304 3183 392 3231 horum
410 3196 528 3229 versuum
545 3187 569 3228 et
585 3180 700 3228 lociVir-

152 3262 239 3325 giliani
256 3277 270 3310 e
286 3267 356 3310 sexta
369 3261 490 3316 Aeneide,
509 3267 537 3308 ut
553 3275 583 3309 ea
600 3259 701 3307 fortuita

152 3357 205 3391 esse
230 3357 279 3390 non
304 3341 387 3404 possit.
421 3341 537 3388 Imitatus
562 3346 599 3388 est
617 3339 700 3400 igitur

152 3422 192 3471 vel
218 3423 338 3470 Horatius
362 3421 514 3482 Virgilium,
539 3420 579 3468 vel
606 3425 699 3467 eontra.

152 3502 248 3563 Quodsi
272 3501 327 3563 quis
348 3506 484 3562 utrumque
506 3513 605 3547 carmen
623 3499 699 3547 censi-

153 3581 229 3638 deret,
246 3580 338 3627 videbit
348 3578 484 3640 Virgilium
497 3592 546 3625 non
557 3577 633 3625 fuisse
644 3577 698 3624 imi·

153 3664 269 3717 taterem;
291 3656 348 3705 lieet
369 3671 422 3704 esse
444 3657 556 3705 debuerit
576 3671 620 3719 per
637 3664 698 3704 tern-

152 3752 240 3800 pomm
257 3737 384 3784 rationem.
418 3734 467 3784 Sed
485 3733 617 3794 Horatius,
629 3739 701 3797 poeta

152 3817 255 3865 maximi
271 3814 366 3872 iudicii,
389 3827 445 3862 suos
468 3812 608 3872 delevisset,
630 3812 700 3862 lectis

152 3896 239 3944 deinde
268 3894 391 3952 versibus,
421 3908 482 3958 quos
511 3893 630 3951 Romani,
659 3896 701 3956 qui

152 3981 229 4022 totam
254 3973 392 4022 Aeneidem
417 3980 471 4020 tum
499 3986 585 4021 reeens
609 3975 700 4023 editam

152 4052 346 4109 admirabuntur,
355 4052 495 4101 memoriter
504 4053 627 4102 tenebant.
639 4055 701 4103 Alia

151 4133 202 4193 lpse
213 4132 296 4180 docuit
307 4132 332 4179 in
344 4130 447 4193 epistola
458 4131 489 4178 ad
501 4131 610 4181 Pisones.
628 4133 699 4197 Inep·

65 4196 74 4227 *¹
152 4217 206 4257 tum
223 4209 359 4266 hominem,
382 4209 408 4256 ni
429 4208 553 4258 timuisset
573 4223 699 4272 compara-

82 4292 94 4333 ·.
151 4287 254 4336 tionem!
289 4286 386 4336 Auctor
402 4288 490 4336 transit
507 4288 532 4336 h.
550 4289 566 4336 l.
579 4289 699 4348 adstrue,

741 897 813 959 idque
830 897 882 960 ipse
899 897 1003 957 indicat,
1020 898 1103 948 dicens
1118 905 1174 961 post
1191 901 1249 959 boa,⁸
1269 900 1293 948 id

740 982 788 1023 est:
811 976 892 1037 Quem
908 990 975 1024 nune
991 977 1144 1037 memorabo,
1160 984 1293 1041 postquam

741 1055 772 1103 de
796 1055 851 1104 Diis
876 1062 901 1106 et
925 1057 1038 1106 heroibus
1064 1057 1132 1105 dixi?
1163 1057 1220 1106 Iam
1245 1058 1293 1106 hec

741 1148 791 1182 nen
807 1142 845 1184 est
862 1135 936 1183 huius
952 1135 1076 1185 carminis.
1111 1137 1179 1185 Tum
1196 1139 1293 1196 dubito,

741 1228 817 1275 quam
843 1213 950 1262 humile!
993 1214 1048 1263 Hoc
1073 1215 1134 1263 adeo
1157 1230 1207 1262 non
1233 1215 1293 1263 tulit

743 1293 902 1352 Sanadenns,
925 1301 952 1341 ut
969 1308 1014 1355 pro
1030 1308 1059 1342 eo
1072 1293 1198 1356 scripserit
1209 1297 1291 1355 prius.

741 1370 803 1419 Alia
812 1371 875 1420 ratio
884 1378 920 1420 est
929 1371 955 1418 in
969 1371 1008 1419 his
1021 1371 1169 1421 callimach.
1186 1373 1292 1436 Hymno

741 1448 809 1497 Ioula
825 1451 848 1497 4.
883 1453 943 1507 Πῶς
961 1451 1002 1498 καί
1020 1469 1061 1500 νιν
1072 1453 1193 1499 Δικταῖον
1205 1450 1291 1499 ἀείσο-

741 1546 786 1591 μαι
804 1529 831 1587 rii
850 1532 968 1589 Λυκαῖον,
987 1527 1030 1577 Ἐν
1047 1529 1104 1593 δοιῇ
1118 1529 1188 1592 μάλα
1199 1529 1290 1593 θυμός.

742 1607 775 1654 Et
792 1609 851 1670 quid
877 1607 1005 1656 dubitabat
1029 1608 1115 1671 poeta?
1148 1608 1211 1669 Quis
1234 1616 1293 1672 post

741 1686 839 1743 Iovem,
856 1687 934 1745 Deos,
951 1693 976 1735 ct
992 1687 1076 1735 heroes
1090 1685 1116 1733 in
1133 1687 1205 1736 terris
1222 1703 1290 1736 mor-

742 1765 799 1813 talis
816 1766 889 1814 laude
905 1772 968 1814 essct
982 1765 1153 1828 dignissimus,
1165 1767 1292 1815 Remulus

743 1859 774 1892 an
805 1844 956 1908 Pompilius,
981 1843 1134 1908 Tarquinius
1159 1859 1191 1893 an
1217 1844 1291 1895 Cato.

742 1923 777 1972 Hi
804 1923 881 1986 igitur
911 1927 1017 1987 quatuor
1046 1921 1150 1969 maximi
1178 1922 1292 1971 omnium

742 2003 912 2052 &turanorum
924 2000 1038 2057 fuerunt,
1049 2015 1128 2063 neque
1139 2015 1235 2060 eorum,
1248 2003 1293 2065 qui

743 2089 894 2144 sequuntur,
918 2078 1050 2143 quisquam
1072 2093 1129 2127 cum
1146 2078 1176 2126 iis
1193 2093 1292 2142 compa·

743 2159 844 2207 raudus.
878 2160 973 2219 Magna
997 2170 1057 2205 sane
1081 2156 1137 2205 laus
1158 2158 1293 2220 Augusto,

743 2231 792 2289 illi,
809 2238 907 2294 propter
924 2250 997 2296 quem
1019 2235 1066 2283 hoe
1086 2250 1185 2284 carmen
1207 2237 1291 2301 incep-

743 2318 798 2359 tum
815 2320 863 2370 est,
881 2313 901 2361 si
918 2329 997 2378 neque
1009 2322 1067 2364 ante
1077 2329 1148 2378 reges
1159 2314 1292 2377 fabulosos,

743 2403 821 2451 neque
839 2397 943 2440 mertem
968 2391 1083 2452 Catenis,
1109 2393 1153 2457 qui
1177 2393 1293 2444 Caesaris

744 2468 824 2516 suerat
847 2469 1043 2530 inimicissimus,
1060 2474 1182 2522 nominari
1199 2488 1291 2523 merea·

743 2555 792 2596 tur.
826 2549 861 2596 Et
885 2557 968 2600 tamen
989 2566 1049 2600 mox
1070 2553 1135 2600 idem
1155 2553 1293 2615 Augustus

742 2630 824 2676 orbem
840 2635 920 2691 repet,
942 2630 1023 2678 minor
1048 2646 1098 2680 uno
1119 2633 1191 2690 Iove,
1208 2633 1293 2696 itaque

744 2705 822 2753 maior
839 2707 954 2756 omnibus
970 2710 1103 2767 Romanis,
1121 2710 1162 2774 qui
1180 2726 1291 2776 uuquam

743 2783 849 2833 fuerunt.
884 2786 952 2835 Huic
976 2795 1041 2837 certe
1062 2804 1122 2837 suus
1147 2796 1201 2838 erat
1221 2791 1292 2839 loeus

742 2864 827 2912 statim
843 2872 898 2927 post
915 2867 982 2914 Deos
999 2874 1024 2916 et
1040 2869 1133 2917 heroes.

777 2944 901 3006 Superbos
925 2947 1053 3009 Tarquini
1063 2948 1154 3010 ferrer.
1179 2949 1235 2997 Iam
1248 2965 1292 2997 an-

743 3020 804 3083 tiqui
822 3021 967 3084 interpretes
984 3026 1113 3084 viderunt,
1133 3042 1210 3090 quam
1232 3028 1291 3079 alie-

742 3115 803 3148 num
829 3108 891 3149 esset
913 3102 954 3150 hic
976 3103 1086 3165 cogitare
1106 3106 1137 3155 de
1153 3107 1292 3172 TarquinIo

742 3178 867 3242 Superbo,
890 3189 914 3230 et
935 3181 1049 3230 Priscum
1066 3184 1174 3247 intelligi
1190 3202 1290 3249 praeee-

742 3273 807 3321 pere.
842 3261 875 3308 Et
892 3275 952 3310 sane
968 3266 1069 3324 superbi
1073 3264 1160 3327 fasces
1171 3281 1224 3315 esse
1235 3281 1291 3329 pos-

742 3345 800 3386 sunt
825 3341 964 3403 oroquffiei,
990 3347 1018 3389 ut
1043 3342 1140 3406 insigne
1160 3361 1291 3408 supremae

741 3420 877 3480 potestatis.
912 3419 1006 3469 Statius
1029 3437 1054 3470 v.
1079 3437 1102 3470 c.
1128 3422 1190 3473 silv.
1213 3426 1247 3474 V.
1264 3426 1290 3473 2.

741 3499 855 3560 ciquque
870 3501 983 3561 superbis
1001 3502 1131 3563 Fascibus,
1148 3508 1172 3550 et
1189 3506 1292 3566 patrios

741 3578 813 3624 dabit
831 3578 947 3626 insedisse
963 3580 1069 3627 curules.
1095 3579 1144 3629 Sed
1161 3580 1290 3642 Horatius,

742 3655 825 3713 erede,
843 3655 883 3702 hle
899 3669 985 3704 vocem
1002 3660 1114 3719 superbi,
1131 3658 1172 3706 vel
1190 3667 1290 3724 propter

743 3732 901 3796 ambignum,
911 3733 1039 3784 omisisset.
1065 3736 1195 3799 Tarquinii
1206 3746 1289 3789 autem

743 3812 855 3875 Superbi,
872 3826 946 3874 quem
964 3814 1077 3862 nonnulli
1093 3815 1240 3866 recentiores
1250 3819 1287 3867 in-

742 3898 861 3954 terpretes
878 3891 1007 3953 volebant,
1027 3894 1099 3942 nulla
1120 3895 1214 3944 mentio
1238 3898 1290 3947 fieri

741 3979 828 4035 potest.
869 3971 958 4021 Talem
985 3974 1067 4022 virum
1096 3974 1151 4024 Clio
1176 3976 1290 4025 Romana

742 4066 791 4099 non
808 4051 885 4100 sumit
904 4052 1034 4103 celebrare.
1069 4054 1221 4118 Tarquinius
1244 4056 1289 4106 Su·

742 4130 831 4194 perbus
852 4132 972 4182 Romanis
992 4140 1056 4192 erat,
1073 4135 1139 4198 qued
1155 4133 1289 4184 maioribus

741 4207 832 4258 nestris
848 4210 980 4274 Phssippus
1001 4212 1037 4260 H.
1060 4213 1127 4261 iilius
1148 4212 1233 4263 Caroli
1254 4215 1288 4265 V.

742 4288 899 4338 Documenta
915 4289 1039 4347 historica,
1057 4289 1128 4339 hodic
1145 4291 1289 4355 diligentius
