2916 5220
602 305 828 369 LIBER.
1223 307 1286 370 365

247 494 275 559 Ο
299 515 359 578 ego
383 515 450 557 non
472 492 568 582 felix,
594 515 693 578 quam
716 499 753 558 tu
776 493 882 578 fugis,
907 500 945 558 ut
968 499 1067 579 pavet
1090 516 1177 559 acres

290 598 390 682 Agna
411 596 507 680 lupos
532 618 728 681 capreaeque
751 596 902 661 leoncsl''

160 749 192 797 Et
202 749 313 797 Ennius:
319 748 434 809 festinat
447 749 535 798 diem.”
552 749 628 799 Adde
639 749 702 799 Stat.
741 756 766 798 et
792 749 894 799 Servius
915 765 939 812 p.
959 751 1030 798 1802.
1057 755 1081 798 et
1104 749 1238 812 Pompeius
1264 750 1290 797 iu

158 829 205 878 IV.
224 830 287 880 silv.
307 831 327 877 l.
353 831 393 877 Et
412 834 551 890 properata
577 834 636 876 tuae
652 844 703 876 πια-
742 835 794 876 arte
811 829 906 876 Donati
923 829 979 878 MS.
998 830 1024 876 in
1041 828 1200 877 BiblAcad.
1219 829 1289 878 Leid.

157 910 232 957 uibus
245 914 383 970 praetexta
400 907 538 956 Minervae.
742 908 810 956 Vide
839 907 985 970 interpretes
1013 908 1045 954 ad
1061 907 1219 968 Ausonium,
1247 907 1291 969 qui

193 989 274 1050 Oepo
298 1004 346 1036 aon
364 987 443 1048 felia.
478 986 519 1036 Sic
543 985 618 1035 etiam
647 984 704 1035 Ms.
743 986 866 1049 scripsisse
883 987 980 1034 videtur
997 987 1024 1033 in
1044 984 1218 1034 Praefatione:
1237 989 1292 1034 Hic

156 1067 250 1116 Graev.
269 1067 368 1129 Infelix
385 1064 515 1114 Charisius
534 1081 557 1128 p.
578 1067 632 1115 131.
650 1080 705 1128 pro·
743 1082 785 1128 epo
802 1066 939 1115 Ausonius.
965 1065 1031 1115 Cum
1041 1065 1155 1114 Bentleio
1166 1064 1231 1113 edidi
1242 1080 1292 1112 non

156 1147 233 1194 bante
254 1145 343 1193 Vossio
367 1143 393 1190 in
419 1144 579 1194 annotatione
602 1145 705 1207 scripta:
739 1146 817 1208 felia.

644 1288 805 1312 Q*-

533 1437 780 1503 CARMEN
824 1437 922 1502 XIII.

251 1556 406 1636 Horrida
428 1574 607 1654 tempestas
632 1567 759 1633 coelum
783 1567 948 1633 contraxit
971 1573 1004 1633 et
1027 1569 1147 1636 imbres

294 1675 459 1759 Nivesque
475 1673 641 1739 deducunt
654 1673 784 1737 Iovem:
801 1694 889 1737 nunc
906 1694 995 1737 mare
1004 1721 1013 1756 ,
1030 1695 1118 1739 nunc
1134 1674 1238 1739 siluae

251 1777 396 1842 Threicio
419 1776 584 1862 Aquilone
608 1782 735 1841 sonant.
784 1775 983 1861 Rapiamus,
1008 1776 1125 1859 amici,

297 1879 509 1946 Occasionem
533 1880 573 1944 de
597 1879 671 1944 dic:
697 1880 839 1964 dumque
862 1878 971 1944 virent
993 1902 1101 1964 genua

252 1984 298 2048 Et
322 1985 430 2066 decet,
455 1983 597 2047 obducta
620 1983 767 2047 solvatur
790 1982 898 2048 fronte
921 1987 1081 2049 senectus.

297 2087 343 2151 Tu
367 2086 445 2151 vina
468 2086 629 2170 Torquato
652 2106 747 2149 move
771 2085 904 2150 consule
926 2108 1039 2170 pressa
1061 2107 1142 2151 mec.

254 2189 390 2256 Caetera
411 2189 508 2254 mitte
530 2188 641 2273 loqui:
677 2188 767 2252 Deus
795 2188 874 2253 haec
896 2188 1035 2254 fortasse
1058 2189 1202 2272 benigna

298 2293 444 2358 Reducet
465 2293 500 2356 in
528 2291 638 2356 sedem
665 2290 744 2356 vice.
792 2291 889 2356 Nunc
913 2297 947 2356 et
969 2291 1192 2356 Achaemenia

253 2396 411 2463 Perfundi
438 2395 539 2460 nardo
562 2395 670 2476 iuvat,
700 2398 733 2458 ct
753 2393 818 2458 fide
845 2394 1002 2478 Cyllenea

299 2501 421 2565 Levare
446 2499 526 2564 diris
546 2504 679 2584 pectora
704 2497 994 2564 sollicitudinibus.

254 2603 384 2669 Nobilis
410 2610 449 2666 ut
469 2601 588 2687 grandi
608 2599 728 2665 cecinit
754 2599 937 2666 Centaurus
964 2603 1120 2667 alumno:¹

318 2743 471 2793 CARMEN
488 2743 565 2791 ΧΠῙΙ
747 2714 819 2776 sotis
837 2717 1031 2778 properantibus
1046 2732 1115 2778 rape,
1148 2715 1210 2764 Vim
1227 2715 1297 2763 verbi

753 2809 842 2855 rupere
857 2795 963 2842 ostendit
979 2795 1159 2844 Rittcrshusius
1177 2796 1207 2843 ad
1225 2794 1296 2844 Gun-

201 2837 318 2926 Ocelum
342 2875 478 2924 contruxit.
521 2872 578 2922 MS.
603 2871 711 2921 Franek.
753 2873 817 2922 theri
840 2874 928 2937 Ligur.
945 2876 967 2924 Ι.
988 2877 1045 2926 309.
1072 2883 1096 2925 ct
1120 2877 1248 2940 interpret.
1266 2876 1297 2922 ad

164 2954 326 3004 constristata
753 2953 841 3003 Iustin.
850 2955 1012 3005 XXXVIII.
1021 2956 1044 3006 5.
1058 2955 1154 3005 Graece
1165 2955 1297 3004 Plutarch.

198 3034 238 3080 Et
262 3035 342 3089 decet,
365 3034 472 3082 obductu
494 3034 607 3081 solvatur
621 3029 713 3092 fronte
753 3033 853 3096 Philop.
870 3034 931 3082 XV.
950 3033 1069 3097 ἁρπάσας
1086 3035 1132 3083 τὸν
1151 3034 1248 3098 καιρόν.

165 3116 285 3160 senectus.
329 3110 410 3168 Vino,
433 3111 519 3158 cantui
544 3116 568 3158 et
593 3109 713 3157 hilaritati
787 3113 917 3174 Perfundi
941 3115 1021 3161 nardo
1044 3115 1123 3161 iuvat.
1156 3113 1212 3162 MS.
1238 3128 1296 3173 pro-

165 3190 297 3252 indulgere
313 3190 393 3252 magis
410 3189 478 3238 decet
498 3189 611 3246 iuvenes,
637 3202 712 3250 quam
747 3191 837 3253 fundi,
864 3188 998 3239 Caeterum
1009 3190 1115 3237 scribam
1127 3193 1202 3240 iuvet.
1218 3191 1298 3240 Hora-

166 3284 221 3328 eOS,
243 3271 286 3333 qui
302 3270 352 3317 iam
370 3271 492 3332 attingere
516 3269 661 3330 inceperunt
677 3281 713 3315 se-
754 3269 817 3317 tium
834 3269 886 3317 sine
903 3268 979 3316 dubio
995 3270 1106 3318 iuvabat.
1135 3270 1171 3318 Ut
1191 3269 1298 3318 amicum

166 3355 300 3398 nectutem.
328 3351 363 3397 Et
379 3350 531 3398 oecasiouem
547 3348 627 3410 magis
643 3349 712 3410 rupi·
753 3349 864 3406 iuuaret,
898 3348 953 3396 ideo
986 3349 1032 3396 hoc
1059 3362 1158 3397 carmen
1189 3349 1299 3412 scripsit,

167 3445 229 3485 ruas,
247 3429 306 3476 dum
324 3430 395 3485 livet,
409 3443 485 3490 quam
502 3430 577 3476 decet.
595 3426 712 3476 Mallem:
754 3444 860 3492 eumque
885 3430 916 3477 ad
933 3429 1084 3478 hilaritatem
1102 3429 1203 3478 excitat.
1241 3432 1296 3478 Ru·

166 3513 207 3559 Et
229 3512 294 3559 licet.
325 3509 412 3559 Cicero
428 3507 480 3557 III.
505 3508 535 3555 de
552 3507 657 3556 Oratore
674 3507 714 3555 40.
752 3510 856 3570 pisinus
879 3509 1043 3566 occasionem,
1069 3507 1141 3557 dixit.
1178 3508 1300 3557 Soloutur

166 3590 254 3638 laudat
270 3590 314 3636 hos
332 3601 417 3637 versus
433 3586 522 3635 Ennii:
544 3588 616 3644 Vive,
640 3588 714 3648 illyr·
752 3594 877 3646 senectus,
895 3604 962 3638 prove
978 3589 1047 3646 vina,
1064 3591 1137 3637 mitte
1147 3588 1223 3651 loqui,
1240 3603 1299 3651 ergo

167 3684 218 3726 sea,
236 3671 295 3717 dum
312 3671 377 3718 livet.
402 3669 489 3716 Oculis
504 3672 658 3729 postremam
677 3668 714 3714 la·
754 3674 779 3716 et
794 3669 871 3717 iuvet.

167 3764 223 3797 men
249 3749 380 3795 radiatam
405 3761 474 3807 rupe.
510 3745 590 3794 Addit
616 3745 714 3795 Cicero:
788 3749 889 3796 NohiIIs
905 3754 935 3795 at
950 3748 1142 3808 panetariae
1155 3746 1300 3795 Centaurus

168 3829 228 3875 Noa
245 3828 314 3874 dicit
325 3827 428 3874 Ennius
444 3839 515 3889 cape,
532 3841 581 3874 aon
591 3831 659 3888 pete:
672 3828 714 3873 ha·
756 3829 865 3875 alamno.
892 3826 1015 3884 Achilles,
1032 3825 1204 3887 iampruadis,
1221 3824 1301 3889 μέγας

168 3909 236 3955 beret
257 3908 321 3954 enlm
344 3922 439 3954 morum
464 3908 594 3968 sperantis
615 3907 716 3953 diutius
756 3904 903 3968 γενόμενος,
920 3905 946 3951 in
963 3919 992 3952 eo
1008 3905 1093 3965 igitur,
1112 3910 1140 3951 ut
1154 3903 1301 3966 amagistro

167 3988 430 4042 essesesevz'ctururn,
446 3987 564 4045 sedrape.
593 3986 650 4034 Hoc
659 3999 714 4033 ver·
757 3983 902 4044 discederet,
920 3984 1038 4031 ultimum
1058 3983 1117 4041 hoc,
1141 3983 1212 4046 quasi
1232 3998 1301 4046 prae-

168 4069 225 4114 tam
251 4070 288 4114 est
314 4065 348 4114 ad
372 4066 400 4113 id
416 4071 549 4127 optatura,
570 4065 636 4127 qaod
657 4068 715 4111 onte
757 4069 867 4124 ceptum,
889 4061 988 4124 accepit.
1022 4061 1111 4123 Neque
1135 4061 1218 4108 obstat
1244 4064 1303 4110 Dea

168 4147 281 4204 diamut,
298 4145 359 4192 dum
376 4145 440 4192 licet.
463 4143 580 4191 Enniana
596 4141 659 4191 forte
675 4157 713 4190 re·
756 4146 816 4188 autc
830 4154 902 4202 puer.
935 4140 994 4201 Ipsa
1018 4154 1069 4187 vox
1093 4154 1165 4202 saepe
1185 4139 1303 4188 maiorem

167 4224 249 4286 spexit
266 4223 399 4272 Petronius
416 4237 469 4285 cap.
488 4223 542 4270 114.
562 4223 604 4270 Ad
619 4223 713 4277 osculo,
757 4225 863 4268 aetatem
888 4218 1022 4281 siguificat,
1048 4234 1123 4281 quam
1148 4233 1193 4266 nos
1216 4218 1302 4266 tribui-

167 4307 228 4352 dum
246 4305 321 4363 licet,
338 4310 363 4351 et
384 4306 504 4352 ultimum
530 4304 574 4351 hoc
595 4303 715 4364 quodiam
757 4313 821 4348 mus.
846 4301 916 4348 Puer
933 4298 1039 4345 ostendit
1056 4313 1165 4346 amorem
1184 4297 1304 4347 Centauri

1274 4502 1293 4532 θ’
