2916 5220
539 300 715 364 LIBER
761 303 787 363 Ι.

185 465 342 530 Perdere?
363 486 420 539 cur
444 463 589 550 apricum

228 563 345 634 Oderit
332 550 531 677 campum,
552 571 623 653 pat
612 565 681 660 iens
705 565 849 685 pulveris
870 573 990 695 atque
991 569 1092 634 solis?

183 670 296 737 Cur
265 666 370 756 neque
391 669 545 735 militaris
667 674 671 687 ¹

231 775 321 839 inter
338 773 489 858 aequales
515 773 657 858 equitat,
627 772 813 839 tGallica
835 796 894 840 neo
914 774 1037 860 lupatis

181 876 354 962 Temperat
368 898 424 941 ora
446 875 569 941 frenis?

228 979 340 1045 Onrt
316 984 411 1045 ιιιιιιι
397 978 554 1044 tflavum
575 978 718 1044 Tiberim
737 984 892 1066 tangere?
914 1002 970 1046 cur
991 980 1115 1045 olivum

182 1083 349 1170 Sanguine
371 1082 519 1168 viperino

226 1185 363 1253 Cautius
386 1186 490 1252 vitat?
513 1208 617 1271 neque
640 1186 706 1251 iam
729 1186 832 1251 livida
853 1191 963 1272 gestat
986 1185 1084 1252 armis

182 1291 338 1373 Brachia,
362 1312 459 1375 saepe
482 1289 591 1372 disco,

228 1393 330 1478 Saepe
353 1399 444 1458 ιιιιιι
467 1393 568 1458 finem
591 1393 697 1458 iaculo
721 1393 842 1460 nobilis
863 1395 1039 1480 expedito?

180 1497 269 1593 Quid
290 1499 391 1581 latet,
416 1503 454 1563 ιιι
476 1497 622 1563 marinae

225 1601 350 1666 Filium
373 1601 488 1667 dicunt
510 1601 656 1668 Thetidis
680 1603 741 1668 sub
764 1603 946 1687 lacrymosa
968 1603 1079 1669 Troiae

183 1706 329 1788 Funera,
352 1727 395 1770 ne
417 1704 523 1770 virilis

225 1808 344 1875 Cultus
367 1809 403 1873 in
426 1808 558 1874 eaedem
588 1814 622 1874 et
646 1810 762 1894 Lycias
784 1809 964 1896 proriperet
987 1813 1153 1876 catervas?

88 2002 138 2052 illa
164 2017 296 2066 properea,
324 2004 433 2066 equitet,
458 2007 590 2065 temperet,
614 2000 641 2048 in
683 2001 766 2050 Pollio
791 2002 821 2050 de
845 2001 908 2050 Vita
932 2001 1039 2052 Odenati
1066 2003 1092 2050 in
1116 2002 1233 2064 Triginta

87 2080 237 2144 praesentia.
276 2081 344 2129 Nam
364 2087 390 2128 et
410 2086 550 2143 sequuntur
570 2094 640 2142 prae·
682 2082 808 2145 Tyrannis
825 2096 878 2145 cap.
898 2083 935 2130 13.
965 2083 1018 2140 Qui
1033 2097 1129 2144 seraper
1146 2083 1230 2129 iacit·

88 2159 184 2216 sentia,
201 2172 245 2207 cnr
262 2160 346 2218 timet,
362 2172 408 2206 cnr
423 2160 504 2216 citat,
521 2164 546 2207 et
561 2159 640 2206 maior
683 2165 720 2210 eia
736 2179 766 2213 ae
782 2164 906 2212 utentibus
921 2163 1002 2223 vixit,
1018 2160 1149 2224 perferens
1164 2162 1229 2210 colo·

89 2238 128 2286 vis
145 2242 196 2295 est,
212 2237 344 2300 praecipue
360 2238 386 2284 in
403 2236 486 2295 initio,
503 2237 529 2284 in
546 2236 640 2285 directa
683 2258 748 2302 rem,
765 2242 1025 2304 praetractaverant
1036 2241 1118 2295 mala,
1129 2254 1193 2302 quae
1204 2240 1232 2286 in

89 2315 290 2379 interrogatione.
323 2317 394 2365 Idem
410 2322 561 2365 censuerunt
575 2317 639 2365 Ben·
681 2319 1148 2379 recontinmteeaotortuevoluptates.
1168 2318 1231 2375 Qat-

89 2395 165 2444 tleius
181 2402 207 2445 et
223 2394 422 2458 Oudendorpius.
682 2401 726 2446 bna
751 2400 871 2454 duratus,
898 2399 973 2445 colem
997 2411 1028 2444 aa
1052 2397 1178 2457 pulverem
1203 2397 1231 2443 ia.

126 2475 218 2522 Oderit
231 2489 359 2536 canopum,
371 2474 471 2535 pattena
477 2473 592 2535 polonie
602 2476 640 2520 ot·
683 2478 754 2525 bellic
771 2477 884 2525 Peraieia
900 2476 969 2523 tulit.
998 2474 1089 2522 Postea
1104 2473 1156 2520 vidi
1173 2488 1229 2522 ean-

89 2569 138 2616 que
153 2555 218 2602 tolie.
254 2553 346 2601 Oderit
361 2552 388 2599 in
403 2550 457 2599 istis
468 2551 639 2614 praesentibus
682 2555 738 2604 dem
756 2555 892 2603 multorum
903 2551 1229 2608 subseeonieeturem,Ro-

90 2631 201 2680 alienum
218 2629 330 2688 videtur,
346 2628 422 2678 etiam
439 2630 461 2677 si
476 2636 586 2692 tempore
602 2629 638 2676 fu·
681 2634 749 2692 selli,
780 2633 883 2691 Clerici,
912 2648 962 2682 non
989 2633 1108 2696 probante
1132 2629 1230 2680 Ouden-

91 2717 150 2758 turo
166 2724 288 2773 exponas,
305 2725 329 2757 v.
347 2724 368 2757 c.
380 2725 426 2758 eur
437 2710 532 2758 debebit
543 2709 640 2757 oddae?
682 2713 779 2776 dorpio,
805 2714 912 2772 Reislrii‚
937 2719 962 2762 et
986 2712 1082 2762 Iantzii
1106 2711 1132 2759 in
1157 2712 1230 2760 Actis

91 2788 251 2851 Oudendorp.
272 2788 428 2838 coniiciebat:
449 2789 513 2836 Odit
538 2789 578 2836 bio
599 2786 639 2835 vel
682 2793 809 2842 Societatis
826 2791 989 2841 Traiectinae.

89 2869 145 2915 odit
161 2870 193 2915 ie.
226 2867 316 2930 Neque
332 2868 354 2915 ei
370 2864 515 2928 displicebat
532 2867 638 2925 aeota,
716 2873 768 2921 Sub
779 2874 917 2934 Mmyraoeo
933 2872 1024 2920 Troiae
1041 2873 1149 2919 Funera.
1168 2869 1228 2920 Cae·

90 2947 231 2995 emendatio
247 2946 360 2996 Withotii
376 2946 403 2993 in
420 2945 549 3006 Specimen
567 2944 637 2994 Gun-
681 2965 723 2997 sar
746 2949 859 3011 Scaliger
880 2950 905 2997 in
930 2949 969 2998 Re
994 2948 1064 2997 Pau.
1090 2964 1146 3011 pag.
1172 2949 1228 2997 813.

91 3027 155 3076 ther.
182 3027 233 3075 Pro
248 3030 350 3090 patierat
366 3026 502 3089 legendum
518 3031 579 3088 puto
590 3027 637 3073 im·
681 3029 740 3077 dicit
758 3029 833 3076 “Non
849 3042 909 3075 sane
925 3027 1051 3077 convenit:
1069 3027 1130 3076 latet
1141 3027 1229 3076 Achil-

88 3109 197 3168 pata'eae.
231 3107 297 3155 Nam
318 3105 401 3168 Lydia
420 3104 511 3154 fecerat
537 3110 566 3151 ut
590 3118 640 3152 non
681 3109 717 3158 les
734 3109 759 3157 in
777 3108 855 3171 Scyro
871 3109 917 3156 sub
939 3109 1029 3158 Troiae
1040 3109 1162 3171 soaero.”
1188 3108 1229 3156 Iu-

90 3185 199 3247 empliua
214 3192 278 3235 esset
293 3185 639 3249 patiens,ideooderatcam·
681 3188 735 3236 dice
764 3187 939 3250 Oudendorpio
967 3186 1088 3235 Horatius
1112 3186 1230 3248 cogitavit

90 3280 163 3328 pum:
182 3267 254 3324 oliae,
280 3271 337 3313 ante
359 3278 468 3313 amorem
485 3269 568 3322 tuum,
586 3269 639 3312 erat
682 3271 762 3314 totum
784 3265 880 3314 bellurn
903 3264 1053 3320 Troianum,
1075 3264 1125 3311 iam
1145 3280 1160 3311 a
1179 3265 1228 3326 pri·

88 3347 199 3406 patient,
215 3352 244 3392 ut
258 3360 331 3407 caepe
348 3343 416 3391 diseo
432 3348 458 3390 et
473 3341 554 3390 iaculo
571 3341 638 3389 nobi·
682 3360 723 3393 mo
748 3359 825 3401 anno,
855 3358 904 3407 quo
927 3358 971 3407 per
996 3342 1124 3391 Achillem
1149 3343 1231 3390 multa

90 3423 129 3471 lis.
163 3423 257 3474 Similis
277 3429 316 3473 est
337 3423 408 3471 loeus
429 3420 511 3470 Taciti
528 3423 564 3470 II.
581 3421 638 3470 His·
682 3423 771 3472 funera
788 3431 847 3472 snut
864 3423 942 3481 facta,
963 3436 1054 3484 pompa
1074 3420 1171 3468 funebri
1189 3434 1228 3469 ee·

90 3509 137 3550 tor.
158 3503 198 3550 99.
234 3504 292 3551 Non
316 3504 387 3563 viper
411 3502 567 3563 corporibua,
590 3515 639 3549 noa
681 3501 784 3550 lebrata.
826 3502 907 3550 Addit
931 3501 1032 3550 Luerct.
1059 3499 1093 3547 V.
1119 3499 1175 3550 327.
1206 3506 1230 3548 et

89 3583 168 3629 ardor
184 3581 283 3628 animis.
319 3581 425 3628 Lentem
441 3583 466 3627 et
488 3592 578 3625 aarum
595 3594 637 3639 ap·
683 3579 767 3630 Sabin.
789 3580 809 3629 1.
836 3581 915 3644 Epist.
941 3580 981 3628 99.
1016 3581 1092 3627 Nune
1113 3581 1229 3641 pataram

88 3676 161 3718 rnen,
172 3660 251 3720 fluxa
268 3674 355 3719 arma,
370 3671 454 3718 cepaea
471 3659 541 3719 equi:
559 3657 638 3718 impa-
684 3663 776 3710 Pallae
811 3675 895 3710 vercae
922 3664 979 3721 poet
1003 3657 1102 3721 fatrreru
1140 3659 1231 3707 Troiae

89 3738 550 3799 tiemaodapaleeria,terrrpeatatum.
567 3733 640 3784 Com·
687 3741 745 3787 Vita
763 3742 833 3788 enini.
868 3737 980 3800 Scaliger
1000 3751 1089 3799 nempe
1105 3736 1230 3799 cogitabat

88 3818 216 3879 parandus
226 3818 302 3865 etiam
312 3823 350 3864 est
362 3815 478 3876 antiquus
488 3815 560 3877 po'eta
571 3816 638 3877 apud
681 3819 808 3866 excidium
824 3819 922 3865 Troiae.
946 3815 995 3864 Sed
1012 3815 1069 3863 vide
1085 3814 1167 3877 ipsum
1178 3813 1229 3862 Ho-

87 3897 169 3947 Cieer.
195 3897 232 3946 II.
258 3897 360 3946 Τιιιιιιι.
386 3895 488 3956 Quaest.
517 3893 556 3942 15.
589 3897 639 3944 Ntl
682 3901 729 3943 rat.
751 3895 772 3942 I.
796 3893 879 3944 Carm.
904 3893 941 3941 10.
967 3897 1065 3954 quanta
1086 3906 1167 3940 rreooea
1181 3891 1228 3953 sn·

87 3980 179 4026 horem
194 3979 276 4026 amite
291 3978 362 4040 apud
378 3977 508 4024 Laenates
523 3977 639 4038 cirpiaec,
682 3991 744 4022 nera
761 3975 903 4024 Dardanae
919 3973 994 4034 penti.
1017 3969 1080 4019 Stat.
1090 3970 1126 4017 ll.
1148 3969 1227 4018 Theb.

89 4058 172 4115 Quen
196 4058 264 4119 aeaoi
285 4058 429 4119 palaestra,
451 4056 566 4113 Eurota,
591 4057 639 4114 eol,
683 4053 738 4101 460.
756 4056 853 4114 priuata
871 4050 1009 4099 Cithaeron
1036 4049 1138 4096 Funera
1159 4054 1226 4097 rota-

83 4136 188 4198 palaic,
204 4136 288 4195 labor,
316 4134 419 4182 Militia
443 4134 472 4180 in
487 4133 569 4181 studio
585 4139 641 4194 eat,
682 4134 726 4180 bia.
749 4130 770 4178 Ι.
796 4127 891 4177 Achill.
914 4127 954 4175 84.
980 4131 1077 4189 quanta
1100 4128 1230 4190 Adspirant

85 4228 163 4275 qaam
182 4211 315 4273 fertiliter
341 4213 458 4260 barbara.
498 4209 638 4260 Trebellius
681 4211 775 4259 victrix
793 4208 968 4270 Phrygiarum
978 4205 1077 4269 satana
1094 4211 1212 4255 matrum.

577 4311 745 4341 *⁴000*-
