2916 5220
615 311 640 372 i,
665 310 677 370 l
704 310 730 371 ll
758 310 779 372 ll
803 312 840 372 lt.
1228 315 1291 378 379

335 486 474 553 Volente
499 486 617 569 Circa,
642 487 805 561 membra:
832 493 910 552 tuuc
936 511 1028 554 mous
1054 496 1087 555 et
1110 511 1209 554 sonus

337 590 498 674 Relapsus
529 596 627 675 atque
651 596 749 654 notus
774 589 808 654 iu
831 591 944 656 vultus
968 592 1079 657 honor.

338 693 423 756 Dedi
447 692 528 758 satis
555 714 715 778 superque
738 714 917 777 poenarum
942 694 1024 777 tibi,

333 797 456 860 Amata
477 796 587 861 nautis
611 796 755 860 multum
779 803 812 860 et
846 796 1062 862 institoribus.

338 899 440 983 Fugit
463 899 613 964 iuventas
638 905 671 962 et
694 898 895 962 verecundus
918 900 1006 964 color

158 1068 284 1123 tabantur,
301 1066 424 1114 dicentes:
450 1066 497 1114 hoc
522 1067 542 1113 si
563 1065 656 1113 faciunt
678 1063 703 1111 in
748 1064 1053 1126 Graecorum,Theocriti
1069 1066 1146 1132 Idyll.
1162 1069 1197 1117 11.
1212 1070 1251 1118 89.
1269 1077 1293 1117 et

158 1146 230 1195 viridi
246 1146 332 1208 ligno,
350 1144 409 1208 quid
426 1145 470 1192 fiat
487 1145 513 1192 in
530 1146 614 1193 arido?
747 1142 847 1192 Gallim.
866 1144 898 1192 Η.
917 1144 974 1194 Cer.
992 1161 1028 1195 vs.
1046 1147 1086 1196 93.
1107 1147 1150 1194 ubi
1175 1148 1293 1210 interpre-

195 1227 296 1274 Voleate
307 1225 392 1274 Circa.
406 1224 462 1274 MS.
474 1225 591 1273 Vossian.
606 1225 704 1273 Circae.
746 1229 783 1271 tes
800 1230 913 1272 nostrum
930 1226 1026 1287 politam
1048 1226 1124 1275 citare
1140 1241 1190 1274 uon
1207 1227 1293 1274 omise-

158 1303 189 1351 In
206 1303 320 1366 exemplo
337 1318 437 1366 nempe,
463 1305 528 1367 quod
550 1306 598 1353 ista
615 1318 704 1351 manus
747 1308 813 1350 runt.
857 1302 906 1353 Sed
935 1304 1081 1353 Theocritus
1107 1305 1130 1354 ei
1163 1305 1293 1368 praecipue

158 1382 322 1439 describebat,
339 1382 469 1445 legebatur
488 1385 572 1432 Circa.
608 1382 705 1431 Phocus
746 1387 804 1429 ante
825 1382 909 1430 oculos
934 1382 990 1432 suit:
1018 1385 1069 1432 Kal
1089 1402 1134 1448 μευ
1155 1383 1222 1449 χρὼς
1246 1386 1293 1448 μὲν

158 1462 350 1523 grammaticus:
377 1462 464 1522 “Quae
481 1463 507 1510 in
527 1479 540 1511 e
555 1463 704 1525 productum
746 1460 834 1524 ὁμοῖος
851 1462 946 1525 ἐγένετο
964 1464 1076 1512 πολλάκι
1087 1463 1174 1528 &adp
1188 1462 1293 1528 Ἐῤῥευν

157 1540 225 1602 apud
242 1539 349 1589 Graecos
366 1540 571 1604 desinunt,apud
589 1555 633 1588 nos
650 1558 663 1590 e
679 1541 704 1588 in
746 1537 767 1586 δ’
784 1540 810 1588 ἐκ
828 1541 939 1603 κεφαλᾶς
957 1542 1038 1590 πᾶσαι
1063 1543 1152 1607 τρίχες·
1175 1543 1241 1591 αὐτὰ
1267 1541 1292 1590 δὲ

157 1635 174 1666 α
191 1633 311 1668 conversa
326 1627 384 1667 sunt
401 1620 511 1669 eiusdem
529 1621 705 1676 declinationis,
745 1619 825 1667 λοιπὰ
842 1617 921 1668 'Ocri'
938 1619 971 1668 ἔτ’
989 1621 1020 1680 ἦς
1037 1622 1079 1670 καὶ
1096 1620 1172 1684 δέρμα
1178 1658 1185 1682 ,
1204 1623 1245 1669 καὶ
1267 1621 1293 1678 ἐς

158 1704 186 1745 ut
203 1698 264 1746 haec
280 1697 489 1756 Circu,Circae.”
505 1701 565 1749 Vid.
576 1701 608 1749 N.
619 1700 705 1749 Heius.
746 1699 816 1756 τίνος
842 1699 887 1747 οὐκ
904 1696 1015 1763 ἐπέρασα
1025 1719 1034 1757 ,-
1054 1697 1087 1746 Ἢ
1102 1700 1179 1756 ποίας
1199 1701 1292 1748 ἔλιπον

158 1778 190 1824 aa
207 1777 300 1840 vagu.
317 1778 367 1827 111.
385 1779 451 1827 Aen.
466 1779 514 1826 sss
532 1786 557 1826 er
572 1779 655 1827 nenti.
674 1780 705 1826 ιο
747 1778 837 1842 pata
859 1766 952 1841 ορμον,
971 1778 1027 1834 ρης
1044 1777 1151 1841 affarea·
1177 1776 1244 1826 Ἀλλ’
1262 1779 1292 1837 tr

158 1857 182 1904 h.
201 1857 218 1905 l.
240 1857 370 1905 laudatum
396 1873 410 1905 a
434 1858 581 1904 Burmanno
603 1858 634 1904 ad
652 1858 705 1906 An·
747 1855 820 1905 οὐδὲν
853 1856 973 1920 ἐλαφρόν,
1001 1855 1013 1902 ὁ
1047 1854 1071 1904 δὲ
1096 1856 1189 1919 χρόνος
1211 1856 1292 1906 ἅνυτο

159 1936 220 1984 thol.
238 1937 268 1984 T.
287 1936 308 1984 1.
326 1953 349 1999 p.
367 1938 424 1985 215.
747 1935 853 1999 φεύγων.
888 1935 998 1983 imitatio
1015 1942 1051 1984 est
1066 1934 1205 1983 manifesta:
1223 1937 1292 1984 cuius

192 2017 277 2064 Notus
293 2019 321 2063 in
341 2019 428 2064 vultus
445 2018 528 2064 honor.
567 2018 664 2064 Gratia
681 2022 706 2064 et
747 2016 800 2063 etin
807 2014 861 2062 aliis
868 2015 1064 2063 huiuscarminis
1072 2015 1293 2078 locis,etinEpodo

158 2097 269 2156 dipnitua
284 2096 358 2143 vultu
367 2109 495 2157 expressa:
512 2095 561 2143 vid.
580 2094 662 2142 Hand.
675 2095 705 2142 ad
748 2095 781 2142 V.
795 2095 1013 2158 deprehenduntur
1022 2097 1133 2158 vestigia.
1153 2098 1293 2158 Relinquat·

160 2173 234 2223 Statii
250 2175 272 2222 Ι.
298 2175 360 2224 silv.
381 2177 401 2224 l.
429 2175 466 2224 17.
483 2181 508 2223 et
527 2174 648 2222 Arntzen.
675 2172 705 2220 ad
748 2189 819 2232 oasa,
845 2176 911 2236 pelle
942 2179 1038 2224 airricta
1063 2177 1150 2222 lurida
1182 2173 1293 2223 referunt

159 2253 239 2301 Plinii
254 2253 381 2317 Panegyr.
400 2256 423 2302 t.
749 2251 844 2300 Graeca
872 2254 939 2301 αὐτὰ
963 2253 988 2302 δὲ
1014 2253 1094 2300 λοιπὰ
1115 2251 1194 2300 'Ocri'
1211 2250 1244 2301 ἔτ’
1262 2253 1293 2312 ἧς

192 2333 288 2382 Amata
307 2335 396 2382 nautia
415 2335 523 2381 nucitum
541 2338 566 2381 et
582 2333 705 2380 Institori-
748 2333 786 2379 rai
812 2331 896 2395 δέρμα.
931 2331 1015 2394 Magis
1040 2347 1072 2380 ex
1097 2346 1144 2378 usu
1168 2333 1293 2379 communi

159 2414 210 2459 bus.
249 2413 280 2460 In
309 2427 359 2460 uno
387 2411 444 2461 MS.
471 2419 585 2474 corrupte
610 2413 704 2459 acuitis.
747 2409 832 2458 fuisset
852 2413 942 2460 relicta
958 2416 1018 2459 suat
1035 2426 1105 2459 ossa:
1131 2411 1173 2458 sed
1190 2425 1236 2473 ego
1256 2426 1293 2458 re-

160 2489 316 2540 Seutentiam
341 2497 424 2540 autem
449 2491 522 2538 huius
548 2500 631 2538 versus
659 2491 705 2538 hoc
748 2491 847 2552 linquar
864 2507 929 2546 orsu,
946 2505 1003 2538 orac
1018 2505 1084 2548 κιιοι,
1102 2496 1139 2539 est
1154 2489 1293 2552 elegantiae

159 2569 215 2616 loco
238 2584 289 2618 non
315 2570 392 2632 capio.
425 2569 574 2618 Ponendum
600 2569 705 2616 arbitror
748 2570 864 2632 poeticae,
873 2569 1073 2631 antiquae,haud
1084 2568 1205 2629 vulgaris.
1222 2569 1292 2616 Ana-

159 2654 215 2710 post
231 2663 330 2697 versum
339 2650 379 2698 48.
406 2651 570 2698 Nouendiales
582 2651 706 2712 dissipare
748 2663 822 2696 creon
840 2648 924 2698 Oarm.
942 2648 991 2696 IV.
1028 2646 1114 2711 Ὀλίγη
1136 2646 1161 2695 δὲ
1183 2647 1292 2711 κεισόμε-

158 2728 281 2788 pulverea.
748 2729 798 2775 σθα
816 2729 893 2785 κόνις.
920 2728 1035 2776 Phoenix
1044 2726 1214 2788 Colophonius
1227 2727 1292 2789 apud

194 2807 272 2867 Fupit
292 2808 406 2854 iuventas
426 2812 450 2854 et
472 2808 705 2855 verecundarentur
748 2809 844 2858 Athen.
862 2808 924 2857 XII.
944 2810 982 2857 40.
1005 2807 1104 2864 Σποδὸς
1122 2807 1147 2856 δὲ
1165 2807 1251 2865 πολλὴ
1268 2805 1292 2870 χ’

160 2884 275 2945 Reliquit
290 2899 344 2932 oasa
354 2887 419 2946 pelle
426 2887 520 2933 ainictu
530 2887 623 2933 lurido.
641 2887 704 2934 Ver·
748 2889 767 2937 ὡ
784 2888 937 2953 μιτρηφόρος
954 2893 1043 2951 κεῖμαι.
1066 2886 1200 2948 Sophronis
1217 2886 1293 2935 verba

160 2978 202 3010 sus
219 2964 328 3021 molesti,
350 2965 375 3012 in
392 2965 481 3027 quibus
498 2980 594 3026 semper
611 2966 704 3014 claram
748 2970 857 3017 servavit
873 2969 959 3031 Etym.
977 2968 1086 3031 Magnus
1104 2983 1160 3029 pag.
1172 2967 1228 3018 737.
1247 2966 1292 3014 σό-

159 3042 242 3091 lucem
267 3044 394 3092 desideres
429 3044 556 3092 Bentleius
581 3047 704 3094 correxit:
748 3057 810 3112 φορ,
837 3047 893 3096 ἀντ’
919 3047 1020 3110 ἀνδρός.
1058 3047 1182 3094 Tlreocrit.
1209 3046 1292 3093 Adon.

160 3125 200 3172 Et
213 3126 364 3172 verecundas
382 3125 448 3172 color·
461 3126 574 3186 Reliquit
587 3140 632 3172 ora
642 3127 706 3186 pelle
748 3138 784 3172 vs.
798 3123 849 3171 148.
858 3124 948 3187 Χώνηρ
962 3125 1020 3181 ὄξος
1030 3125 1113 3172 ἅπαν.
1131 3124 1191 3172 Vid.
1200 3124 1292 3174 Valck.

159 3205 254 3251 ainictu
271 3205 363 3251 lurida
391 3202 457 3263 Quia
473 3206 539 3252 color
555 3205 706 3251 verecundus
748 3201 858 3249 Plautus
876 3200 973 3263 Captiv.
989 3201 1010 3249 Ι,
1026 3203 1050 3250 2.
1071 3203 1135 3249 Ossa
1150 3207 1232 3263 utque.
1240 3204 1292 3262 pal⁶

159 3283 263 3343 reliquit
273 3296 328 3329 oasa
338 3296 411 3330 nemo
420 3283 511 3330 Latine
522 3282 620 3330 dinerit.
629 3284 705 3343 Vere,
749 3284 781 3329 lia
803 3296 857 3329 rura
880 3283 973 3329 vuisera
998 3282 1174 3328 irrueritudine.
1197 3279 1291 3329 Catuli.

159 3367 232 3422 puto;
258 3362 300 3410 sed
326 3368 410 3409 tamen
440 3361 532 3423 aliquid
558 3361 704 3423 requiritur,
748 3361 825 3410 XIII.
838 3360 922 3409 Carm.
937 3361 974 3408 14.
996 3361 1085 3406 Totum
1099 3364 1128 3406 ut
1140 3364 1164 3406 te
1173 3358 1291 3421 fuciunt,

158 3453 209 3500 quo
225 3447 338 3489 extrema
354 3439 491 3487 macritudo
509 3440 582 3486 totius
599 3440 706 3501 corporis
751 3441 973 3496 Fabullaaasum.
991 3437 1064 3486 Ovid.
1076 3438 1110 3487 V.
1123 3439 1225 3486 Metam.
1235 3440 1290 3486 343.

159 3516 288 3566 indicetur.
306 3519 338 3566 in
351 3519 518 3589 MSS3nulla
534 3526 571 3567 est
587 3519 705 3577 varietas,
750 3518 849 3567 Cereris
866 3533 952 3566 auarus
969 3519 1052 3566 onznia
1066 3534 1164 3566 οιιιιιοο.
1182 3519 1292 3567 Persius.

159 3596 205 3643 uisi
221 3597 286 3658 quod
312 3599 394 3646 Bentl.
411 3600 438 3646 in
455 3600 504 3646 suis
525 3599 622 3646 duobus
638 3599 705 3646 inve·
749 3597 823 3647 Satir.
845 3597 879 3645 V.
899 3598 953 3645 153.
974 3597 1048 3644 Citrio
1064 3604 1089 3645 et
1105 3613 1190 3645 aranea
1202 3607 1227 3645 et
1243 3600 1290 3660 fa·

159 3676 223 3724 uerit
240 3677 347 3725 urrrictua
364 3683 389 3725 et
409 3680 532 3728 cratetur:
559 3678 605 3725 hoc
631 3678 705 3726 etiam
748 3679 807 3726 bula
818 3678 876 3740 fies.
910 3678 1008 3725 Auson.
1026 3677 1093 3739 Epit.
1118 3677 1230 3726 Heroum
1251 3678 1290 3726 38.

159 3761 213 3802 erat
229 3755 254 3802 in
272 3770 321 3803 uno
338 3756 407 3805 Leid.
430 3757 509 3805 Error
526 3757 663 3815 scribentis,
680 3758 705 3805 ni
749 3758 842 3804 Mutua
859 3758 887 3804 ia
904 3761 1034 3804 aeternum
1050 3772 1105 3805 aura
1122 3759 1197 3814 cirria,
1224 3772 1291 3812 caea,

159 3832 241 3891 fallor,
266 3835 325 3897 quia
340 3850 390 3883 vox
412 3850 517 3899 sequens
535 3851 550 3883 a
567 3836 639 3884 litera
656 3836 705 3885 iere
748 3836 818 3883 nihil.
862 3835 958 3885 Similia
988 3834 1061 3882 multi
1086 3849 1239 3896 congessere,
1266 3837 1292 3883 in

158 3913 234 3961 simili
250 3916 342 3978 incipit.
360 3915 430 3963 Nihil
445 3917 505 3964 adeo
522 3922 639 3978 superest,
658 3917 705 3964 nisi
747 3914 837 3977 quibus
854 3915 994 3962 nominasse
1011 3928 1077 3961 nnnc
1094 3914 1216 3962 suffecerit
1229 3914 1290 3964 Cor-

158 3999 186 4039 ut
203 3994 343 4053 videamus,
364 3995 425 4058 quid
442 3997 585 4043 coniectura
608 3997 705 4058 assequi
747 3995 810 4042 tium
828 3994 860 4041 ad
877 3993 955 4041 Plinii
971 3993 1049 4041 VIII.
1067 3994 1146 4055 Epist.
1168 3994 1205 4041 18.
1222 3995 1292 4041 Νοιιι

157 4071 286 4132 possimus.
304 4071 414 4121 Coniicio
425 4073 512 4134 igitur:
533 4076 611 4136 Fapit
621 4077 705 4123 ιἰιοοιι-
746 4080 806 4122 acat
827 4089 910 4122 carnea
920 4073 1029 4133 fribulae
1045 4074 1145 4120 Tullus.
1162 4072 1236 4120 Dixit
1246 4072 1291 4134 igi·

144 4155 392 4200 *tucetcerecundus
409 4157 483 4204 color.
509 4158 652 4219 Relinquor
668 4169 704 4203 oa·
747 4162 789 4201 tur
806 4153 939 4209 Horatius,
957 4153 1023 4214 quod
1041 4152 1090 4199 alia
1101 4152 1232 4199 verborum
1244 4150 1291 4198 for-

157 4243 197 4286 sa,
213 4231 279 4291 pelle
295 4233 390 4280 amicta
408 4235 501 4283 lurida.
528 4233 652 4284 Credibile
669 4241 705 4282 est
747 4249 789 4281 ms
804 4232 908 4282 Ovidius
921 4231 957 4280 11.
976 4233 1035 4280 Am.
1053 4233 1075 4278 9.
1097 4232 1133 4278 lt.
1155 4233 1217 4280 Orsa
1230 4233 1293 4280 mibi

156 4307 290 4357 Horatium
316 4310 376 4359 haec
402 4311 520 4363 formasse
542 4315 571 4362 ad
590 4315 705 4377 exempla
747 4315 817 4362 ιιιιόκι
832 4314 936 4374 reliquit
955 4315 1040 4359 Aruer.
