2916 5220
623 337 940 403 CAltMlNUM

394 527 458 590 Fas
481 524 663 611 pervicaces
688 528 738 588 est
760 522 843 586 mihi
866 520 1027 606 Thyiadas

393 627 535 713 Vinique
558 626 699 707 fontem,
724 625 819 689 lactis
844 630 877 688 et
899 624 1013 688 uberes

438 730 579 795 Oantare
602 729 706 811 rivos,
731 733 829 813 atque
852 727 976 808 truncis

482 835 591 919 Lapsa
612 832 701 898 cavis
725 832 842 896 iterare
865 831 981 896 mella:

395 937 459 1001 Fas
483 943 516 1002 et
538 937 652 1001 beatae
676 934 826 1019 coniugis
850 934 1000 999 additum

393 1039 505 1105 Stellis
528 1039 706 1120 honorem,
730 1043 881 1122 tectaque
906 1037 1044 1102 Penthei

440 1142 586 1207 Disiecta
608 1163 675 1206 non
698 1141 765 1206 leni
788 1140 902 1223 ruina,

482 1244 612 1310 Thracis
637 1250 669 1310 et
693 1244 832 1309 exitium
857 1242 1008 1327 Lycurgi.

395 1348 442 1412 Tu
465 1346 568 1412 flectis
593 1369 723 1429 amnes,
748 1351 786 1411 tu
808 1368 897 1410 mare
919 1344 1110 1425 barbarum,

390 1451 437 1515 Tu
461 1450 619 1535 separatis
643 1449 762 1516 uvidus
786 1449 822 1513 in
845 1449 932 1534 iugis

436 1554 533 1618 Nodo
555 1560 680 1618 coirces
706 1552 854 1638 viperino

483 1656 696 1721 Bistonidum
720 1655 790 1721 sine
814 1654 927 1720 fraude
950 1654 1065 1719 crines.

395 1761 458 1842 Tu,
483 1783 586 1845 quum
610 1758 755 1846 parentis
778 1781 879 1843 regna
902 1780 959 1844 per
982 1758 1121 1822 arduum

393 1863 515 1928 Cohors
540 1863 723 1948 Gigantum
747 1862 917 1927 scanderet
939 1861 1065 1947 impia,

438 1967 604 2032 Rhoetum
627 1966 789 2032 retorsisti
812 1966 915 2031 leonis

480 2070 656 2156 Unguibus
686 2070 898 2156 horribilique
921 2069 1027 2148 mala3

218 2200 346 2249 Bacchum
363 2199 422 2247 vidi.
451 2199 496 2247 An
513 2197 713 2249 Commentarius
729 2198 763 2246 le·
803 2200 840 2261 gis
857 2197 1024 2246 Horatiauum
1040 2195 1138 2244 videtur
1147 2195 1195 2257 fas
1211 2200 1255 2244 ert.
1280 2195 1356 2244 Talia

215 2279 279 2341 gerit
303 2279 414 2338 Bocchi,
438 2278 528 2327 nescio.
566 2277 763 2340 Interpretatur:
804 2283 911 2340 repetere
937 2284 1011 2325 amat.
1038 2275 1117 2338 Iipod.
1140 2275 1175 2322 II.
1196 2275 1242 2324 62:
1268 2277 1356 2324 videre

213 2359 374 2420 praesentiae
389 2359 508 2408 nundum.
801 2362 968 2420 properantes
984 2357 1092 2414 domum,
1119 2355 1201 2404 videm
1211 2354 1298 2417 fessos
1314 2368 1353 2416 aq.

246 2437 300 2484 Fas
319 2438 461 2499 pervicaces
482 2441 519 2486 est
536 2436 605 2485 mitti.
641 2434 687 2485 Sil.
703 2434 762 2483 Ital.
840 2435 1004 2482 Bistonidum
1020 2434 1074 2482 aine
1084 2431 1183 2495 fraude
1198 2435 1288 2482 mines.
1310 2432 1354 2481 In-

213 2514 292 2562 1.19.
329 2517 472 2564 Porciorum
488 2529 577 2566 causas
592 2516 692 2562 irarum
710 2516 763 2562 Fas
804 2517 921 2576 terpretes
933 2511 1030 2561 faciunt
1040 2512 1169 2561 Bacchum
1179 2511 1262 2560 crines
1270 2512 1354 2561 Bisto

213 2595 315 2655 operire
351 2595 413 2641 mihi
447 2608 600 2656 superosque
637 2594 763 2642 recludere
803 2592 890 2640 nidum
910 2593 1023 2640 coercere
1038 2592 1103 2640 nodo
1118 2591 1236 2654 viperino.
1270 2591 1356 2641 Maior·

214 2677 313 2720 cruentes.
346 2669 477 2719 Ausonius
506 2671 605 2720 Mosell.
631 2672 687 2719 443.
713 2671 762 2734 fas
804 2672 882 2720 virtus
898 2678 923 2721 et
940 2671 996 2720 laus
1012 2670 1106 2720 Bacchi
1122 2676 1171 2727 est,
1187 2669 1208 2716 si
1225 2682 1284 2718 suos
1300 2671 1354 2733 ipse

214 2751 276 2797 crini
292 2765 392 2798 sacrum
412 2750 598 2799 Perstrinrisse
612 2765 709 2798 arranem
725 2756 760 2799 te·
803 2751 883 2798 crines
903 2751 992 2813 viperis
1015 2750 1118 2797 co‘ercet
1150 2749 1237 2797 Verba
1257 2749 1294 2797 sic
1313 2764 1353 2798 or-

214 2828 259 2875 nui
284 2829 402 2876 libamine
425 2830 526 2876 Musae.
560 2829 591 2876 In
612 2828 701 2890 quibus
720 2844 762 2877 ex·
804 2830 913 2877 dinanda
927 2835 1000 2892 puto:
1019 2828 1079 2877 “Tu
1090 2828 1187 2876 coerces
1197 2814 1276 2876 crines
1287 2829 1355 2876 uodo

214 2905 302 2967 emplis
319 2905 422 2953 verbum
435 2905 613 2954 estomittitur.
633 2907 761 2956 Bentleius
803 2908 914 2971 viperino
938 2907 1110 2966 Bistonidum,
1136 2905 1237 2969 qualem
1257 2908 1353 2956 nodum

214 2983 254 3030 hie
270 2985 380 3033 volebat:
391 2984 440 3047 fas
454 2987 597 3047 pervicaces
612 2988 649 3034 ait
664 2988 734 3034 mitri.
804 2993 901 3050 gestant
925 2985 1072 3034 Bistonides.
1104 2985 1186 3033 Erant
1209 2991 1234 3034 et
1253 2985 1355 3035 Baccho

248 3065 300 3112 Fas
311 3070 336 3112 et
347 3066 433 3112 beatae
444 3065 553 3126 coniupis
564 3065 680 3113 additum
698 3066 762 3115 Stei-
803 3067 871 3130 longi
887 3066 979 3122 onnes,
996 3077 1059 3128 qnos
1075 3063 1160 3112 terens
1179 3064 1281 3113 mercer.

214 3141 384 3191 inhonorem.
418 3141 499 3189 Nulla
519 3143 650 3205 praecessit
670 3143 762 3193 mentio
836 3148 963 3194 Rhoetum
979 3144 1105 3193 retorsisti
1126 3143 1201 3192 111110
1222 3145 1355 3206 Unpuihru

213 3234 324 3270 coronae.
358 3220 417 3270 Ideo
434 3221 568 3269 obscurum
584 3228 634 3282 est,
655 3223 714 3287 quid
731 3223 762 3270 sit
804 3226 968 3287 turribiiique
984 3224 1061 3270 moia.
1094 3220 1223 3270 Bentleius
1242 3225 1351 3272 horribi-

214 3299 289 3347 nonos
304 3301 421 3362 cantapia.
450 3300 543 3349 Melius
555 3300 621 3362 apud
633 3299 762 3349 Avienum
803 3307 888 3368 lisque.
921 3302 1007 3352 Facies
1026 3301 1162 3350 orationem
1178 3301 1259 3364 magis
1276 3302 1354 3365 po'eti·

214 3376 355 3426 Ariadnaei
378 3382 472 3440 capitis
497 3381 579 3428 banos.
612 3378 655 3426 Ex
680 3379 762 3427 addito
803 3397 871 3440 cam,
890 3382 1007 3444 legendo:
1035 3381 1160 3429 Rhoetum
1180 3382 1309 3430 retorsisti
1324 3385 1355 3430 in

213 3454 279 3503 enim
303 3459 387 3519 capite
411 3456 483 3506 facile
508 3472 623 3507 eororram
643 3457 761 3520 intelligi·
804 3463 879 3511 uanis
895 3459 1200 3524 amarissimamque
1210 3461 1288 3508 mata.
1301 3459 1353 3508 Pu·

212 3548 277 3581 mus.
301 3535 342 3585 Sic
358 3535 464 3585 Serenus
482 3536 653 3586 Sammonicus
665 3537 695 3585 de
708 3537 761 3586 Me·
803 3554 883 3604 gnans
899 3540 924 3588 in
942 3539 1022 3587 forma
1037 3537 1126 3597 leonis,
1144 3537 1171 3584 in
1187 3538 1314 3600 unguibus
1328 3547 1354 3589 et

213 3613 258 3660 dic.
283 3613 336 3661 180.
362 3612 476 3675 capillos,
501 3614 532 3662 de
553 3615 642 3677 quibus
662 3614 761 3663 loeutus
803 3620 871 3669 mala
886 3617 976 3677 leonis,
994 3617 1020 3664 in
1036 3616 1115 3666 leone.
1148 3614 1221 3666 Ovid.
1238 3616 1273 3666 V.
1299 3619 1353 3667 Me-

212 3698 277 3751 erat,
302 3697 374 3741 vocat
399 3693 492 3754 capitis
517 3694 638 3743 hommem.
681 3693 761 3743 Credo
803 3706 862 3747 tam.
880 3697 936 3746 329.
967 3697 1053 3745 Delius
1064 3697 1092 3744 in
1101 3711 1174 3745 coreo
1184 3697 1272 3746 latuit.
1290 3697 1352 3746 XV.

212 3770 346 3818 Horatium
374 3770 500 3833 scripsisse
529 3774 644 3821 additam
674 3775 762 3822 sceau
803 3780 906 3827 Metam.
924 3777 980 3829 670.
1015 3777 1051 3824 In
1067 3782 1181 3838 serpente
1200 3778 1269 3825 Deus
1280 3793 1353 3836 prae·

212 3864 334 3899 emonam
369 3849 529 3913 Quamquam
553 3851 633 3913 magis
653 3851 761 3912 politicae
802 3859 894 3906 nunna
918 3857 992 3904 nuta
1016 3857 1095 3903 misit.
1142 3853 1237 3904 Seneca
1262 3853 1352 3906 Ocior.

211 3935 276 3976 esset
299 3929 494 3978 consuetudinis:
521 3930 571 3978 Fas
595 3935 620 3979 et
645 3945 760 3980 coronam
802 3937 858 3987 207.
897 3935 999 3984 Aurem
1022 3935 1088 3981 idem
1108 3933 1193 3995 fluuit
1217 3935 1246 3982 in
1268 3935 1353 3983 imbri

212 4009 324 4070 coniupis
336 4010 453 4057 adduam
464 4011 551 4059 Stellio
561 4011 684 4059 bonorem.
701 4010 760 4058 Vir·
802 4014 944 4077 Appuleius
954 4012 1005 4061 v1.
1021 4013 1124 4060 Metam.
1135 4026 1192 4074 pag.
1202 4011 1258 4060 440.
1278 4013 1355 4071 Quos

212 4085 256 4147 gil.
273 4085 351 4136 vni.
368 4088 434 4137 Aen.
452 4089 507 4137 301.
542 4089 625 4149 Saloe,
642 4105 702 4138 cera
719 4091 760 4138 Io-
801 4095 824 4141 si
844 4109 900 4142 cere
917 4095 1020 4154 Iupiter
1040 4094 1146 4154 mupioit
1161 4093 1190 4139 in
1205 4093 1268 4140 boae.
1302 4093 1354 4142 Ubi

212 4166 250 4212 eis
267 4168 447 4226 protensum
456 4169 542 4217 addite
555 4169 636 4218 Divis.
664 4169 760 4218 Aeson.
802 4177 885 4220 tamen
902 4169 1091 4234 Oudendorpius
1104 4170 1214 4219 malebat
1223 4172 1251 4219 in
1262 4173 1353 4228 harem,

213 4243 310 4293 Mosell.
334 4246 388 4293 149.
410 4246 441 4295 de
466 4247 532 4309 pisce
553 4247 596 4310 qui
618 4255 655 4296 est
672 4263 761 4310 mopnc
801 4250 931 4312 probante,
954 4256 982 4297 ut
1007 4251 1113 4308 ridant,
1151 4249 1302 4299 Ruhnkenio
1326 4251 1352 4298 iu

214 4323 289 4370 tronor·
306 4324 411 4372 additus
427 4327 503 4372 omni.
539 4324 590 4372 Pro
600 4325 650 4386 sas
667 4332 692 4374 et
708 4341 760 4374 ma·
802 4325 911 4377 Praefat.
924 4327 1139 4377 LexiciSclreller.
1151 4344 1175 4391 p.
1187 4329 1236 4378 IX.
1254 4330 1352 4378 Tamen

287 4878 460 5180 Χ
