<?xml version="1.0" encoding="UTF-8"?>
<!DOCTYPE html PUBLIC "-//W3C//DTD XHTML 1.0 Transitional//EN"
    "http://www.w3.org/TR/xhtml1/DTD/xhtml1-transitional.dtd">
<html xmlns="http://www.w3.org/1999/xhtml" xml:lang="en" lang="en">
 <head>
  <title>
</title>
<meta http-equiv="Content-Type" content="text/html;charset=utf-8" />
  <meta name='ocr-system' content='tesseract 3.04.00' />
  <meta name='ocr-capabilities' content='ocr_page ocr_carea ocr_par ocr_line ocrx_word'/>
</head>
<body>
  <div class='ocr_page' id='page_1' title='image "./qhoratiiflaccic00horagoog_0185.png"; bbox 0 0 2916 5220; ppageno 0'>
   <div class='ocr_carea' id='block_1_1' title="bbox 570 313 887 377">
    <p class='ocr_par' dir='ltr' id='par_1_1' title="bbox 570 313 887 377">
     <span class='ocr_line' id='line_1_1' title="bbox 570 313 887 377; baseline 0.006 -3"><span class='ocrx_word' id='word_1_1' title='bbox 570 313 887 377; x_wconf 70' lang='lat' dir='ltr'><strong>crattlxt‘it</strong></span> 
     </span>
    </p>
   </div>
   <div class='ocr_carea' id='block_1_2' title="bbox 389 498 1007 688">
    <p class='ocr_par' dir='ltr' id='par_1_2' title="bbox 389 498 1007 688">
     <span class='ocr_line' id='line_1_2' title="bbox 389 498 1007 584; baseline -0.002 -21"><span class='ocrx_word' id='word_1_2' title='bbox 389 498 544 583; x_wconf 83' lang='lat' dir='ltr'><strong>Quisquis</strong></span> <span class='ocrx_word' id='word_1_3' title='bbox 569 500 718 584; x_wconf 82' lang='lat' dir='ltr'><strong>ingentes</strong></span> <span class='ocrx_word' id='word_1_4' title='bbox 742 499 835 564; x_wconf 84' lang='lat' dir='ltr'><strong>oculo</strong></span> <span class='ocrx_word' id='word_1_5' title='bbox 859 499 1007 564; x_wconf 86' lang='lat' dir='ltr'><strong>irretorto</strong></span> 
     </span>
     <span class='ocr_line' id='line_1_3' title="bbox 434 604 730 688; baseline 0.003 -21"><span class='ocrx_word' id='word_1_6' title='bbox 434 604 569 688; x_wconf 81' lang='lat' dir='ltr'>Spectat</span> <span class='ocrx_word' id='word_1_7' title='bbox 590 625 730 669; x_wconf 80' lang='lat' dir='ltr'><strong>acervos</strong></span> 
     </span>
    </p>
   </div>
   <div class='ocr_carea' id='block_1_3' title="bbox 93 751 1303 2950">
    <p class='ocr_par' dir='ltr' id='par_1_3' title="bbox 93 751 1303 2950">
     <span class='ocr_line' id='line_1_4' title="bbox 166 751 1303 817; baseline -0.001 -17"><span class='ocrx_word' id='word_1_8' title='bbox 166 753 257 800; x_wconf 76' lang='lat' dir='ltr'><strong>ratium</strong></span> <span class='ocrx_word' id='word_1_9' title='bbox 274 752 371 802; x_wconf 71' lang='lat' dir='ltr'><strong>Graoes</strong></span> <span class='ocrx_word' id='word_1_10' title='bbox 387 755 542 815; x_wconf 76' lang='lat' dir='ltr'><strong>expressisse,</strong></span> <span class='ocrx_word' id='word_1_11' title='bbox 560 755 659 817; x_wconf 84' lang='lat' dir='ltr'><strong>quaudo</strong></span> <span class='ocrx_word' id='word_1_12' title='bbox 675 756 710 801; x_wconf 90' lang='lat' dir='ltr'><strong>in·</strong></span> <span class='ocrx_word' id='word_1_13' title='bbox 729 776 733 791; x_wconf 88' lang='lat'><strong>·</strong></span> <span class='ocrx_word' id='word_1_14' title='bbox 752 751 842 814; x_wconf 82' lang='lat' dir='ltr'><strong>Virgil.</strong></span> <span class='ocrx_word' id='word_1_15' title='bbox 860 751 881 799; x_wconf 94' lang='lat' dir='ltr'><strong>I.</strong></span> <span class='ocrx_word' id='word_1_16' title='bbox 899 752 990 815; x_wconf 83' lang='lat' dir='ltr'><strong>Georg.</strong></span> <span class='ocrx_word' id='word_1_17' title='bbox 1010 752 1064 800; x_wconf 76' lang='lat'>185.</span> <span class='ocrx_word' id='word_1_18' title='bbox 1081 754 1204 813; x_wconf 71' lang='lat' dir='ltr'><strong>atqmtem</strong></span> <span class='ocrx_word' id='word_1_19' title='bbox 1214 751 1303 813; x_wconf 75' lang='lat' dir='ltr'><strong>sarria</strong></span> 
     </span>
     <span class='ocr_line' id='line_1_5' title="bbox 165 822 1302 896; baseline -0.001 -18"><span class='ocrx_word' id='word_1_20' title='bbox 165 831 279 879; x_wconf 73' lang='lat' dir='ltr'><strong>sidorum</strong></span> <span class='ocrx_word' id='word_1_21' title='bbox 299 842 325 880; x_wconf 88' lang='lat' dir='ltr'><strong>et</strong></span> <span class='ocrx_word' id='word_1_22' title='bbox 344 834 489 896; x_wconf 85' lang='lat' dir='ltr'><strong>cupidorum</strong></span> <span class='ocrx_word' id='word_1_23' title='bbox 509 835 575 882; x_wconf 81' lang='lat' dir='ltr'><strong>oculi</strong></span> <span class='ocrx_word' id='word_1_24' title='bbox 593 836 712 883; x_wconf 86' lang='lat' dir='ltr'><strong>dicuutur</strong></span> <span class='ocrx_word' id='word_1_25' title='bbox 729 822 733 881; x_wconf 83' lang='lat' dir='ltr'><strong>l</strong></span> <span class='ocrx_word' id='word_1_26' title='bbox 751 846 876 878; x_wconf 71' lang='lat' dir='ltr'><strong>ameum.</strong></span> <span class='ocrx_word' id='word_1_27' title='bbox 898 830 988 880; x_wconf 76' lang='lat' dir='ltr'><strong>Cicero</strong></span> <span class='ocrx_word' id='word_1_28' title='bbox 999 831 1034 880; x_wconf 85' lang='lat'><strong>11.</strong></span> <span class='ocrx_word' id='word_1_29' title='bbox 1052 829 1145 892; x_wconf 83' lang='lat' dir='ltr'><strong>Philip.</strong></span> <span class='ocrx_word' id='word_1_30' title='bbox 1156 829 1197 878; x_wconf 81' lang='lat'><strong>38.</strong></span> <span class='ocrx_word' id='word_1_31' title='bbox 1222 831 1302 878; x_wconf 79' lang='lat' dir='ltr'><strong>Tanti</strong></span> 
     </span>
     <span class='ocr_line' id='line_1_6' title="bbox 165 894 1301 976; baseline -0.002 -19"><span class='ocrx_word' id='word_1_32' title='bbox 165 909 352 975; x_wconf 66' lang='grc' dir='ltr'><strong>διαστρέφεσθαι</strong></span> <span class='ocrx_word' id='word_1_33' title='bbox 376 920 401 960; x_wconf 87' lang='lat' dir='ltr'><strong>et</strong></span> <span class='ocrx_word' id='word_1_34' title='bbox 422 913 607 976; x_wconf 68' lang='grc' dir='ltr'><strong><em>σκαμβοῦσὲαι.</em></strong></span> <span class='ocrx_word' id='word_1_35' title='bbox 642 913 711 974; x_wconf 84' lang='lat' dir='ltr'><strong>Ego,</strong></span> <span class='ocrx_word' id='word_1_36' title='bbox 729 894 733 955; x_wconf 75' lang='lat' dir='ltr'><strong>i</strong></span> <span class='ocrx_word' id='word_1_37' title='bbox 751 911 834 958; x_wconf 75' lang='lat' dir='ltr'><strong>uceni</strong></span> <span class='ocrx_word' id='word_1_38' title='bbox 859 925 1017 959; x_wconf 70' lang='lat' dir='ltr'><strong>nummorum</strong></span> <span class='ocrx_word' id='word_1_39' title='bbox 1045 913 1241 965; x_wconf 71' lang='lat' dir='ltr'><strong>mmenlur,</strong></span> <span class='ocrx_word' id='word_1_40' title='bbox 1271 913 1301 956; x_wconf 82' lang='lat' dir='ltr'><strong>at</strong></span> 
     </span>
     <span class='ocr_line' id='line_1_7' title="bbox 165 988 1301 1054; baseline -0.001 -19"><span class='ocrx_word' id='word_1_41' title='bbox 165 1003 222 1036; x_wconf 85' lang='lat' dir='ltr'><strong>eum</strong></span> <span class='ocrx_word' id='word_1_42' title='bbox 245 988 312 1047; x_wconf 82' lang='lat' dir='ltr'><strong>aliis,</strong></span> <span class='ocrx_word' id='word_1_43' title='bbox 330 989 375 1037; x_wconf 85' lang='lat' dir='ltr'><strong>hoc</strong></span> <span class='ocrx_word' id='word_1_44' title='bbox 391 1000 453 1053; x_wconf 85' lang='lat' dir='ltr'><strong>puto</strong></span> <span class='ocrx_word' id='word_1_45' title='bbox 469 992 711 1054; x_wconf 79' lang='lat' dir='ltr'><strong>simplicius:Homo</strong></span> <span class='ocrx_word' id='word_1_46' title='bbox 751 990 803 1036; x_wconf 79' lang='grc' dir='ltr'><strong>ιάσι</strong></span> <span class='ocrx_word' id='word_1_47' title='bbox 834 991 1026 1052; x_wconf 72' lang='lat' dir='ltr'><strong>appendantur,</strong></span> <span class='ocrx_word' id='word_1_48' title='bbox 1057 1003 1106 1037; x_wconf 77' lang='lat' dir='ltr'><strong>non</strong></span> <span class='ocrx_word' id='word_1_49' title='bbox 1138 993 1301 1036; x_wconf 70' lang='grc' dir='ltr'><strong><em>ιιιιιιιιτσιέιιν</em></strong></span> 
     </span>
     <span class='ocr_line' id='line_1_8' title="bbox 164 1066 1300 1133; baseline -0.002 -17"><span class='ocrx_word' id='word_1_50' title='bbox 164 1083 215 1117; x_wconf 92' lang='lat' dir='ltr'><strong>non</strong></span> <span class='ocrx_word' id='word_1_51' title='bbox 235 1070 339 1132; x_wconf 79' lang='lat' dir='ltr'><strong>cupidus</strong></span> <span class='ocrx_word' id='word_1_52' title='bbox 359 1072 477 1133; x_wconf 74' lang='lat' dir='ltr'><strong>praeterit</strong></span> <span class='ocrx_word' id='word_1_53' title='bbox 503 1072 645 1127; x_wconf 75' lang='lat' dir='ltr'>thesauros,</span> <span class='ocrx_word' id='word_1_54' title='bbox 670 1085 711 1119; x_wconf 89' lang='lat' dir='ltr'><strong>eos</strong></span> <span class='ocrx_word' id='word_1_55' title='bbox 729 1110 732 1117; x_wconf 93' lang='lat'><em>.</em></span> <span class='ocrx_word' id='word_1_56' title='bbox 749 1069 878 1130; x_wconf 69' lang='grc' dir='ltr'><strong><em>ρσακίασ.</em></strong></span> <span class='ocrx_word' id='word_1_57' title='bbox 913 1067 1015 1117; x_wconf 77' lang='lat' dir='ltr'><strong>Sueten</strong></span> <span class='ocrx_word' id='word_1_58' title='bbox 1036 1066 1117 1129; x_wconf 67' lang='lat' dir='ltr'><strong>calig.</strong></span> <span class='ocrx_word' id='word_1_59' title='bbox 1140 1068 1180 1114; x_wconf 74' lang='lat'><strong>42</strong></span> <span class='ocrx_word' id='word_1_60' title='bbox 1217 1068 1300 1130; x_wconf 79' lang='lat' dir='ltr'><strong>Super</strong></span> 
     </span>
     <span class='ocr_line' id='line_1_9' title="bbox 164 1122 1298 1215; baseline -0.002 -19"><span class='ocrx_word' id='word_1_61' title='bbox 164 1155 270 1210; x_wconf 79' lang='lat' dir='ltr'><strong>spectat,</strong></span> <span class='ocrx_word' id='word_1_62' title='bbox 290 1149 333 1197; x_wconf 86' lang='lat' dir='ltr'><strong>sed</strong></span> <span class='ocrx_word' id='word_1_63' title='bbox 353 1149 438 1198; x_wconf 84' lang='lat' dir='ltr'><strong>oculos</strong></span> <span class='ocrx_word' id='word_1_64' title='bbox 458 1164 509 1198; x_wconf 90' lang='lat' dir='ltr'><strong>uon</strong></span> <span class='ocrx_word' id='word_1_65' title='bbox 529 1157 666 1213; x_wconf 82' lang='lat' dir='ltr'>retorquet,</span> <span class='ocrx_word' id='word_1_66' title='bbox 683 1159 711 1197; x_wconf 82' lang='lat' dir='ltr'><strong>ut</strong></span> <span class='ocrx_word' id='word_1_67' title='bbox 729 1122 733 1215; x_wconf 50' lang='grc' dir='ltr'>ἔ</span> <span class='ocrx_word' id='word_1_68' title='bbox 753 1149 883 1196; x_wconf 69' lang='lat' dir='ltr'><strong>imm</strong></span> <span class='ocrx_word' id='word_1_69' title='bbox 901 1163 1036 1197; x_wconf 77' lang='grc' dir='ltr'><strong><em>σιιτσσηιηι</em></strong></span> <span class='ocrx_word' id='word_1_70' title='bbox 1055 1161 1156 1196; x_wconf 79' lang='lat' dir='ltr'><strong>acerras</strong></span> <span class='ocrx_word' id='word_1_71' title='bbox 1177 1151 1229 1194; x_wconf 79' lang='lat' dir='ltr'><strong>toto</strong></span> <span class='ocrx_word' id='word_1_72' title='bbox 1245 1161 1298 1194; x_wconf 79' lang='lat' dir='ltr'><strong>cor-</strong></span> 
     </span>
     <span class='ocr_line' id='line_1_10' title="bbox 164 1220 1299 1292; baseline -0.001 -20"><span class='ocrx_word' id='word_1_73' title='bbox 164 1226 243 1276; x_wconf 85' lang='lat' dir='ltr'><strong>laoere</strong></span> <span class='ocrx_word' id='word_1_74' title='bbox 259 1227 351 1285; x_wconf 89' lang='lat' dir='ltr'><strong>solent,</strong></span> <span class='ocrx_word' id='word_1_75' title='bbox 371 1228 415 1291; x_wconf 92' lang='lat' dir='ltr'><strong>qui</strong></span> <span class='ocrx_word' id='word_1_76' title='bbox 436 1229 531 1292; x_wconf 81' lang='lat' dir='ltr'><strong>aliquid</strong></span> <span class='ocrx_word' id='word_1_77' title='bbox 547 1230 671 1277; x_wconf 87' lang='lat' dir='ltr'><strong>mirantur</strong></span> <span class='ocrx_word' id='word_1_78' title='bbox 686 1238 712 1277; x_wconf 84' lang='lat' dir='ltr'><strong>et</strong></span> <span class='ocrx_word' id='word_1_79' title='bbox 730 1220 733 1259; x_wconf 58' lang='grc' dir='ltr'>ἔ</span> <span class='ocrx_word' id='word_1_80' title='bbox 751 1241 812 1287; x_wconf 77' lang='lat' dir='ltr'><strong>pore</strong></span> <span class='ocrx_word' id='word_1_81' title='bbox 834 1227 964 1275; x_wconf 66' lang='lat' dir='ltr'><strong>adulatus</strong></span> <span class='ocrx_word' id='word_1_82' title='bbox 988 1232 1034 1274; x_wconf 75' lang='lat' dir='ltr'><strong>eat.</strong></span> <span class='ocrx_word' id='word_1_83' title='bbox 1072 1225 1155 1275; x_wconf 85' lang='lat' dir='ltr'><strong>Cinna</strong></span> <span class='ocrx_word' id='word_1_84' title='bbox 1182 1225 1209 1272; x_wconf 89' lang='lat' dir='ltr'><strong>in</strong></span> <span class='ocrx_word' id='word_1_85' title='bbox 1238 1224 1299 1272; x_wconf 86' lang='lat' dir='ltr'><strong>Pro</strong></span> 
     </span>
     <span class='ocr_line' id='line_1_11' title="bbox 163 1303 1299 1371; baseline -0.001 -20"><span class='ocrx_word' id='word_1_86' title='bbox 163 1306 231 1354; x_wconf 74' lang='lat' dir='ltr'><strong>taciti</strong></span> <span class='ocrx_word' id='word_1_87' title='bbox 247 1314 340 1368; x_wconf 75' lang='lat' dir='ltr'><strong>optant.</strong></span> <span class='ocrx_word' id='word_1_88' title='bbox 373 1308 481 1356; x_wconf 78' lang='lat' dir='ltr'><strong>Boeotus</strong></span> <span class='ocrx_word' id='word_1_89' title='bbox 496 1309 609 1371; x_wconf 78' lang='lat' dir='ltr'><strong>quidam,</strong></span> <span class='ocrx_word' id='word_1_90' title='bbox 619 1309 651 1358; x_wconf 84' lang='lat' dir='ltr'><strong>de</strong></span> <span class='ocrx_word' id='word_1_91' title='bbox 661 1324 712 1371; x_wconf 85' lang='lat' dir='ltr'><strong>quo</strong></span> <span class='ocrx_word' id='word_1_92' title='bbox 752 1304 876 1368; x_wconf 74' lang='lat' dir='ltr'><strong>pemptioe</strong></span> <span class='ocrx_word' id='word_1_93' title='bbox 886 1303 1008 1352; x_wconf 80' lang='lat' dir='ltr'><strong>Pollionis</strong></span> <span class='ocrx_word' id='word_1_94' title='bbox 1016 1303 1234 1366; x_wconf 71' lang='lat' dir='ltr'><strong>apudChttl&#39;isium</strong></span> <span class='ocrx_word' id='word_1_95' title='bbox 1242 1317 1299 1366; x_wconf 67' lang='lat' dir='ltr'><strong>pag.</strong></span> 
     </span>
     <span class='ocr_line' id='line_1_12' title="bbox 165 1383 1299 1449; baseline -0.002 -18"><span class='ocrx_word' id='word_1_96' title='bbox 165 1383 709 1449; x_wconf 77' lang='lat' dir='ltr'><strong>PhavorinusapudStobaeumSerm.CXV.</strong></span> <span class='ocrx_word' id='word_1_97' title='bbox 752 1383 792 1432; x_wconf 81' lang='lat'><strong>99.</strong></span> <span class='ocrx_word' id='word_1_98' title='bbox 827 1387 882 1434; x_wconf 78' lang='lat' dir='ltr'><strong>Nee</strong></span> <span class='ocrx_word' id='word_1_99' title='bbox 897 1390 951 1432; x_wconf 74' lang='lat' dir='ltr'><strong>tusa</strong></span> <span class='ocrx_word' id='word_1_100' title='bbox 967 1386 1087 1432; x_wconf 71' lang='grc' dir='ltr'><strong><em>ἀαησησι</em></strong></span> <span class='ocrx_word' id='word_1_101' title='bbox 1102 1385 1214 1444; x_wconf 66' lang='lat' dir='ltr'><strong>inecaret</strong></span> <span class='ocrx_word' id='word_1_102' title='bbox 1223 1384 1299 1430; x_wconf 79' lang='lat' dir='ltr'><strong>mira·</strong></span> 
     </span>
     <span class='ocr_line' id='line_1_13' title="bbox 163 1461 1301 1530; baseline -0.004 -16"><span class='ocrx_word' id='word_1_103' title='bbox 163 1461 277 1526; x_wconf 75' lang='grc' dir='ltr'><strong><em>έντιιχῶν</em></strong></span> <span class='ocrx_word' id='word_1_104' title='bbox 292 1465 426 1529; x_wconf 66' lang='grc' dir='ltr'><strong><em>θησαυρῷ,</em></strong></span> <span class='ocrx_word' id='word_1_105' title='bbox 447 1465 546 1530; x_wconf 78' lang='grc' dir='ltr'><strong><em>ἐπάρας</em></strong></span> <span class='ocrx_word' id='word_1_106' title='bbox 563 1466 592 1514; x_wconf 84' lang='grc' dir='ltr'><strong>τὸ</strong></span> <span class='ocrx_word' id='word_1_107' title='bbox 608 1465 710 1526; x_wconf 72' lang='grc' dir='ltr'><strong>σκέλος,</strong></span> <span class='ocrx_word' id='word_1_108' title='bbox 752 1462 1301 1523; x_wconf 70' lang='lat' dir='ltr'><strong>eneamm,1nnnaerattttouoonqestis</strong></span> 
     </span>
     <span class='ocr_line' id='line_1_14' title="bbox 93 1540 1301 1608; baseline 0 -21"><span class='ocrx_word' id='word_1_109' title='bbox 93 1548 100 1557; x_wconf 83' lang='lat'><em>&#39;</em></span> <span class='ocrx_word' id='word_1_110' title='bbox 163 1540 333 1605; x_wconf 77' lang='grc' dir='ltr'><strong><em>ἀπεματάῖσε,</em></strong></span> <span class='ocrx_word' id='word_1_111' title='bbox 354 1545 398 1592; x_wconf 74' lang='lat' dir='ltr'><strong>rui</strong></span> <span class='ocrx_word' id='word_1_112' title='bbox 415 1544 561 1608; x_wconf 66' lang='grc' dir='ltr'><strong><em>παρῆλθεν,</em></strong></span> <span class='ocrx_word' id='word_1_113' title='bbox 579 1544 613 1601; x_wconf 76' lang='grc' dir='ltr'><strong>ὥς</strong></span> <span class='ocrx_word' id='word_1_114' title='bbox 630 1544 711 1594; x_wconf 72' lang='grc' dir='ltr'><strong><em>οὐκέτι</em></strong></span> <span class='ocrx_word' id='word_1_115' title='bbox 753 1545 862 1606; x_wconf 74' lang='grc' dir='ltr'><strong><em>ιαιιέίριιι</em></strong></span> <span class='ocrx_word' id='word_1_116' title='bbox 877 1546 971 1593; x_wconf 73' lang='lat' dir='ltr'><strong>cacalia</strong></span> <span class='ocrx_word' id='word_1_117' title='bbox 1004 1543 1057 1592; x_wconf 80' lang='lat' dir='ltr'><strong>Ubi</strong></span> <span class='ocrx_word' id='word_1_118' title='bbox 1075 1541 1113 1590; x_wconf 77' lang='lat' dir='ltr'><strong>vir</strong></span> <span class='ocrx_word' id='word_1_119' title='bbox 1135 1541 1223 1588; x_wconf 85' lang='lat' dir='ltr'><strong>doctus</strong></span> <span class='ocrx_word' id='word_1_120' title='bbox 1238 1540 1301 1603; x_wconf 89' lang='lat' dir='ltr'><strong>legit</strong></span> 
     </span>
     <span class='ocr_line' id='line_1_15' title="bbox 164 1620 1301 1686; baseline -0.001 -18"><span class='ocrx_word' id='word_1_121' title='bbox 164 1621 237 1670; x_wconf 79' lang='grc' dir='ltr'><strong><em>οὐδέν</em></strong></span> <span class='ocrx_word' id='word_1_122' title='bbox 262 1623 325 1671; x_wconf 79' lang='grc' dir='ltr'><strong><em>ὄντα</em></strong></span> <span class='ocrx_word' id='word_1_123' title='bbox 350 1623 414 1686; x_wconf 76' lang='grc' dir='ltr'><strong>πρὸς</strong></span> <span class='ocrx_word' id='word_1_124' title='bbox 434 1623 525 1672; x_wconf 79' lang='grc' dir='ltr'><strong><em>αὐτόν.</em></strong></span> <span class='ocrx_word' id='word_1_125' title='bbox 559 1623 666 1686; x_wconf 86' lang='lat' dir='ltr'><strong>Epictet.</strong></span> <span class='ocrx_word' id='word_1_126' title='bbox 685 1626 711 1672; x_wconf 90' lang='lat' dir='ltr'><strong>in</strong></span> <span class='ocrx_word' id='word_1_127' title='bbox 751 1629 877 1686; x_wconf 75' lang='grc' dir='ltr'><strong><em>ωαρσσέσσ</em></strong></span> <span class='ocrx_word' id='word_1_128' title='bbox 892 1624 919 1671; x_wconf 90' lang='lat' dir='ltr'><strong>in</strong></span> <span class='ocrx_word' id='word_1_129' title='bbox 935 1630 1030 1671; x_wconf 60' lang='lat' dir='ltr'><strong>annoti</strong></span> <span class='ocrx_word' id='word_1_130' title='bbox 1041 1620 1119 1671; x_wconf 81' lang='lat' dir='ltr'>MSS.</span> <span class='ocrx_word' id='word_1_131' title='bbox 1135 1620 1224 1682; x_wconf 80' lang='lat' dir='ltr'><strong>Neque</strong></span> <span class='ocrx_word' id='word_1_132' title='bbox 1234 1626 1301 1668; x_wconf 83' lang='lat' dir='ltr'><strong>recte</strong></span> 
     </span>
     <span class='ocr_line' id='line_1_16' title="bbox 163 1699 1299 1765; baseline -0.001 -18"><span class='ocrx_word' id='word_1_133' title='bbox 163 1699 265 1749; x_wconf 86' lang='lat' dir='ltr'><strong>Euchir.</strong></span> <span class='ocrx_word' id='word_1_134' title='bbox 287 1714 340 1763; x_wconf 87' lang='lat' dir='ltr'><strong>cap.</strong></span> <span class='ocrx_word' id='word_1_135' title='bbox 366 1702 402 1749; x_wconf 79' lang='lat'><strong>12</strong></span> <span class='ocrx_word' id='word_1_136' title='bbox 435 1699 497 1749; x_wconf 83' lang='grc' dir='ltr'><strong>Ἐὰν</strong></span> <span class='ocrx_word' id='word_1_137' title='bbox 521 1701 534 1749; x_wconf 87' lang='grc' dir='ltr'><strong>ὁ</strong></span> <span class='ocrx_word' id='word_1_138' title='bbox 558 1702 712 1765; x_wconf 67' lang='grc' dir='ltr'><strong><em>κυβερνήτης</em></strong></span> <span class='ocrx_word' id='word_1_139' title='bbox 752 1702 779 1750; x_wconf 91' lang='lat' dir='ltr'><strong>in</strong></span> <span class='ocrx_word' id='word_1_140' title='bbox 795 1717 846 1750; x_wconf 83' lang='lat' dir='ltr'><strong>una</strong></span> <span class='ocrx_word' id='word_1_141' title='bbox 862 1703 920 1751; x_wconf 86' lang='lat' dir='ltr'><strong>sede</strong></span> <span class='ocrx_word' id='word_1_142' title='bbox 935 1708 1061 1765; x_wconf 87' lang='lat' dir='ltr'><strong>ponuntur</strong></span> <span class='ocrx_word' id='word_1_143' title='bbox 1077 1702 1192 1749; x_wconf 76' lang='lat' dir='ltr'><strong>diadema</strong></span> <span class='ocrx_word' id='word_1_144' title='bbox 1208 1706 1235 1747; x_wconf 87' lang='lat' dir='ltr'><strong>et</strong></span> <span class='ocrx_word' id='word_1_145' title='bbox 1245 1701 1299 1746; x_wconf 74' lang='lat' dir='ltr'><strong>lua-</strong></span> 
     </span>
     <span class='ocr_line' id='line_1_17' title="bbox 163 1778 1298 1845; baseline -0.002 -17"><span class='ocrx_word' id='word_1_146' title='bbox 163 1778 268 1844; x_wconf 71' lang='grc' dir='ltr'><strong><em>καλέσῃ,</em></strong></span> <span class='ocrx_word' id='word_1_147' title='bbox 294 1779 366 1844; x_wconf 76' lang='grc' dir='ltr'><strong><em>τρέχε</em></strong></span> <span class='ocrx_word' id='word_1_148' title='bbox 390 1781 433 1829; x_wconf 68' lang='lat' dir='ltr'><strong>tri</strong></span> <span class='ocrx_word' id='word_1_149' title='bbox 459 1782 487 1829; x_wconf 83' lang='grc' dir='ltr'><strong>τὸ</strong></span> <span class='ocrx_word' id='word_1_150' title='bbox 513 1782 619 1841; x_wconf 81' lang='grc' dir='ltr'><strong><em>πλοῖον,</em></strong></span> <span class='ocrx_word' id='word_1_151' title='bbox 640 1780 712 1845; x_wconf 73' lang='grc' dir='ltr'><strong><em>ἀφεὶς</em></strong></span> <span class='ocrx_word' id='word_1_152' title='bbox 753 1798 811 1842; x_wconf 82' lang='lat' dir='ltr'><strong>rua,</strong></span> <span class='ocrx_word' id='word_1_153' title='bbox 826 1792 853 1831; x_wconf 90' lang='lat' dir='ltr'><strong>et</strong></span> <span class='ocrx_word' id='word_1_154' title='bbox 869 1798 970 1845; x_wconf 75' lang='lat' dir='ltr'><strong>requam</strong></span> <span class='ocrx_word' id='word_1_155' title='bbox 986 1790 1012 1829; x_wconf 85' lang='lat' dir='ltr'><strong>et</strong></span> <span class='ocrx_word' id='word_1_156' title='bbox 1027 1782 1145 1829; x_wconf 81' lang='lat' dir='ltr'><strong>diadema</strong></span> <span class='ocrx_word' id='word_1_157' title='bbox 1154 1779 1221 1828; x_wconf 89' lang='lat' dir='ltr'><strong>idem</strong></span> <span class='ocrx_word' id='word_1_158' title='bbox 1232 1785 1298 1826; x_wconf 86' lang='lat' dir='ltr'><strong>sunt.</strong></span> 
     </span>
     <span class='ocr_line' id='line_1_18' title="bbox 163 1857 1298 1924; baseline 0.001 -21"><span class='ocrx_word' id='word_1_159' title='bbox 163 1857 243 1905; x_wconf 77' lang='grc' dir='ltr'><strong><em>ἐκεῖνα</em></strong></span> <span class='ocrx_word' id='word_1_160' title='bbox 268 1857 370 1918; x_wconf 78' lang='grc' dir='ltr'><strong><em>πάντα,</em></strong></span> <span class='ocrx_word' id='word_1_161' title='bbox 393 1857 471 1922; x_wconf 67' lang='grc' dir='ltr'><strong><em>μηδὲν</em></strong></span> <span class='ocrx_word' id='word_1_162' title='bbox 495 1858 710 1923; x_wconf 75' lang='grc' dir='ltr'><strong><em>ἐπιστρεφόμενος.</em></strong></span> <span class='ocrx_word' id='word_1_163' title='bbox 753 1862 809 1924; x_wconf 85' lang='lat' dir='ltr'><strong>Ego</strong></span> <span class='ocrx_word' id='word_1_164' title='bbox 841 1860 923 1923; x_wconf 84' lang='lat' dir='ltr'><strong>magis</strong></span> <span class='ocrx_word' id='word_1_165' title='bbox 955 1875 1113 1923; x_wconf 81' lang='lat' dir='ltr'><strong>agnoseerem</strong></span> <span class='ocrx_word' id='word_1_166' title='bbox 1146 1858 1298 1921; x_wconf 79' lang='lat' dir='ltr'><strong>elegantium</strong></span> 
     </span>
     <span class='ocr_line' id='line_1_19' title="bbox 165 1935 1300 2003; baseline 0.002 -20"><span class='ocrx_word' id='word_1_167' title='bbox 165 1935 264 1984; x_wconf 77' lang='lat' dir='ltr'>Persius</span> <span class='ocrx_word' id='word_1_168' title='bbox 276 1937 330 1987; x_wconf 79' lang='lat' dir='ltr'><strong>Sat,</strong></span> <span class='ocrx_word' id='word_1_169' title='bbox 342 1937 376 1986; x_wconf 84' lang='lat' dir='ltr'><strong>V.</strong></span> <span class='ocrx_word' id='word_1_170' title='bbox 393 1938 446 1986; x_wconf 92' lang='lat' dir='ltr'><strong>lll.</strong></span> <span class='ocrx_word' id='word_1_171' title='bbox 471 1938 712 2000; x_wconf 73' lang='lat' dir='ltr'><strong>Inquelatofienm</strong></span> <span class='ocrx_word' id='word_1_172' title='bbox 752 1940 929 1998; x_wconf 74' lang='lat' dir='ltr'><strong>Horatieuam,</strong></span> <span class='ocrx_word' id='word_1_173' title='bbox 945 1939 966 1987; x_wconf 87' lang='lat' dir='ltr'><strong>ai</strong></span> <span class='ocrx_word' id='word_1_174' title='bbox 981 1939 1300 2003; x_wconf 69' lang='lat' dir='ltr'><strong>legereturmynnmpro-</strong></span> 
     </span>
     <span class='ocr_line' id='line_1_20' title="bbox 162 2018 1300 2083; baseline -0.001 -18"><span class='ocrx_word' id='word_1_175' title='bbox 162 2018 245 2077; x_wconf 76' lang='grc' dir='ltr'><strong><em>ροσσίι</em></strong></span> <span class='ocrx_word' id='word_1_176' title='bbox 261 2019 436 2067; x_wconf 72' lang='lat' dir='ltr'><strong>transcendere</strong></span> <span class='ocrx_word' id='word_1_177' title='bbox 449 2034 587 2067; x_wconf 74' lang='lat' dir='ltr'><strong>nummum</strong></span> <span class='ocrx_word' id='word_1_178' title='bbox 620 2020 710 2081; x_wconf 75' lang='grc' dir='ltr'><strong><em>Ισρσι-</em></strong></span> <span class='ocrx_word' id='word_1_179' title='bbox 750 2022 840 2081; x_wconf 78' lang='lat' dir='ltr'><strong>priam</strong></span> <span class='ocrx_word' id='word_1_180' title='bbox 855 2026 931 2083; x_wconf 77' lang='lat' dir='ltr'><strong>utqroe</strong></span> <span class='ocrx_word' id='word_1_181' title='bbox 946 2018 1165 2081; x_wconf 76' lang='lat' dir='ltr'><strong>tutumllefema</strong></span> <span class='ocrx_word' id='word_1_182' title='bbox 1175 2019 1300 2076; x_wconf 54' lang='lat' dir='ltr'><strong>auidiu-</strong></span> 
     </span>
     <span class='ocr_line' id='line_1_21' title="bbox 164 2097 1301 2162; baseline 0.004 -21"><span class='ocrx_word' id='word_1_183' title='bbox 164 2101 200 2144; x_wconf 75' lang='lat' dir='ltr'><strong>tes</strong></span> <span class='ocrx_word' id='word_1_184' title='bbox 215 2097 311 2154; x_wconf 76' lang='grc' dir='ltr'><strong><em>ασιηιὶ,</em></strong></span> <span class='ocrx_word' id='word_1_185' title='bbox 328 2110 378 2144; x_wconf 91' lang='lat' dir='ltr'><strong>uon</strong></span> <span class='ocrx_word' id='word_1_186' title='bbox 395 2097 480 2145; x_wconf 88' lang='lat' dir='ltr'><strong>addito</strong></span> <span class='ocrx_word' id='word_1_187' title='bbox 495 2100 557 2146; x_wconf 78' lang='lat' dir='ltr'><strong>auri</strong></span> <span class='ocrx_word' id='word_1_188' title='bbox 572 2099 711 2160; x_wconf 71' lang='lat' dir='ltr'><strong>uremtiae,</strong></span> <span class='ocrx_word' id='word_1_189' title='bbox 752 2103 824 2149; x_wconf 74' lang='lat' dir='ltr'><strong>deum</strong></span> <span class='ocrx_word' id='word_1_190' title='bbox 846 2105 871 2149; x_wconf 80' lang='lat' dir='ltr'><strong>et</strong></span> <span class='ocrx_word' id='word_1_191' title='bbox 887 2101 947 2147; x_wconf 79' lang='lat' dir='ltr'><strong>uari</strong></span> <span class='ocrx_word' id='word_1_192' title='bbox 966 2099 1088 2162; x_wconf 70' lang='lat' dir='ltr'><strong>Qeiaqua&#39;s</strong></span> <span class='ocrx_word' id='word_1_193' title='bbox 1102 2100 1215 2160; x_wconf 67' lang='grc' dir='ltr'><strong><em>ιἰιρηιιιι</em></strong></span> <span class='ocrx_word' id='word_1_194' title='bbox 1231 2099 1301 2147; x_wconf 80' lang='lat' dir='ltr'><strong>oeulo</strong></span> 
     </span>
     <span class='ocr_line' id='line_1_22' title="bbox 162 2174 1300 2239; baseline 0.003 -18"><span class='ocrx_word' id='word_1_195' title='bbox 162 2174 233 2222; x_wconf 85' lang='lat' dir='ltr'><strong>cuius</strong></span> <span class='ocrx_word' id='word_1_196' title='bbox 250 2175 343 2224; x_wconf 86' lang='lat' dir='ltr'><strong>mentio</strong></span> <span class='ocrx_word' id='word_1_197' title='bbox 359 2174 460 2238; x_wconf 84' lang='lat' dir='ltr'><strong>longius</strong></span> <span class='ocrx_word' id='word_1_198' title='bbox 475 2176 534 2223; x_wconf 87' lang='lat' dir='ltr'><strong>hine</strong></span> <span class='ocrx_word' id='word_1_199' title='bbox 549 2183 587 2224; x_wconf 89' lang='lat' dir='ltr'><strong>est</strong></span> <span class='ocrx_word' id='word_1_200' title='bbox 603 2184 712 2236; x_wconf 83' lang='lat' dir='ltr'><strong>remota,</strong></span> <span class='ocrx_word' id='word_1_201' title='bbox 752 2181 873 2227; x_wconf 81' lang='lat' dir='ltr'><strong>irretorto</strong></span> <span class='ocrx_word' id='word_1_202' title='bbox 906 2179 1012 2239; x_wconf 80' lang='lat' dir='ltr'><em>Spectat</em></span> <span class='ocrx_word' id='word_1_203' title='bbox 1036 2191 1143 2226; x_wconf 81' lang='grc' dir='ltr'><strong><em>ασιτυσσ.</em></strong></span> <span class='ocrx_word' id='word_1_204' title='bbox 1180 2176 1238 2224; x_wconf 87' lang='lat' dir='ltr'><strong>Hoe</strong></span> <span class='ocrx_word' id='word_1_205' title='bbox 1261 2183 1300 2224; x_wconf 78' lang='lat' dir='ltr'><strong>est</strong></span> 
     </span>
     <span class='ocr_line' id='line_1_23' title="bbox 163 2252 1299 2317; baseline 0 -16"><span class='ocrx_word' id='word_1_206' title='bbox 163 2252 223 2301; x_wconf 92' lang='lat' dir='ltr'><strong>mihi</strong></span> <span class='ocrx_word' id='word_1_207' title='bbox 239 2267 290 2301; x_wconf 92' lang='lat' dir='ltr'><strong>non</strong></span> <span class='ocrx_word' id='word_1_208' title='bbox 313 2253 420 2316; x_wconf 74' lang='lat' dir='ltr'><strong>placent.</strong></span> <span class='ocrx_word' id='word_1_209' title='bbox 453 2253 516 2303; x_wconf 85' lang='lat' dir='ltr'><strong>Alia</strong></span> <span class='ocrx_word' id='word_1_210' title='bbox 538 2253 604 2302; x_wconf 87' lang='lat' dir='ltr'><strong>ratio</strong></span> <span class='ocrx_word' id='word_1_211' title='bbox 627 2261 664 2302; x_wconf 87' lang='lat' dir='ltr'><strong>est</strong></span> <span class='ocrx_word' id='word_1_212' title='bbox 688 2255 710 2303; x_wconf 91' lang='lat'><strong>1.</strong></span> <span class='ocrx_word' id='word_1_213' title='bbox 752 2256 915 2305; x_wconf 81' lang='lat' dir='ltr'><strong>Paradoxum</strong></span> <span class='ocrx_word' id='word_1_214' title='bbox 931 2256 1089 2304; x_wconf 85' lang='lat' dir='ltr'><strong>oonciunum.</strong></span> <span class='ocrx_word' id='word_1_215' title='bbox 1121 2255 1239 2317; x_wconf 82' lang='lat' dir='ltr'><strong>Regnum</strong></span> <span class='ocrx_word' id='word_1_216' title='bbox 1256 2253 1299 2301; x_wconf 87' lang='lat' dir='ltr'><strong>ha-</strong></span> 
     </span>
     <span class='ocr_line' id='line_1_24' title="bbox 162 2331 1300 2399; baseline 0.002 -20"><span class='ocrx_word' id='word_1_217' title='bbox 162 2331 214 2380; x_wconf 87' lang='lat' dir='ltr'><strong>Sat.</strong></span> <span class='ocrx_word' id='word_1_218' title='bbox 232 2331 249 2379; x_wconf 94' lang='lat' dir='ltr'><strong>l.</strong></span> <span class='ocrx_word' id='word_1_219' title='bbox 267 2333 307 2380; x_wconf 66' lang='lat' dir='ltr'><strong>tl„</strong></span> <span class='ocrx_word' id='word_1_220' title='bbox 324 2333 470 2394; x_wconf 76' lang='lat' dir='ltr'><strong>quidhabet</strong></span> <span class='ocrx_word' id='word_1_221' title='bbox 478 2333 584 2393; x_wconf 78' lang='lat' dir='ltr'><strong><em>pulchri</em></strong></span> <span class='ocrx_word' id='word_1_222' title='bbox 594 2338 708 2380; x_wconf 73' lang='lat' dir='ltr'><strong>conam·</strong></span> <span class='ocrx_word' id='word_1_223' title='bbox 752 2335 804 2393; x_wconf 86' lang='lat' dir='ltr'><strong>bet,</strong></span> <span class='ocrx_word' id='word_1_224' title='bbox 821 2336 864 2399; x_wconf 85' lang='lat' dir='ltr'><strong>qui</strong></span> <span class='ocrx_word' id='word_1_225' title='bbox 884 2350 990 2398; x_wconf 85' lang='lat' dir='ltr'><strong>regnum</strong></span> <span class='ocrx_word' id='word_1_226' title='bbox 1009 2340 1035 2382; x_wconf 87' lang='lat' dir='ltr'><strong>et</strong></span> <span class='ocrx_word' id='word_1_227' title='bbox 1050 2347 1140 2381; x_wconf 86' lang='lat' dir='ltr'><strong>aurum</strong></span> <span class='ocrx_word' id='word_1_228' title='bbox 1155 2334 1300 2382; x_wconf 76' lang='lat' dir='ltr'><strong>oontemnit</strong></span> 
     </span>
     <span class='ocr_line' id='line_1_25' title="bbox 160 2410 1300 2474; baseline 0.001 -15"><span class='ocrx_word' id='word_1_229' title='bbox 160 2416 217 2460; x_wconf 76' lang='lat' dir='ltr'><strong>etroe</strong></span> <span class='ocrx_word' id='word_1_230' title='bbox 233 2425 344 2460; x_wconf 75' lang='lat' dir='ltr'><strong>samua</strong></span> <span class='ocrx_word' id='word_1_231' title='bbox 371 2411 438 2459; x_wconf 83' lang='lat' dir='ltr'><strong>Nam</strong></span> <span class='ocrx_word' id='word_1_232' title='bbox 455 2410 525 2458; x_wconf 81' lang='lat' dir='ltr'><strong>brevi</strong></span> <span class='ocrx_word' id='word_1_233' title='bbox 536 2416 595 2458; x_wconf 90' lang='lat' dir='ltr'><strong>ante</strong></span> <span class='ocrx_word' id='word_1_234' title='bbox 604 2410 709 2473; x_wconf 85' lang='lat' dir='ltr'><strong>legitur:</strong></span> <span class='ocrx_word' id='word_1_235' title='bbox 751 2415 792 2463; x_wconf 91' lang='lat' dir='ltr'><strong>De</strong></span> <span class='ocrx_word' id='word_1_236' title='bbox 815 2413 956 2463; x_wconf 82' lang='lat' dir='ltr'><strong>diademate</strong></span> <span class='ocrx_word' id='word_1_237' title='bbox 979 2414 1036 2462; x_wconf 77' lang='lat' dir='ltr'><strong>vide</strong></span> <span class='ocrx_word' id='word_1_238' title='bbox 1059 2412 1155 2460; x_wconf 83' lang='lat' dir='ltr'><strong>dictum</strong></span> <span class='ocrx_word' id='word_1_239' title='bbox 1175 2413 1300 2474; x_wconf 75' lang='lat' dir='ltr'><strong>Antigoni</strong></span> 
     </span>
     <span class='ocr_line' id='line_1_26' title="bbox 160 2489 1300 2556; baseline -0.002 -17"><span class='ocrx_word' id='word_1_240' title='bbox 160 2494 306 2539; x_wconf 62' lang='lat' dir='ltr'><strong>immersum</strong></span> <span class='ocrx_word' id='word_1_241' title='bbox 334 2489 433 2550; x_wconf 69' lang='lat' dir='ltr'><strong>ernesti</strong></span> <span class='ocrx_word' id='word_1_242' title='bbox 458 2489 556 2549; x_wconf 79' lang='lat' dir='ltr'><strong>pondus</strong></span> <span class='ocrx_word' id='word_1_243' title='bbox 583 2493 608 2536; x_wconf 84' lang='lat' dir='ltr'><strong>et</strong></span> <span class='ocrx_word' id='word_1_244' title='bbox 642 2491 709 2537; x_wconf 73' lang='lat' dir='ltr'><strong>auri</strong></span> <span class='ocrx_word' id='word_1_245' title='bbox 752 2494 817 2556; x_wconf 86' lang='lat' dir='ltr'><strong>apud</strong></span> <span class='ocrx_word' id='word_1_246' title='bbox 830 2493 972 2542; x_wconf 78' lang='lat' dir='ltr'><strong>stobaeum.</strong></span> <span class='ocrx_word' id='word_1_247' title='bbox 996 2492 1300 2554; x_wconf 81' lang='lat' dir='ltr'><strong>Hie,quumipsumauus</strong></span> 
     </span>
     <span class='ocr_line' id='line_1_27' title="bbox 162 2567 1299 2635; baseline 0 -17"><span class='ocrx_word' id='word_1_248' title='bbox 162 2569 253 2632; x_wconf 83' lang='lat' dir='ltr'><strong>Virgil.</strong></span> <span class='ocrx_word' id='word_1_249' title='bbox 271 2567 471 2630; x_wconf 78' lang='lat' dir='ltr'><strong>1.Georg.158.</strong></span> <span class='ocrx_word' id='word_1_250' title='bbox 504 2569 577 2623; x_wconf 71' lang='lat' dir='ltr'><strong>Heu,</strong></span> <span class='ocrx_word' id='word_1_251' title='bbox 593 2583 710 2629; x_wconf 69' lang='lat' dir='ltr'><strong>nmquam</strong></span> <span class='ocrx_word' id='word_1_252' title='bbox 752 2573 874 2635; x_wconf 88' lang='lat' dir='ltr'><strong>quaedam</strong></span> <span class='ocrx_word' id='word_1_253' title='bbox 891 2572 988 2621; x_wconf 85' lang='lat' dir='ltr'><strong>felioem</strong></span> <span class='ocrx_word' id='word_1_254' title='bbox 998 2569 1299 2635; x_wconf 53' lang='lat' dir='ltr'><strong>praedicabatssilgilac,</strong></span> 
     </span>
     <span class='ocr_line' id='line_1_28' title="bbox 162 2648 1300 2715; baseline -0.001 -18"><span class='ocrx_word' id='word_1_255' title='bbox 162 2651 271 2697; x_wconf 72' lang='lat' dir='ltr'><strong>alterius</strong></span> <span class='ocrx_word' id='word_1_256' title='bbox 289 2648 399 2709; x_wconf 73' lang='lat' dir='ltr'><strong>frastra</strong></span> <span class='ocrx_word' id='word_1_257' title='bbox 431 2652 554 2710; x_wconf 65' lang='lat' dir='ltr'><strong>spectabis</strong></span> <span class='ocrx_word' id='word_1_258' title='bbox 585 2662 709 2697; x_wconf 78' lang='grc' dir='ltr'><strong><em>ιισινυιιιιι.</em></strong></span> <span class='ocrx_word' id='word_1_259' title='bbox 751 2654 810 2712; x_wconf 79' lang='grc' dir='ltr'><strong>ἔη,</strong></span> <span class='ocrx_word' id='word_1_260' title='bbox 839 2653 859 2700; x_wconf 78' lang='grc' dir='ltr'><strong><em>ὦ</em></strong></span> <span class='ocrx_word' id='word_1_261' title='bbox 887 2655 978 2715; x_wconf 81' lang='grc' dir='ltr'><strong><em>μῆτερ,</em></strong></span> <span class='ocrx_word' id='word_1_262' title='bbox 1006 2649 1074 2698; x_wconf 77' lang='grc' dir='ltr'><strong>ὅσων</strong></span> <span class='ocrx_word' id='word_1_263' title='bbox 1102 2653 1185 2698; x_wconf 74' lang='grc' dir='ltr'><strong><em>κακῶν</em></strong></span> <span class='ocrx_word' id='word_1_264' title='bbox 1206 2648 1300 2712; x_wconf 79' lang='grc' dir='ltr'><strong><em>μεστόν</em></strong></span> 
     </span>
     <span class='ocr_line' id='line_1_29' title="bbox 163 2726 1301 2792; baseline 0.002 -18"><span class='ocrx_word' id='word_1_265' title='bbox 163 2726 293 2775; x_wconf 78' lang='lat' dir='ltr'><strong>Praecedit</strong></span> <span class='ocrx_word' id='word_1_266' title='bbox 306 2726 450 2787; x_wconf 74' lang='lat' dir='ltr'><strong>srunteretis</strong></span> <span class='ocrx_word' id='word_1_267' title='bbox 471 2729 541 2776; x_wconf 75' lang='lat' dir='ltr'><strong>labor</strong></span> <span class='ocrx_word' id='word_1_268' title='bbox 554 2730 668 2787; x_wconf 72' lang='lat' dir='ltr'><strong>additia,</strong></span> <span class='ocrx_word' id='word_1_269' title='bbox 685 2733 710 2776; x_wconf 86' lang='lat' dir='ltr'><strong>et</strong></span> <span class='ocrx_word' id='word_1_270' title='bbox 752 2731 803 2779; x_wconf 80' lang='grc' dir='ltr'><strong><em>ἐστι</em></strong></span> <span class='ocrx_word' id='word_1_271' title='bbox 819 2731 889 2778; x_wconf 77' lang='grc' dir='ltr'><strong><em>τουτὶ</em></strong></span> <span class='ocrx_word' id='word_1_272' title='bbox 907 2731 935 2778; x_wconf 83' lang='grc' dir='ltr'><strong>τὸ</strong></span> <span class='ocrx_word' id='word_1_273' title='bbox 946 2727 1039 2792; x_wconf 75' lang='grc' dir='ltr'><strong><em>ῥάκος,</em></strong></span> <span class='ocrx_word' id='word_1_274' title='bbox 1051 2727 1135 2786; x_wconf 74' lang='grc' dir='ltr'><strong><em>δείξας</em></strong></span> <span class='ocrx_word' id='word_1_275' title='bbox 1145 2729 1174 2776; x_wconf 81' lang='grc' dir='ltr'><strong>τὸ</strong></span> <span class='ocrx_word' id='word_1_276' title='bbox 1186 2727 1301 2791; x_wconf 77' lang='grc' dir='ltr'><strong><em>διάδημα,</em></strong></span> 
     </span>
     <span class='ocr_line' id='line_1_30' title="bbox 162 2803 1301 2871; baseline 0.005 -21"><span class='ocrx_word' id='word_1_277' title='bbox 162 2804 241 2851; x_wconf 90' lang='lat' dir='ltr'><strong>oratio</strong></span> <span class='ocrx_word' id='word_1_278' title='bbox 251 2803 276 2850; x_wconf 92' lang='lat' dir='ltr'><strong>in</strong></span> <span class='ocrx_word' id='word_1_279' title='bbox 287 2804 373 2851; x_wconf 89' lang='lat' dir='ltr'><strong>eodem</strong></span> <span class='ocrx_word' id='word_1_280' title='bbox 384 2813 532 2865; x_wconf 83' lang='lat' dir='ltr'><strong>argumento</strong></span> <span class='ocrx_word' id='word_1_281' title='bbox 542 2808 709 2854; x_wconf 88' lang='lat' dir='ltr'><strong>eontiuuatur.</strong></span> <span class='ocrx_word' id='word_1_282' title='bbox 752 2810 797 2857; x_wconf 79' lang='grc' dir='ltr'><strong>οὐκ</strong></span> <span class='ocrx_word' id='word_1_283' title='bbox 822 2809 856 2857; x_wconf 81' lang='grc' dir='ltr'><strong>ἂν</strong></span> <span class='ocrx_word' id='word_1_284' title='bbox 880 2807 924 2856; x_wconf 74' lang='grc' dir='ltr'><strong>ἐπὶ</strong></span> <span class='ocrx_word' id='word_1_285' title='bbox 948 2806 1055 2871; x_wconf 70' lang='grc' dir='ltr'><strong><em>πατρίας</em></strong></span> <span class='ocrx_word' id='word_1_286' title='bbox 1090 2806 1203 2869; x_wconf 71' lang='grc' dir='ltr'><strong>κτίμενον</strong></span> <span class='ocrx_word' id='word_1_287' title='bbox 1235 2807 1301 2856; x_wconf 77' lang='grc' dir='ltr'><strong>αὐτὸ</strong></span> 
     </span>
     <span class='ocr_line' id='line_1_31' title="bbox 162 2880 1155 2950; baseline 0.012 -23"><span class='ocrx_word' id='word_1_288' title='bbox 162 2880 235 2941; x_wconf 83' lang='lat' dir='ltr'><strong>Quod</strong></span> <span class='ocrx_word' id='word_1_289' title='bbox 260 2882 285 2929; x_wconf 90' lang='lat' dir='ltr'><strong>in</strong></span> <span class='ocrx_word' id='word_1_290' title='bbox 311 2881 416 2930; x_wconf 89' lang='lat' dir='ltr'><strong>Horatio</strong></span> <span class='ocrx_word' id='word_1_291' title='bbox 445 2897 513 2931; x_wconf 80' lang='lat' dir='ltr'><strong>secus</strong></span> <span class='ocrx_word' id='word_1_292' title='bbox 542 2893 585 2933; x_wconf 86' lang='lat' dir='ltr'><strong>est.</strong></span> <span class='ocrx_word' id='word_1_293' title='bbox 620 2886 710 2948; x_wconf 86' lang='lat' dir='ltr'><strong>Itaque</strong></span> <span class='ocrx_word' id='word_1_294' title='bbox 752 2888 906 2950; x_wconf 80' lang='grc' dir='ltr'><strong><em>ἐβάστασας.</em></strong></span> <span class='ocrx_word' id='word_1_295' title='bbox 1150 2880 1155 2885; x_wconf 63' lang='grc'><strong>’</strong></span> 
     </span>
    </p>
   </div>
   <div class='ocr_carea' id='block_1_4' title="bbox 650 3046 814 3074">
    <p class='ocr_par' dir='ltr' id='par_1_4' title="bbox 650 3046 814 3074">
     <span class='ocr_line' id='line_1_32' title="bbox 650 3046 814 3074; baseline -0.012 -4"><span class='ocrx_word' id='word_1_296' title='bbox 650 3046 814 3074; x_wconf 48' lang='lat'><strong>*⁴000—</strong></span> 
     </span>
    </p>
   </div>
   <div class='ocr_carea' id='block_1_5' title="bbox 563 3172 914 3238">
    <p class='ocr_par' dir='ltr' id='par_1_5' title="bbox 563 3172 914 3238">
     <span class='ocr_line' id='line_1_33' title="bbox 563 3172 914 3238; baseline 0 0"><span class='ocrx_word' id='word_1_297' title='bbox 563 3172 807 3238; x_wconf 81' lang='lat' dir='ltr'><strong>OARMEN</strong></span> <span class='ocrx_word' id='word_1_298' title='bbox 853 3175 914 3238; x_wconf 85' lang='lat'>111.</span> 
     </span>
    </p>
   </div>
   <div class='ocr_carea' id='block_1_6' title="bbox 342 3325 1051 3527">
    <p class='ocr_par' dir='ltr' id='par_1_6' title="bbox 342 3325 1051 3527">
     <span class='ocr_line' id='line_1_34' title="bbox 342 3325 1003 3426; baseline 0.003 -21"><span class='ocrx_word' id='word_1_299' title='bbox 342 3325 501 3426; x_wconf 85' lang='lat' dir='ltr'><strong>Aequam</strong></span> <span class='ocrx_word' id='word_1_300' title='bbox 524 3349 690 3406; x_wconf 87' lang='lat' dir='ltr'><strong>memento</strong></span> <span class='ocrx_word' id='word_1_301' title='bbox 714 3343 809 3408; x_wconf 89' lang='lat' dir='ltr'><strong>rebus</strong></span> <span class='ocrx_word' id='word_1_302' title='bbox 833 3343 868 3406; x_wconf 89' lang='lat' dir='ltr'><strong>in</strong></span> <span class='ocrx_word' id='word_1_303' title='bbox 892 3343 1003 3408; x_wconf 82' lang='lat' dir='ltr'><strong>arduis</strong></span> 
     </span>
     <span class='ocr_line' id='line_1_35' title="bbox 344 3445 1051 3527; baseline 0.001 -18"><span class='ocrx_word' id='word_1_304' title='bbox 344 3445 476 3510; x_wconf 80' lang='lat' dir='ltr'><strong>Servare</strong></span> <span class='ocrx_word' id='word_1_305' title='bbox 499 3450 663 3527; x_wconf 87' lang='lat' dir='ltr'><strong>mentem,</strong></span> <span class='ocrx_word' id='word_1_306' title='bbox 688 3467 754 3509; x_wconf 91' lang='lat' dir='ltr'><strong>non</strong></span> <span class='ocrx_word' id='word_1_307' title='bbox 778 3467 871 3511; x_wconf 87' lang='lat' dir='ltr'><strong>secus</strong></span> <span class='ocrx_word' id='word_1_308' title='bbox 896 3468 932 3511; x_wconf 85' lang='lat' dir='ltr'><strong>ac</strong></span> <span class='ocrx_word' id='word_1_309' title='bbox 956 3445 1051 3510; x_wconf 89' lang='lat' dir='ltr'><strong>bonis</strong></span> 
     </span>
    </p>
   </div>
   <div class='ocr_carea' id='block_1_7' title="bbox 162 3596 1302 4367">
    <p class='ocr_par' dir='ltr' id='par_1_7' title="bbox 314 3596 1302 3671">
     <span class='ocr_line' id='line_1_36' title="bbox 314 3596 1302 3671; baseline -0.004 -25"><span class='ocrx_word' id='word_1_310' title='bbox 314 3620 465 3670; x_wconf 67' lang='lat' dir='ltr'><strong>CARMEN</strong></span> <span class='ocrx_word' id='word_1_311' title='bbox 484 3623 550 3671; x_wconf 76' lang='lat' dir='ltr'><strong>XIX</strong></span> <span class='ocrx_word' id='word_1_312' title='bbox 749 3612 795 3646; x_wconf 83' lang='lat' dir='ltr'><strong>neo</strong></span> <span class='ocrx_word' id='word_1_313' title='bbox 815 3599 871 3661; x_wconf 90' lang='lat' dir='ltr'><strong>plus</strong></span> <span class='ocrx_word' id='word_1_314' title='bbox 892 3597 972 3646; x_wconf 88' lang='lat' dir='ltr'><strong>dolori</strong></span> <span class='ocrx_word' id='word_1_315' title='bbox 992 3596 1109 3660; x_wconf 87' lang='lat' dir='ltr'><strong>indulge,</strong></span> <span class='ocrx_word' id='word_1_316' title='bbox 1134 3610 1209 3659; x_wconf 86' lang='lat' dir='ltr'><strong>quam</strong></span> <span class='ocrx_word' id='word_1_317' title='bbox 1231 3596 1302 3644; x_wconf 81' lang='lat' dir='ltr'><strong>deest</strong></span> 
     </span>
    </p>

    <p class='ocr_par' dir='ltr' id='par_1_8' title="bbox 553 3662 1300 3741">
     <span class='ocr_line' id='line_1_37' title="bbox 553 3662 1300 3741; baseline -0.011 -12"><span class='ocrx_word' id='word_1_318' title='bbox 553 3662 558 3670; x_wconf 50' lang='grc'><strong>’</strong></span> <span class='ocrx_word' id='word_1_319' title='bbox 749 3684 774 3727; x_wconf 88' lang='lat' dir='ltr'><strong>et</strong></span> <span class='ocrx_word' id='word_1_320' title='bbox 799 3693 888 3741; x_wconf 79' lang='lat' dir='ltr'><strong>operae</strong></span> <span class='ocrx_word' id='word_1_321' title='bbox 911 3678 1021 3740; x_wconf 88' lang='lat' dir='ltr'><strong>pretium</strong></span> <span class='ocrx_word' id='word_1_322' title='bbox 1046 3683 1089 3724; x_wconf 88' lang='lat' dir='ltr'><strong>est.</strong></span> <span class='ocrx_word' id='word_1_323' title='bbox 1126 3674 1209 3735; x_wconf 82' lang='lat' dir='ltr'><strong>Quam</strong></span> <span class='ocrx_word' id='word_1_324' title='bbox 1234 3674 1300 3722; x_wconf 87' lang='lat' dir='ltr'><strong>enirn</strong></span> 
     </span>
    </p>

    <p class='ocr_par' dir='ltr' id='par_1_9' title="bbox 162 3717 1302 4367">
     <span class='ocr_line' id='line_1_38' title="bbox 196 3717 1301 3816; baseline -0.003 -13"><span class='ocrx_word' id='word_1_325' title='bbox 196 3717 321 3803; x_wconf 74' lang='lat' dir='ltr'><strong>Servare</strong></span> <span class='ocrx_word' id='word_1_326' title='bbox 336 3756 455 3814; x_wconf 68' lang='lat' dir='ltr'><strong>nenton,</strong></span> <span class='ocrx_word' id='word_1_327' title='bbox 473 3767 523 3801; x_wconf 80' lang='lat' dir='ltr'><strong>non</strong></span> <span class='ocrx_word' id='word_1_328' title='bbox 539 3767 610 3803; x_wconf 80' lang='lat' dir='ltr'><strong>aeeua</strong></span> <span class='ocrx_word' id='word_1_329' title='bbox 626 3769 656 3803; x_wconf 85' lang='lat' dir='ltr'><strong>ae</strong></span> <span class='ocrx_word' id='word_1_330' title='bbox 671 3756 709 3803; x_wconf 75' lang='lat' dir='ltr'><strong>bo</strong></span> <span class='ocrx_word' id='word_1_331' title='bbox 750 3755 883 3804; x_wconf 85' lang='lat' dir='ltr'><strong>utilitatem</strong></span> <span class='ocrx_word' id='word_1_332' title='bbox 901 3756 975 3805; x_wconf 88' lang='lat' dir='ltr'><strong>habet</strong></span> <span class='ocrx_word' id='word_1_333' title='bbox 991 3755 1037 3804; x_wconf 87' lang='lat' dir='ltr'><strong>illa</strong></span> <span class='ocrx_word' id='word_1_334' title='bbox 1050 3753 1150 3803; x_wconf 89' lang='lat' dir='ltr'><strong>dolendi</strong></span> <span class='ocrx_word' id='word_1_335' title='bbox 1162 3752 1301 3816; x_wconf 82' lang='lat' dir='ltr'><strong>cupiditas?</strong></span> 
     </span>
     <span class='ocr_line' id='line_1_39' title="bbox 163 3828 1301 3890; baseline -0.002 -12"><span class='ocrx_word' id='word_1_336' title='bbox 163 3832 210 3880; x_wconf 74' lang='lat' dir='ltr'><strong>na.</strong></span> <span class='ocrx_word' id='word_1_337' title='bbox 235 3829 333 3880; x_wconf 86' lang='lat' dir='ltr'><strong>Dellius</strong></span> <span class='ocrx_word' id='word_1_338' title='bbox 350 3829 424 3878; x_wconf 79' lang='lat' dir='ltr'><strong>tacito</strong></span> <span class='ocrx_word' id='word_1_339' title='bbox 440 3844 551 3880; x_wconf 89' lang='lat' dir='ltr'><strong>moerore</strong></span> <span class='ocrx_word' id='word_1_340' title='bbox 562 3831 709 3890; x_wconf 83' lang='lat' dir='ltr'><strong>vexabatur,</strong></span> <span class='ocrx_word' id='word_1_341' title='bbox 749 3834 858 3883; x_wconf 89' lang='lat' dir='ltr'><strong>Mortem</strong></span> <span class='ocrx_word' id='word_1_342' title='bbox 878 3848 928 3883; x_wconf 89' lang='lat' dir='ltr'><strong>non</strong></span> <span class='ocrx_word' id='word_1_343' title='bbox 948 3834 984 3882; x_wconf 88' lang='lat' dir='ltr'><strong>ita</strong></span> <span class='ocrx_word' id='word_1_344' title='bbox 1000 3831 1115 3881; x_wconf 85' lang='lat' dir='ltr'><strong>redimas.</strong></span> <span class='ocrx_word' id='word_1_345' title='bbox 1149 3829 1241 3879; x_wconf 89' lang='lat' dir='ltr'><strong>Aderit</strong></span> <span class='ocrx_word' id='word_1_346' title='bbox 1256 3828 1301 3877; x_wconf 87' lang='lat' dir='ltr'><strong>illa</strong></span> 
     </span>
     <span class='ocr_line' id='line_1_40' title="bbox 163 3907 1302 3978; baseline 0.01 -22"><span class='ocrx_word' id='word_1_347' title='bbox 163 3915 270 3957; x_wconf 85' lang='lat' dir='ltr'><strong>moestus</strong></span> <span class='ocrx_word' id='word_1_348' title='bbox 287 3907 394 3958; x_wconf 79' lang='lat' dir='ltr'><strong>vivebat</strong></span> <span class='ocrx_word' id='word_1_349' title='bbox 428 3909 495 3958; x_wconf 84' lang='lat' dir='ltr'><strong>Eum</strong></span> <span class='ocrx_word' id='word_1_350' title='bbox 515 3910 636 3959; x_wconf 78' lang='lat' dir='ltr'><strong>Horatius</strong></span> <span class='ocrx_word' id='word_1_351' title='bbox 653 3910 710 3958; x_wconf 91' lang='lat' dir='ltr'><strong>hor·</strong></span> <span class='ocrx_word' id='word_1_352' title='bbox 750 3915 894 3978; x_wconf 85' lang='lat' dir='ltr'><strong>aliquando,</strong></span> <span class='ocrx_word' id='word_1_353' title='bbox 919 3913 971 3962; x_wconf 84' lang='lat' dir='ltr'><strong>sive</strong></span> <span class='ocrx_word' id='word_1_354' title='bbox 987 3918 1095 3961; x_wconf 85' lang='lat' dir='ltr'><strong>moestus</strong></span> <span class='ocrx_word' id='word_1_355' title='bbox 1113 3924 1225 3973; x_wconf 69' lang='lat' dir='ltr'><strong>semper,</strong></span> <span class='ocrx_word' id='word_1_356' title='bbox 1249 3910 1302 3958; x_wconf 72' lang='lat' dir='ltr'><strong>Sive</strong></span> 
     </span>
     <span class='ocr_line' id='line_1_41' title="bbox 162 3988 1302 4052; baseline -0.001 -16"><span class='ocrx_word' id='word_1_357' title='bbox 162 3994 242 4047; x_wconf 85' lang='lat' dir='ltr'><strong>tatur,</strong></span> <span class='ocrx_word' id='word_1_358' title='bbox 268 3994 297 4036; x_wconf 91' lang='lat' dir='ltr'><strong>nt</strong></span> <span class='ocrx_word' id='word_1_359' title='bbox 321 3988 444 4037; x_wconf 80' lang='lat' dir='ltr'><strong>tristitiam</strong></span> <span class='ocrx_word' id='word_1_360' title='bbox 469 3990 584 4049; x_wconf 79' lang='lat' dir='ltr'><strong>obiiciat,</strong></span> <span class='ocrx_word' id='word_1_361' title='bbox 612 3990 709 4038; x_wconf 82' lang='lat' dir='ltr'><strong>dicens:</strong></span> <span class='ocrx_word' id='word_1_362' title='bbox 749 3992 829 4040; x_wconf 86' lang='lat' dir='ltr'><strong>laetus</strong></span> <span class='ocrx_word' id='word_1_363' title='bbox 849 3992 948 4040; x_wconf 82' lang='lat' dir='ltr'><strong>vixeris.</strong></span> <span class='ocrx_word' id='word_1_364' title='bbox 981 3990 1049 4039; x_wconf 84' lang='lat' dir='ltr'><strong>Vive</strong></span> <span class='ocrx_word' id='word_1_365' title='bbox 1073 3989 1150 4052; x_wconf 85' lang='lat' dir='ltr'><strong>igitur</strong></span> <span class='ocrx_word' id='word_1_366' title='bbox 1175 3989 1257 4038; x_wconf 88' lang='lat' dir='ltr'><strong>laetus</strong></span> <span class='ocrx_word' id='word_1_367' title='bbox 1276 3995 1302 4036; x_wconf 86' lang='lat' dir='ltr'><strong>et</strong></span> 
     </span>
     <span class='ocr_line' id='line_1_42' title="bbox 162 4067 1302 4129; baseline -0.001 -15"><span class='ocrx_word' id='word_1_368' title='bbox 162 4067 264 4128; x_wconf 87' lang='lat' dir='ltr'><strong>“Quum</strong></span> <span class='ocrx_word' id='word_1_369' title='bbox 288 4067 373 4115; x_wconf 89' lang='lat' dir='ltr'><strong>omnia</strong></span> <span class='ocrx_word' id='word_1_370' title='bbox 391 4067 437 4116; x_wconf 91' lang='lat' dir='ltr'><strong>tibi</strong></span> <span class='ocrx_word' id='word_1_371' title='bbox 457 4084 488 4118; x_wconf 88' lang='lat' dir='ltr'><strong>ex</strong></span> <span class='ocrx_word' id='word_1_372' title='bbox 509 4075 567 4118; x_wconf 78' lang='lat' dir='ltr'><strong>voto</strong></span> <span class='ocrx_word' id='word_1_373' title='bbox 587 4069 709 4129; x_wconf 86' lang='lat' dir='ltr'><strong>fluebant,</strong></span> <span class='ocrx_word' id='word_1_374' title='bbox 750 4070 831 4120; x_wconf 88' lang='lat' dir='ltr'><strong>fruere</strong></span> <span class='ocrx_word' id='word_1_375' title='bbox 855 4071 925 4120; x_wconf 90' lang='lat' dir='ltr'><strong>bonis</strong></span> <span class='ocrx_word' id='word_1_376' title='bbox 950 4071 1022 4120; x_wconf 84' lang='lat' dir='ltr'><strong>tuis.‘’</strong></span> <span class='ocrx_word' id='word_1_377' title='bbox 1055 4070 1126 4118; x_wconf 86' lang='lat' dir='ltr'><strong>Haeo</strong></span> <span class='ocrx_word' id='word_1_378' title='bbox 1145 4067 1206 4116; x_wconf 90' lang='lat' dir='ltr'><strong>mihi</strong></span> <span class='ocrx_word' id='word_1_379' title='bbox 1228 4067 1302 4114; x_wconf 88' lang='lat' dir='ltr'><strong>huius</strong></span> 
     </span>
     <span class='ocr_line' id='line_1_43' title="bbox 163 4144 1301 4199; baseline 0 -7"><span class='ocrx_word' id='word_1_380' title='bbox 163 4144 270 4194; x_wconf 76' lang='lat' dir='ltr'><strong>habebas</strong></span> <span class='ocrx_word' id='word_1_381' title='bbox 294 4153 403 4195; x_wconf 83' lang='lat' dir='ltr'><strong>mentem</strong></span> <span class='ocrx_word' id='word_1_382' title='bbox 427 4148 459 4196; x_wconf 87' lang='lat' dir='ltr'><strong>ab</strong></span> <span class='ocrx_word' id='word_1_383' title='bbox 483 4147 597 4197; x_wconf 80' lang='lat' dir='ltr'><strong>insolenti</strong></span> <span class='ocrx_word' id='word_1_384' title='bbox 617 4147 711 4197; x_wconf 83' lang='lat' dir='ltr'><strong>laetitia</strong></span> <span class='ocrx_word' id='word_1_385' title='bbox 750 4150 865 4198; x_wconf 78' lang='lat' dir='ltr'><strong>carminis</strong></span> <span class='ocrx_word' id='word_1_386' title='bbox 882 4165 934 4199; x_wconf 92' lang='lat' dir='ltr'><strong>esse</strong></span> <span class='ocrx_word' id='word_1_387' title='bbox 950 4150 1047 4197; x_wconf 85' lang='lat' dir='ltr'><strong>videtur</strong></span> <span class='ocrx_word' id='word_1_388' title='bbox 1059 4145 1187 4196; x_wconf 85' lang='lat' dir='ltr'><strong>sententia</strong></span> <span class='ocrx_word' id='word_1_389' title='bbox 1205 4145 1301 4194; x_wconf 87' lang='lat' dir='ltr'><strong>Distin-</strong></span> 
     </span>
     <span class='ocr_line' id='line_1_44' title="bbox 164 4223 1301 4287; baseline -0.002 -16"><span class='ocrx_word' id='word_1_390' title='bbox 164 4232 331 4287; x_wconf 89' lang='lat' dir='ltr'><strong>temperatam.</strong></span> <span class='ocrx_word' id='word_1_391' title='bbox 362 4227 439 4275; x_wconf 87' lang='lat' dir='ltr'><strong>Nune</strong></span> <span class='ocrx_word' id='word_1_392' title='bbox 459 4227 485 4276; x_wconf 92' lang='lat' dir='ltr'><strong>in</strong></span> <span class='ocrx_word' id='word_1_393' title='bbox 504 4228 576 4276; x_wconf 86' lang='lat' dir='ltr'><strong>rebus</strong></span> <span class='ocrx_word' id='word_1_394' title='bbox 593 4228 710 4283; x_wconf 86' lang='lat' dir='ltr'><strong>adversis,</strong></span> <span class='ocrx_word' id='word_1_395' title='bbox 751 4228 856 4275; x_wconf 86' lang='lat' dir='ltr'><strong>ctionem</strong></span> <span class='ocrx_word' id='word_1_396' title='bbox 874 4227 1006 4275; x_wconf 86' lang='lat' dir='ltr'><strong>verborum</strong></span> <span class='ocrx_word' id='word_1_397' title='bbox 1019 4224 1168 4274; x_wconf 77' lang='lat' dir='ltr'><strong>benefacio:</strong></span> <span class='ocrx_word' id='word_1_398' title='bbox 1187 4223 1301 4286; x_wconf 80' lang='lat' dir='ltr'><strong>Aequam</strong></span> 
     </span>
     <span class='ocr_line' id='line_1_45' title="bbox 163 4303 1300 4367; baseline 0.002 -19"><span class='ocrx_word' id='word_1_399' title='bbox 163 4316 212 4349; x_wconf 84' lang='lat' dir='ltr'><strong>non</strong></span> <span class='ocrx_word' id='word_1_400' title='bbox 237 4303 319 4351; x_wconf 89' lang='lat' dir='ltr'><strong>minus</strong></span> <span class='ocrx_word' id='word_1_401' title='bbox 342 4305 441 4352; x_wconf 87' lang='lat' dir='ltr'><strong>ostende</strong></span> <span class='ocrx_word' id='word_1_402' title='bbox 466 4320 568 4367; x_wconf 83' lang='lat' dir='ltr'><strong>aequam</strong></span> <span class='ocrx_word' id='word_1_403' title='bbox 590 4314 710 4364; x_wconf 86' lang='lat' dir='ltr'><strong>mentem,</strong></span> <span class='ocrx_word' id='word_1_404' title='bbox 751 4312 869 4355; x_wconf 62' lang='lat' dir='ltr'><strong>enemente</strong></span> <span class='ocrx_word' id='word_1_405' title='bbox 885 4306 1098 4355; x_wconf 79' lang='lat' dir='ltr'><strong>relueiaerclnia</strong></span> <span class='ocrx_word' id='word_1_406' title='bbox 1117 4306 1300 4354; x_wconf 78' lang='lat' dir='ltr'><strong>Serraremea-</strong></span> 
     </span>
    </p>
   </div>
   <div class='ocr_carea' id='block_1_8' title="bbox 0 0 1462 5220">
    <p class='ocr_par' dir='ltr' id='par_1_10' title="bbox 0 0 1462 5220">
     <span class='ocr_line' id='line_1_46' title="bbox 0 0 1462 5220; baseline 0 0"><span class='ocrx_word' id='word_1_407' title='bbox 0 0 1462 5220; x_wconf 95' lang='lat' dir='ltr'><strong> </strong></span> 
     </span>
    </p>
   </div>
  </div>
 </body>
</html>
