2916 5220
168 311 230 376 ros
580 309 896 373 ansuinum
991 388 998 397 ἱ

353 499 486 579 Terere,
509 501 623 562 miram
646 495 730 581 qaod
739 495 833 580 soret
855 493 1012 576 omuibus,

351 602 537 685 Quicumque
560 599 660 664 celsae
682 598 791 664 uidam
813 598 1020 664 Acheroniiae

392 703 559 788 Saltusque
581 705 742 769 Bantinos
764 712 793 767 et
821 723 931 767 aruum

434 808 560 894 Piapue
582 815 685 871 teuent
706 805 832 870 humilis
855 807 1000 886 Forenti,

357 911 397 974 tu
420 919 485 975 tato
507 907 546 974 ab
569 912 651 974 atris
675 930 805 993 corpore
827 911 946 993 cineris

351 1014 532 1078 Dormirem
554 1022 583 1077 et
606 1015 709 1094 ursis,
733 1021 768 1077 ut
784 1032 950 1096 premerer
971 1031 1066 1075 suoru

395 1117 562 1201 Lauroqae
584 1114 757 1199 collataque
779 1123 899 1199 myrto,

437 1219 514 1284 Nou
536 1222 604 1283 siue
627 1218 694 1282 Dis
718 1220 878 1282 animosus
902 1215 1021 1302 irffous.

350 1323 482 1405 Vester,
509 1321 713 1403 Oamcenae,
755 1325 864 1386 vester
887 1319 922 1383 in
947 1319 1064 1383 arduos

348 1425 456 1490 Tollor
480 1424 637 1507 Sabinos,
663 1445 720 1490 seu
748 1424 832 1488 mihi
854 1423 1014 1508 frigidum

396 1528 573 1594 Praeneste
597 1549 654 1593 seu
677 1526 776 1592 Tibur
799 1527 955 1612 supinum

439 1631 503 1697 Seu
525 1630 671 1716 liquidae
695 1629 847 1714 placuere
871 1629 978 1694 Baiae.

349 1733 475 1799 Vestris
501 1733 644 1799 amioum
668 1733 816 1799 fontibus
841 1739 874 1799 et
896 1733 1021 1815 choris,

349 1839 425 1903 Non
448 1861 501 1904 me
525 1838 691 1924 Philippis
715 1861 808 1905 versa
832 1839 917 1904 acies
941 1843 1043 1920 retra,

171 1969 271 2016 torrebar.
297 1965 410 2028 Ineptius
430 1965 556 2028 epitheton
577 1965 720 2026 excogitare
760 1981 823 2014 sum.
840 1965 932 2014 Vester
948 1979 1017 2024 sum,
1033 1979 1048 2013 o
1064 1963 1219 2022 camoenae,
1242 1963 1316 2014 vobis

171 2059 221 2092 non
237 2048 347 2107 peterat,
363 2043 423 2106 quia
444 2042 543 2106 egregie
559 2043 626 2091 valet
644 2042 675 2089 ad
692 2042 719 2089 fi·
761 2045 856 2103 omnia,
873 2058 936 2107 quae
944 2044 1036 2102 habeo,
1046 2050 1147 2107 accepta
1155 2043 1244 2092 refero.
1258 2042 1314 2092 Vos

172 2123 229 2171 dem
245 2121 378 2181 miraculo,
396 2123 463 2185 quod
480 2129 626 2170 narraturus
643 2129 719 2179 essct,
761 2139 815 2182 me,
834 2125 884 2172 iam
910 2130 984 2171 antea
1005 2139 1021 2171 a
1042 2123 1169 2171 Mercurio
1189 2137 1204 2171 e
1225 2137 1316 2185 pugna

172 2202 340 2250 minuendam.
762 2202 918 2266 Philippensi
944 2203 1083 2261 sublatum,
1109 2201 1195 2250 tollitis
1221 2201 1250 2248 in
1269 2201 1314 2252 Sa·

205 2283 308 2330 Mirum
333 2284 398 2345 quod
416 2283 489 2346 foret
511 2284 632 2332 circuitus.
665 2281 721 2330 Hoc
763 2282 846 2339 binos,
871 2282 953 2346 ibique
975 2296 1090 2330 securum
1114 2281 1198 2328 rivere
1220 2286 1246 2328 et
1271 2294 1313 2328 vo

172 2361 279 2424 populus
301 2367 374 2409 curet
398 2362 500 2410 scilicet!
538 2360 607 2410 Puer
632 2360 721 2423 aliquis
761 2362 799 2409 bis
822 2376 912 2410 vacare
928 2360 1081 2424 permittitis,
1103 2374 1148 2408 seu
1169 2358 1314 2422 quicunque

172 2439 300 2502 ignobilis,
331 2440 392 2490 ludo
421 2446 446 2490 et
472 2454 559 2489 somno
588 2439 720 2502 fatigatus,
762 2440 824 2488 mihi
841 2439 904 2488 alius
924 2440 995 2488 locus
1014 2437 1160 2503 placuerit.”
1186 2437 1313 2486 Horatius

173 2519 274 2567 dormiit
294 2520 320 2568 in
332 2520 455 2578 Volture,
473 2526 497 2569 et
511 2519 578 2567 fama
589 2519 659 2566 illius
677 2518 720 2575 rei,
762 2520 843 2569 Musis
864 2521 960 2577 tribuit,
977 2520 1042 2583 quod
1064 2524 1192 2582 acceperet
1210 2532 1227 2565 a
1243 2517 1313 2566 Mae·

174 2606 302 2661 tamquam
323 2599 428 2647 inauditi
444 2598 563 2661 prodigii,
584 2597 721 2659 pervolavit
763 2606 856 2648 cenete.
873 2597 1025 2660 interpretes
1043 2600 1117 2647 tollor
1134 2596 1246 2644 reddunt
1253 2611 1312 2659 pro·

174 2676 264 2738 oppida
289 2677 468 2735 Acherontiae,
493 2678 597 2726 Bantiae
622 2683 646 2724 et
671 2677 719 2724 Fo·
755 2679 866 2740 firisror.
900 2679 994 2728 Melius
1010 2685 1082 2742 puto:
1099 2676 1170 2726 “Vos
1183 2682 1313 2734 me‚tam-

175 2757 245 2804 renti.
265 2756 304 2804 At
320 2756 474 2819 prodigium,
492 2756 571 2818 inquit
588 2755 638 2814 ille,
656 2756 682 2802 in
693 2770 721 2803 eo
763 2771 839 2818 quam
861 2757 996 2817 miraculo,
1013 2756 1100 2805 tollitis
1130 2761 1156 2804 et
1180 2754 1266 2803 sistitis
1289 2756 1314 2803 in

175 2836 250 2882 situm
267 2841 317 2892 est,
334 2835 401 2898 quod
417 2832 547 2896 palumbes
558 2831 721 2880 dormientem
763 2851 851 2898 agrum
861 2834 1250 2898 Sabinum‚''Virgil,II.Ge01-g.
1257 2836 1313 2884 486.

175 2920 259 2962 texere
283 2927 350 2960 nova
377 2910 471 2960 fronde.
507 2908 608 2958 Incolae
638 2916 721 2958 tamen
764 2917 885 2964 Flumina
917 2932 997 2964 aorem
1027 2918 1153 2978 silvasque
1183 2916 1314 2976 inplorius.

174 2989 342 3038 Acherontiae
360 2988 660 3051 aliarumquecivitatium
671 3003 722 3036 non
766 2995 788 3042 0
806 2996 848 3042 ubl
864 2996 959 3056 corrept,
977 2995 1171 3056 Spercheusque,
1193 2998 1218 3040 et
1236 2993 1314 3055 cirpi-

175 3069 222 3118 hoc
239 3069 322 3118 mirati
338 3075 410 3128 sunt,
435 3069 478 3118 sed
495 3069 560 3131 quod
581 3083 631 3116 non
652 3084 668 3116 a
687 3069 721 3116 vi·
763 3075 837 3121 uibus
858 3075 980 3122 bacchatu
1001 3073 1126 3121 Lacaenis
1149 3073 1278 3133 Taypeta:
1301 3085 1315 3117 o

175 3148 240 3210 peris
264 3163 344 3212 neque
369 3147 400 3196 ab
423 3148 485 3196 ursis
509 3148 596 3196 fuisset
613 3154 721 3196 necatus.
763 3152 807 3212 qui
823 3167 861 3200 uae
877 3152 963 3213 pelidis
979 3152 1006 3198 iu
1023 3151 1132 3198 vallibus
1149 3150 1249 3197 Haemi
1271 3147 1313 3196 Si·

176 3225 280 3290 Oportet
296 3228 375 3291 igitur
386 3227 463 3276 fuisse
474 3227 596 3289 Apuliam
608 3226 661 3274 istis
671 3228 722 3274 ani·
763 3235 826 3277 etot.
853 3229 927 3292 Virg.
953 3231 975 3278 I.
1002 3230 1067 3278 Aen.
1089 3229 1146 3277 691.
1173 3229 1316 3277 Ascanium

176 3306 283 3354 malibus
300 3306 361 3354 adeo
378 3305 492 3367 plenam,
513 3312 542 3353 ut
562 3320 634 3354 nemo
651 3311 723 3352 extra
756 3308 845 3370 fotum
860 3310 952 3370 prenae
965 3309 1019 3358 Dea
1035 3309 1103 3357 tollit
1119 3311 1148 3356 io
1164 3309 1232 3357 altos
1251 3308 1313 3357 qu-

176 3385 277 3433 domum
294 3400 365 3433 suam
383 3390 452 3433 tutus
469 3391 539 3434 esset.
764 3388 812 3434 liae
829 3388 903 3436 lucos.
925 3387 1045 3435 Horatius
1067 3388 1097 3436 de
1114 3386 1254 3444 Mercurio,
1273 3386 1316 3449 qui

208 3466 354 3514 Dororirem
378 3472 403 3514 et
427 3468 501 3513 erreis.
542 3465 624 3527 Finge
653 3479 722 3512 ursos
763 3465 844 3528 ipsum
870 3469 943 3515 &aaa
966 3473 1098 3529 pauentem
1119 3467 1224 3514 sustulit
1249 3467 1316 3514 aire.

176 3539 251 3589 luisse
268 3543 294 3589 in
311 3558 340 3591 ea
356 3550 427 3605 parte
444 3543 544 3603 Italiae,
570 3558 610 3592 ecs
632 3543 724 3591 collatu
763 3547 859 3595 Lucan.
877 3545 899 3592 Ι.
916 3546 973 3596 679.
991 3561 1041 3608 pua
1054 3561 1100 3606 aaa,
1116 3560 1194 3608 super·
1211 3547 1317 3594 aetiam

177 3635 192 3666 a
208 3620 367 3681 palumbibus
384 3627 481 3683 myrtus
502 3628 527 3669 et
548 3621 634 3670 laurus
651 3638 666 3670 a
683 3624 722 3672 tle·
764 3632 868 3688 ruptum
895 3625 1036 3673 Constituis
1062 3627 1149 3672 terrai
1184 3624 1212 3673 Si
1239 3626 1316 3673 tollor

175 3701 285 3748 vorando
301 3714 377 3762 puero
394 3714 444 3748 non
461 3700 644 3748 deterruissent.
764 3704 887 3767 signifieat
907 3704 1067 3766 prefitiatur,
1093 3703 1139 3751 iter
1163 3703 1317 3765 plerumque

209 3779 268 3827 Nou
280 3780 335 3827 siae
350 3781 400 3826 Dis
413 3780 540 3826 cairaosus
553 3778 648 3839 inferas.
667 3778 723 3840 Qua
764 3782 856 3830 indicat
864 3782 1014 3829 concitatum
1023 3788 1048 3830 et
1056 3781 1230 3844 impetuosum.
1241 3780 1316 3831 Ovid.

176 3857 318 3920 reirascar,
346 3858 389 3920 qui
410 3856 471 3905 ludo
495 3856 614 3918 fatigatus
636 3857 722 3906 obdor·
764 3861 827 3910 VII.
845 3860 949 3909 Metam.
966 3861 1022 3911 779.
1052 3860 1131 3909 Collis
1152 3875 1218 3921 apex
1240 3861 1319 3908 aredii

176 3936 269 3997 miseit,
286 3937 399 3984 animum
414 3937 536 3984 ostendit?
763 3941 882 3989 sribieclis
915 3940 1028 3987 intutiaet
1053 3940 1128 3987 (trois.
1167 3940 1254 3987 Tollcr
1283 3955 1316 3987 eo.

214 4018 309 4073 Vester,
325 4018 475 4073 Coraceuue,
491 4023 572 4066 cester·
586 4020 613 4065 ia
630 4019 722 4067 arduos
764 4018 824 4068 Val.
852 4018 935 4066 Flacc.
953 4018 1002 4065 III.
1023 4019 1076 4066 133.
1110 4019 1223 4067 Tollitur
1247 4020 1318 4076 hiric,

179 4095 263 4143 Tollor
281 4097 393 4144 stibinos.
419 4096 488 4143 Haec
504 4110 561 4144 eum
579 4097 721 4145 anteceden-
766 4103 879 4159 tortuque
903 4099 958 4145 ruit
982 4099 1134 4160 Tirynthius
1156 4112 1228 4146 arcu.
1255 4096 1316 4144 Vid.

176 4172 241 4220 tibus
258 4175 293 4221 ita
310 4175 478 4223 connectendo
494 4176 587 4224 iudico:
611 4176 722 4224 “Audivi
766 4176 904 4223 Burmann.

176 4250 304 4314 Calliopen
322 4260 463 4309 canentem,
485 4260 509 4301 et
527 4255 576 4302 uidi
593 4271 636 4317 per
653 4256 722 4303 lucos
800 4258 859 4303 Nora
876 4271 913 4303 rae
931 4256 1061 4317 Philippis
1072 4269 1145 4303 aereo
1162 4254 1227 4304 acies
1238 4259 1319 4303 retro.

176 4343 257 4378 sacros
275 4330 300 4378 in
319 4331 388 4379 terris
406 4338 536 4380 errantem.
556 4333 636 4382 Musis
650 4348 722 4382 rarus
766 4334 1102 4398 Quamquainomnes,quos
1114 4333 1172 4391 vidi,
1185 4332 1318 4396 scriptores
