2916 5220
586 299 902 395 cantitanti

349 484 452 566 Quid,
477 483 506 549 si
529 484 637 569 prisca
659 485 745 551 redit
768 487 880 554 Venus

389 587 613 672 Diductosque
636 588 714 672 iugo
737 590 826 674 cogit
849 597 967 675 aeneo,

347 690 382 757 Si
404 690 490 756 flava
512 690 678 756 excutitur
702 691 802 758 Chloe

392 794 607 881 Reiectaeque
629 800 722 880 patet
745 795 845 861 ianua
868 796 1011 881 Lydiae?

347 1006 553 1092 Quamquam
577 1008 681 1073 sidere
704 1008 869 1094 pulchrior

388 1111 449 1176 Ille
473 1115 541 1193 est,
566 1114 603 1175 tu
626 1111 727 1176 levior
750 1112 869 1178 cortice
897 1118 931 1178 et
953 1113 1102 1200 improbo

347 1213 537 1278 Iracundior
560 1212 702 1278 Hadria:

388 1317 507 1381 Tecum
531 1316 639 1382 vivere
662 1339 786 1401 amem,
812 1324 921 1383 tecum
945 1319 1060 1384 obeam
1084 1320 1200 1387 libens.

166 1471 203 1519 lit.
236 1471 283 1519 Est
300 1475 325 1518 et
340 1469 407 1532 apud
424 1468 554 1516 Plutarch.
572 1469 599 1516 in
616 1470 713 1519 Theseo
753 1470 838 1534 Lydia
854 1471 988 1520 Horatium
1006 1472 1110 1521 eiecerat
1120 1480 1225 1536 propter
1237 1474 1305 1523 illius

165 1549 188 1597 8.
217 1546 329 1613 Ὀρνύτῳ
351 1551 396 1607 τῆς
418 1545 453 1604 εἰς
470 1548 572 1611 Καρίαν
594 1547 713 1606 ἀποικίας
753 1547 952 1609 inconstantiam,
970 1551 1013 1614 qui
1030 1550 1107 1599 levior
1123 1558 1189 1600 esset
1205 1552 1305 1602 cortice.

165 1626 292 1691 μετέσχεν.
753 1627 812 1676 Ideo
836 1644 912 1692 supra
937 1629 1001 1677 dixit
1025 1632 1112 1680 Donec
1143 1632 1192 1679 tibi
1217 1637 1307 1694 pratus

199 1707 230 1755 Si
239 1707 314 1768 flaua
330 1706 459 1755 excutitur
484 1705 567 1754 curat.
601 1704 632 1752 In
654 1705 711 1754 MS.
752 1722 833 1764 nuce,
850 1715 875 1756 et
892 1713 936 1755 tua
950 1708 1026 1756 ianua
1036 1708 1098 1756 mihi
1108 1709 1219 1772 patebat.
1238 1710 1304 1771 Quo·

164 1785 265 1833 Vimur.
290 1785 444 1833 excluditur.
487 1783 581 1831 Narrat
610 1783 711 1835 Cortius
751 1785 825 1833 modo
841 1800 907 1834 nune
924 1787 989 1835 idem
1005 1787 1173 1849 promitteret,
1189 1803 1215 1837 se
1233 1804 1304 1838 suam

165 1865 196 1912 ad
214 1864 310 1911 Lucum.
327 1862 362 1910 V.
379 1863 435 1910 200.
470 1861 520 1911 Sed
540 1868 620 1910 metro
641 1877 710 1926 repu-
751 1862 851 1912 ianuam
869 1865 964 1928 Lydiae
984 1879 1036 1914 esso
1060 1872 1222 1928 aperturum?
1249 1870 1303 1920 Ma

165 1948 234 2002 gnat.
275 1942 310 1990 Et
342 1943 472 1991 excutitur
505 1941 544 1988 hic
576 1942 710 2003 pulchrius.
751 1942 808 1990 lim:
830 1945 980 2006 Reiecthue
998 1949 1072 2006 putet
1092 1946 1173 1993 unua
1197 1949 1304 2009 Lydiae.

163 2020 257 2082 Virgil.
275 2019 323 2069 VI.
340 2020 407 2069 Aen.
424 2019 464 2070 79.
499 2021 529 2068 Si
543 2026 643 2080 pectore
656 2036 710 2082 pos-
752 2022 821 2071 Talis
838 2023 916 2071 oratio
932 2023 1011 2085 magis
1027 2022 1086 2072 facit
1097 2025 1129 2071 ad
1141 2026 1303 2075 reconcilian-

162 2102 198 2148 sit
216 2100 364 2148 Excussisse
388 2101 478 2147 Dauus.
513 2099 568 2146 Nisi
594 2099 649 2161 quis
674 2099 710 2147 in·
752 2101 813 2148 dum
830 2101 925 2150 amicae
941 2102 1065 2159 animum,
1090 2102 1112 2149 si
1132 2119 1160 2152 se
1181 2105 1303 2156 reiectum

163 2178 275 2240 telligcre
300 2179 371 2226 malit
395 2180 464 2227 denso
493 2180 629 2228 excutitur.
672 2179 711 2228 At
751 2179 848 2240 doleat,
866 2194 941 2243 quam
962 2180 1070 2245 Lydiam
1088 2181 1215 2232 reiectam.
1235 2186 1305 2234 Ben-

162 2259 209 2306 hoc
225 2265 276 2318 est,
292 2257 351 2306 dicit
371 2257 505 2321 interpres,
526 2265 613 2306 contra
637 2259 709 2306 ratio-
750 2258 824 2306 tloius
842 2259 873 2306 ad
889 2259 939 2307 111.
957 2258 1042 2309 Carm.
1068 2262 1105 2309 lt.
1131 2262 1256 2325 explicat,
1280 2273 1304 2315 et

161 2353 219 2386 nem
236 2337 346 2400 linguae.
363 2336 456 2386 Videat
475 2338 576 2386 Terent.
605 2336 709 2386 Phorm.
750 2336 846 2386 Chloen
863 2352 941 2397 nunc,
958 2345 983 2387 et
999 2340 1107 2402 Lydiam
1124 2341 1187 2388 olim
1204 2344 1303 2394 edomo

161 2418 209 2467 IV.
230 2420 252 2468 1.
268 2420 308 2467 20.
339 2419 375 2466 Ut
397 2434 435 2466 me
450 2420 583 2474 excutiam,
601 2416 616 2465 i.
638 2431 659 2466 e.
677 2432 710 2466 ex
749 2415 848 2464 Horatii
864 2419 974 2466 eiectam.
1008 2419 1171 2467 Burmannus
1189 2422 1303 2472 coniicia-

161 2499 234 2546 domo
251 2499 365 2548 celeriter
382 2498 476 2546 abeam.
496 2497 556 2545 Vid.
572 2496 709 2546 Ruhnken.
749 2492 792 2542 bat
813 2498 957 2544 reiectum.
992 2497 1040 2547 Sed
1061 2503 1198 2562 postquid
1212 2503 1236 2549 si
1253 2517 1302 2550 me

195 2580 360 2641 Reiectuequc
392 2583 464 2640 patet
492 2579 572 2625 ianua
604 2577 709 2638 Lydiae.
749 2575 799 2622 lius
816 2575 895 2623 oratio
911 2581 995 2624 manet
1011 2575 1127 2639 abrupta.

646 2721 809 2746 -αοῡι-

568 2883 814 2950 OARMEN
858 2886 900 2950 X.

340 3019 543 3101 Extremum
567 3035 690 3099 Tanain
714 3035 742 3100 si
764 3035 911 3119 biberes,
935 3037 1039 3121 Lyce,

341 3140 444 3206 Saevo
467 3141 572 3222 nupta
594 3137 678 3219 viro,
703 3159 756 3202 me
780 3141 891 3202 tamen
914 3160 1044 3224 asperas

385 3243 574 3322 Porrectum
598 3246 674 3304 ante
696 3239 781 3305 iores
805 3240 943 3306 obiicere
965 3241 1082 3307 incolis

429 3345 578 3409 Plorares
602 3343 834 3428 Aquilonibus.

337 3447 466 3530 Audis,
491 3469 556 3533 quo
580 3447 720 3531 strepitu
742 3447 857 3529 ianua,
883 3468 946 3531 quo
970 3468 1088 3512 nemus

339 3551 429 3614 Inter
451 3549 588 3635 pulchra
611 3554 721 3614 satum
745 3554 832 3615 tecta
855 3548 1019 3633 remugiat

379 3651 514 3735 Ventis,
539 3657 573 3717 et
594 3652 720 3737 positas
743 3657 782 3718 ut
804 3651 926 3738 glaciet
948 3650 1041 3717 nives

424 3756 512 3821 Puro
535 3757 671 3821 numine
695 3756 841 3842 Iupiter?

328 3910 481 3961 CARMEN
497 3912 531 3961 X.
743 3894 888 3950 porrectum
904 3891 1019 3939 extendit
1035 3904 1120 3938 creua.
1154 3889 1217 3939 Vid.
1234 3891 1299 3938 Bur-

189 4007 357 4090 Porrectum
378 4043 533 4106 anteferes.
575 4043 704 4093 Bentleius
745 3981 893 4096 madidiicere
917 4047 1010 4096 incolit.
1045 4046 1163 4096 Pulchre.
1202 4048 1296 4096 Obiici-

158 4122 311 4169 Prciectum.
345 4120 410 4169 Mihi
432 4135 482 4170 non
502 4123 584 4185 placet
605 4131 705 4187 propter
745 4139 800 4172 raus
817 4123 926 4188 aliquem
943 4124 1000 4174 feris
1017 4124 1102 4173 bestiis
1122 4130 1147 4173 et
1166 4125 1299 4188 quibusvis

157 4212 262 4260 sequens
279 4200 388 4248 obiicere.
423 4200 529 4249 Haecin
540 4201 618 4251 MSS.
631 4216 705 4266 saepe
745 4201 869 4265 periculis.
885 4203 946 4252 Vid.
955 4203 1201 4253 HeinsAdversaria
1209 4219 1233 4266 p.
1240 4203 1298 4251 408.

157 4276 297 4324 turbantur.
311 4276 402 4340 Virgil.
411 4278 459 4328 IX.
469 4280 597 4330 Aon589.
615 4282 705 4330 Multa
778 4285 853 4331 Inter
863 4283 972 4344 pulchra
986 4287 1072 4331 satim
1088 4286 1156 4331 tectu
1171 4283 1300 4344 renuatur
