2916 5220
155 269 187 308 Ἠ
705 282 745 289 ’-

155 428 225 486 dum
247 427 317 506 leqo.
361 424 466 504 Neque
491 423 563 483 adeo
582 426 694 493 miror,·
718 442 784 482 cum
806 423 877 500 haec
895 423 1058 481 obscuritas
1078 427 1237 502 apostoris
1256 427 1301 483 in·

156 530 239 582 cocta
251 519 362 600 fuerit.
406 518 562 578 Horatius
583 521 675 590 enim,
701 517 856 596 Virqiiius,
876 516 1030 578 Ciceronis
1047 519 1205 592 nonnulla,
1225 518 1303 580 Cae·

154 636 223 688 sar,
244 614 331 673 Dirii
352 612 510 693 quaedam,
534 611 705 683 quenalis,
726 614 759 671 in
787 611 892 671 scholis
914 611 1162 690 praeleqebantur
1183 616 1305 694 paris,

155 720 184 769 et
211 713 243 770 iu
269 709 391 788 sinqulis
406 710 474 783 sere
502 705 702 766 Monasteriis
729 707 956 765 lectitabantur:
982 705 1050 765 indo
1078 715 1121 766 tot
1149 710 1247 785 spurii
1276 718 1305 766 et

156 806 251 882 inepti
272 822 370 862 rmus
388 804 421 860 in
445 802 573 860 Horatii
592 809 620 858 et
642 799 798 860 quenalis
819 801 1025 874 Heaametris,
1038 810 1081 860 tot
1092 794 1325 880 explicationes

156 908 185 958 et
205 898 424 957 immutationes
446 895 662 973 elegantiarum
683 895 801 974 linquae
822 893 955 952 Latinae
976 896 1009 952 in
1029 904 1169 955 contentu
1192 896 1304 957 Caesa·

157 994 214 1066 ris,
242 991 396 1053 Ciceronis
417 999 445 1048 et
467 988 569 1062 Liuii,
591 997 641 1060 ut,
662 989 688 1047 si
708 991 759 1048 isti
780 997 916 1048 auctores
936 990 1157 1063 reviviscerent,
1180 992 1213 1049 in
1226 991 1304 1050 mul·

158 1090 197 1146 tis
220 1105 275 1145 suo
292 1085 407 1162 scripta
427 1102 486 1142 non
504 1091 701 1162 aquoscerent.

199 1181 286 1238 Haec
308 1179 521 1249 Marklandus,
545 1178 629 1234 cuius
652 1178 833 1250 doctrinam,
856 1178 1000 1234 iudicium
1022 1187 1053 1234 et
1074 1179 1250 1237 felicitatem
1271 1183 1304 1239 in

159 1277 346 1335 restituenda
368 1284 504 1331 veterum
525 1274 704 1349 scriptorum
725 1292 830 1344 manu,
856 1272 1033 1328 modestiam
1060 1275 1152 1330 animi
1174 1285 1205 1332 et
1224 1277 1306 1332 veri·

160 1382 252 1430 tatem
284 1371 471 1428 admirantur
500 1369 563 1426 fere
596 1386 713 1437 omnes;
747 1368 812 1440 qui,
841 1376 982 1423 censente
1008 1367 1245 1443 Wyttenbachio
1271 1372 1303 1426 in

160 1466 233 1524 Vita
261 1465 450 1534 Ruhnkenii,
479 1464 625 1538 insignem
654 1463 808 1520 iudicandi
841 1461 1040 1518 subtilitatem
1072 1464 1218 1534 ostendit,
1245 1466 1304 1521 hoc

161 1562 300 1619 nimirum
322 1577 425 1632 agens,
449 1566 481 1614 ut
502 1566 621 1615 mutuas
644 1557 731 1614 Bruti
755 1565 785 1612 et
807 1554 963 1614 Ciceronis
985 1556 1139 1632 Epistolas
1162 1569 1193 1615 et
1212 1560 1304 1617 huius

161 1656 278 1728 aliquot
310 1652 471 1712 Orationes
506 1670 572 1708 esse
605 1634 723 1725 spurias
756 1651 891 1720 doceret3
914 1652 967 1724 qui
989 1653 1118 1726 denique
1141 1663 1172 1710 et
1192 1654 1302 1711 Latine

161 1751 277 1808 sciebat
302 1748 436 1823 egregie,
459 1756 489 1803 et
510 1753 616 1822 poetas
637 1753 777 1802 accurate
809 1746 1011 1819 intelligebat,
1046 1749 1143 1821 deque
1175 1750 1211 1805 iis
1245 1751 1305 1806 ele-

161 1853 268 1920 ganter
300 1852 330 1900 et
355 1850 436 1899 recte
463 1842 628 1898 iudicabat:
654 1842 685 1897 in
714 1858 773 1914 qua
796 1860 828 1897 re
857 1842 1051 1899 vehementer
1072 1863 1090 1900 a
1112 1845 1303 1916 Burmann0,

162 1942 194 1999 in
216 1939 410 1997 Praefatione
431 1936 602 2011 Virgiliana
623 1936 838 1993 Marklandum
852 1939 1092 2012 reprehendente
1106 1940 1131 2009 ¹,
1147 1940 1303 1997 dissentia.

204 2035 312 2107 Neque
346 2035 388 2090 ita
418 2033 619 2090 Marklandus
651 2032 777 2088 iuvenili
803 2040 903 2089 aetate
925 2034 1061 2108 scripsit,
1085 2054 1182 2108 neque
1204 2036 1303 2105 virili,

163 2130 297 2187 sedium
319 2147 426 2199 senex,
449 2128 615 2184 immortale
638 2144 746 2182 nomen
768 2129 895 2201 egregiis
916 2129 1003 2186 libris
1025 2131 1169 2205 adeptus,
1186 2138 1216 2186 et
1229 2130 1307 2204 pris-

164 2227 228 2282 tina
260 2224 415 2279 literarum
444 2223 545 2279 studia
571 2221 712 2278 continuo
743 2223 875 2296 agitans:
906 2226 982 2281 adeo
1008 2234 1042 2281 ut
1073 2226 1130 2281 hoc
1161 2224 1307 2281 iudicium

163 2328 315 2391 tamquam
337 2316 451 2374 fructus
473 2317 632 2373 diuturnae
662 2333 771 2390 operae
804 2319 843 2375 sit
875 2329 1052 2394 postremus.
1093 2321 1190 2393 quue
1221 2320 1306 2394 apud

163 2432 210 2470 me
233 2413 323 2469 etiam
349 2412 417 2487 plus
445 2412 554 2481 valuit,
579 2428 671 2483 quum
699 2412 903 2471 Valckenario
929 2416 1056 2473 multum
1082 2416 1231 2490 placuisse
1266 2434 1306 2470 ex

163 2507 339 2582 Koppiersii
370 2506 549 2566 Observatis
580 2506 776 2580 Philologicis
808 2529 876 2584 pag.
913 2510 980 2567 133.
1014 2527 1220 2583 cognoveram.
1264 2509 1307 2566 Et

165 2603 271 2676 quidni
291 2601 495 2658 Valckenario
516 2588 693 2676 placuisset,
717 2604 769 2675 qui
789 2605 854 2679 ipse
876 2606 936 2662 iam
958 2614 1028 2662 ante
1054 2623 1147 2661 annos
1170 2605 1231 2661 fere
1255 2605 1308 2661 tri-

165 2701 249 2774 ginta
280 2698 312 2752 in
342 2697 480 2772 Epistola
510 2697 549 2752 ad
580 2696 733 2754 Roverum
759 2717 828 2773 pag.
850 2715 919 2754 xw.
942 2700 1119 2774 scripserat:
1146 2697 1221 2770 Quis
1240 2717 1307 2756 nas-

167 2802 247 2850 trum
267 2790 395 2863 dicerit,
425 2799 496 2868 quot
523 2808 622 2848 uersus
646 2792 743 2868 spurii
763 2793 796 2851 in
816 2794 1030 2872 quibuscunque
1046 2793 1142 2870 poitis
1162 2793 1309 2849 ueteribus

165 2907 217 2946 nos
246 2885 309 2944 ludi
327 2884 454 2944 'centuri
499 2884 624 2944 Utinam
655 2885 732 2944 hanc
754 2895 875 2963 partem
892 2885 1141 2964 pertractandam
1160 2887 1309 2944 sumsisset

166 2980 332 3053 Beothius,
345 2978 539 3057 felicissimus
553 2979 602 3037 ille
606 2977 760 3058 fraudum
775 2981 941 3039 istiusmodi
954 2983 987 3038 in
1002 2981 1138 3039 Manilio
1153 2981 1307 3056 repertor!

207 3076 248 3132 Et
269 3073 403 3150 profecto
424 3075 531 3132 mirum
553 3082 647 3145 esset,
671 3074 696 3131 si
712 3075 776 3131 sola
790 3075 910 3132 Horatii
925 3076 1057 3132 carmina
1072 3084 1182 3132 sortem
1197 3077 1310 3132 evasis-

166 3179 249 3241 sent,
272 3188 349 3243 quae
371 3170 508 3226 omnibus
531 3169 663 3226 omnium
684 3177 820 3227 veterum
841 3171 926 3227 libris
956 3171 1102 3228 incubuit.
1144 3171 1215 3229 Non
1248 3173 1309 3227 his-

165 3265 266 3336 torici,
294 3285 354 3321 non
381 3271 502 3339 poetae,
527 3283 587 3320 non
609 3272 758 3335 oratoreS,
780 3284 840 3322 non
862 3266 1047 3340 philosophi,
1074 3285 1171 3340 neque
1194 3266 1309 3324 Graeci

167 3380 265 3434 neque
287 3361 431 3431 Romani,
455 3379 491 3416 ea
514 3360 582 3416 labe
604 3368 780 3415 manserunt
800 3360 957 3417 immunes.
1000 3360 1060 3419 Sed
1081 3363 1111 3417 in
1134 3362 1231 3436 poetis
1247 3381 1309 3418 ma-

167 3474 222 3511 nus
244 3455 368 3511 fallaces
391 3455 553 3529 praecipue
575 3461 744 3528 grassatae,
768 3472 827 3510 non
846 3454 979 3528 singulos
995 3463 1112 3512 tantum
1127 3474 1232 3511 vorsus
1248 3457 1308 3513 huc

165 3549 237 3605 illuc
259 3550 459 3620 intruserunt,
482 3567 587 3605 verum
608 3548 726 3621 integra
749 3550 839 3606 etiam
861 3550 993 3606 carmina
1014 3551 1120 3606 alienis
1136 3550 1308 3608 nominibus
1368 3615 1371 3618 ⁴

166 3644 311 3718 inscripta
333 3644 495 3700 finxerunt.
537 3643 603 3700 Iam
632 3661 659 3698 a.
690 3644 756 3700 180.
780 3653 849 3700 ante
874 3641 1027 3701 Christum
1051 3653 1081 3699 et
1103 3645 1210 3700 deinde
1233 3647 1308 3702 mul-

167 3748 215 3795 tae
249 3738 424 3795 ferebantur
456 3737 592 3806 fabulae,
621 3738 725 3794 Plauti
751 3738 864 3809 dictae,
895 3757 970 3812 quas
996 3740 1125 3796 Plautus
1153 3757 1308 3811 nunquam

167 3833 339 3907 scripserat.
382 3832 463 3888 Hine
484 3831 599 3887 indices
621 3831 719 3901 Aelii,
743 3830 880 3906 Sedigitii
902 3841 933 3888 et
954 3833 1080 3889 aliorum
1096 3834 1131 3888 de
1147 3833 1251 3889 Plauti
1266 3833 1308 3889 fa-

166 3929 246 3985 bulis
268 3928 407 4003 genuinis
430 3937 461 3984 et
482 3927 645 4001 ambiguis,
669 3936 700 3983 et
721 3926 821 3983 Varro
843 3928 951 4002 viginti
974 3937 1004 3983 et
1024 3947 1115 3984 imam
1138 3946 1156 3982 a
1179 3928 1307 3983 caeteris

167 4024 352 4097 segregavit,
376 4041 454 4096 quae
475 4023 544 4078 ideo
569 4031 695 4078 vocatae
718 4031 788 4078 sunt
809 4023 1028 4079 Varronianae.
1071 4022 1212 4092 Fabulis,
1229 4039 1306 4093 quae

199 4250 207 4281 ¹
226 4251 280 4298 Iam
298 4250 463 4299 Ruhnkenius
479 4252 558 4314 Epist.
577 4251 636 4299 Vol.
653 4251 703 4299 III.
720 4252 758 4300 ed.
776 4251 884 4307 Mahnii‚
906 4253 1081 4300 Burmannnm
1104 4256 1134 4298 de
1152 4250 1306 4298 Marklandn

166 4345 294 4394 nunquam
312 4330 361 4379 fere
379 4330 430 4379 sine
447 4330 540 4377 invidia
556 4330 687 4386 iudicasse,
706 4330 838 4378 arbitratus
855 4337 899 4378 est.
