2916 5220
641 331 985 395 CAltMINUM

430 520 582 585 Illustrat
605 541 693 601 oras,
718 518 861 582 maxime
883 517 1086 603 principum!

476 622 581 702 Quem
606 622 689 706 legis
713 627 861 706 expertes
885 618 1025 684 Latinae

521 724 686 789 Vindelici
711 723 852 787 didicere
876 743 995 806 nuper,

432 829 518 909 Quid
539 830 647 893 Marte
664 848 785 913 posses.
834 825 940 890 Milite
961 847 1035 890 uam
1058 834 1111 889 tuo

248 1029 278 1062 aa
286 1015 411 1063 laudibus.
429 1012 523 1063 Melius
540 1010 692 1061 Ouidianum
705 1008 727 1055 Ι.
744 1007 798 1055 Me-
838 1004 895 1054 333.
919 1006 1016 1067 duplici
1031 1010 1086 1056 situ
1110 1009 1232 1058 miniano
1254 1008 1284 1056 in
1301 1023 1385 1056 cesum

249 1100 308 1141 tam.
333 1093 390 1142 663.
425 1091 565 1142 Aeternum
589 1094 688 1137 nostros
713 1088 797 1135 luctus
838 1086 974 1134 Prooedut.
1001 1084 1086 1133 Sidon.
1103 1085 1217 1149 Apollin.
1243 1085 1331 1136 carm.
1352 1088 1386 1136 11.

247 1173 364 1220 ostendet
381 1173 408 1219 in
420 1186 514 1220 mount.
532 1171 567 1217 Iu
579 1182 667 1215 aeuum
679 1172 716 1213 est
731 1163 797 1226 apud
840 1163 894 1211 lss.
931 1164 1065 1226 Quidquid
1091 1169 1119 1214 iu
1147 1182 1236 1216 cesum
1273 1166 1387 1216 Mittunt

248 1248 362 1312 Propert.
377 1249 427 1298 ΠΙ.
444 1251 468 1298 3.
489 1249 526 1297 19.
544 1249 588 1295 lico
604 1247 638 1294 sit
654 1247 682 1292 in
698 1259 797 1298 seorim,
838 1244 968 1305 Euporieis
985 1246 1117 1292 Patauino
1133 1245 1263 1293 colunum
1283 1246 1385 1293 chortis.

249 1327 340 1377 Cernis
360 1331 392 1377 ab
415 1330 499 1376 Aenea
520 1327 586 1388 quod
605 1337 733 1384 superesse
753 1337 794 1371 ca·
837 1321 884 1369 Est
900 1328 925 1369 et
942 1321 1066 1371 Graecum
1076 1322 1195 1372 ἐκτείνειν
1205 1322 1279 1385 βίον.
1299 1323 1385 1385 Eurip.

243 1410 300 1465 put.
339 1405 460 1454 Priscian.
489 1406 520 1454 de
552 1404 639 1453 Laude
669 1401 797 1450 Anastasii
837 1400 904 1462 apud
921 1400 1052 1449 Plutarch.
1064 1401 1155 1466 Morsl.
1166 1401 1199 1450 T.
1208 1402 1243 1450 11.
1261 1417 1322 1464 pag.
1331 1403 1384 1451 4³6.

248 1483 304 1531 152.
329 1487 421 1534 deleuit
446 1488 475 1533 in
499 1500 593 1533 nouum
628 1485 683 1530 Pcr
708 1496 796 1529 aeuum
837 1477 944 1527 Μισῶδ
966 1477 1021 1528 ὅσοι
1042 1479 1179 1542 χρὴζουσιν
1193 1479 1315 1528 ἐκτείνειν
1325 1479 1385 1541 βίον

246 1568 283 1610 est
308 1565 375 1626 apud
397 1565 490 1613 multos
511 1565 610 1627 postas,
631 1575 736 1625 quorum
753 1574 795 1608 ex·
837 1559 959 1619 Βρωτοῖσι
992 1558 1033 1604 καὶ
1062 1559 1174 1606 ποτοῖσι.
1208 1557 1241 1606 In
1271 1558 1386 1621 Epistola

245 1642 328 1705 ampla
349 1643 449 1706 collegit
474 1642 604 1692 Bentlcius
628 1642 659 1688 ad
685 1639 795 1689 Carmen
836 1634 978 1683 Phalaridis
1007 1641 1044 1684 est
1070 1634 1175 1684 ἐκτεῖναι
1203 1635 1252 1693 τὴν
1283 1635 1384 1700 φήμην,

244 1721 370 1771 saeculare
387 1736 423 1771 vs.
440 1723 480 1770 26.
514 1720 627 1770 Dixissct
648 1719 726 1782 igitur
743 1717 794 1764 Ho·
836 1713 902 1775 quod
920 1713 1044 1762 Valcken.
1060 1712 1385 1776 inPraeiat.pbrasinesse

245 1799 324 1846 ratius
349 1806 479 1848 aeteruum
495 1801 586 1860 facere
607 1800 635 1846 ia
656 1803 793 1845 aeteruum.
835 1791 952 1840 Latinam
973 1798 1053 1855 putat.
1088 1791 1137 1841 Sed
1161 1807 1288 1854 magnum
1304 1807 1384 1842 emen-

246 1877 342 1925 Taoent
366 1892 451 1926 omnes
475 1878 621 1940 interpretes
650 1882 674 1923 et
690 1874 794 1938 probare
835 1870 941 1919 dationis
957 1885 1027 1920 meae
1042 1870 1193 1933 praesidium
1210 1878 1248 1920 est
1264 1871 1292 1918 in
1311 1871 1383 1934 Sym·

244 1954 364 2003 videntur
385 1954 530 2015 formulam,
552 1962 581 2002 ut
597 1955 717 2016 castigato
733 1951 792 1999 scri-
835 1950 923 1998 macho
940 1950 1019 2013 Epist.
1029 1949 1063 1997 X.
1080 1951 1120 1998 32.
1138 1949 1181 2012 qui
1202 1957 1290 2012 aperte
1306 1950 1384 1999 Hora-

244 2032 310 2093 ptori
334 2034 531 2082 convenientem.
569 2033 653 2081 Tanta
677 2032 794 2079 nimirum
836 2027 899 2075 tium
924 2029 1047 2076 imitatur:
1081 2031 1286 2088 Praetextatus,
1316 2046 1385 2094 quern

244 2110 281 2157 vis
299 2117 336 2159 est
352 2112 548 2168 consuetudinis,
565 2125 630 2173 quac
648 2109 736 2168 officit,
753 2115 793 2166 ut,
838 2104 970 2156 Coruulem
986 2110 1043 2156 iure
1052 2107 1191 2172 ficuatis,
1207 2113 1239 2156 ut
1248 2109 1324 2172 susti
1339 2126 1384 2158 ase·

243 2189 310 2250 quod
331 2189 381 2236 iam
403 2190 472 2252 pueri
497 2190 605 2253 legimus
626 2196 651 2238 et
676 2188 794 2236 admirari
836 2201 914 2234 mores
930 2188 1119 2235 celemeaomen
1135 2189 1310 2236 extenderent.
1331 2188 1384 2236 Nae

244 2267 388 2327 didicimus,
408 2269 483 2318 etiarn
508 2268 557 2317 viri
576 2270 743 2332 imprudentes
760 2269 793 2318 fe·
836 2264 879 2313 ille
895 2265 1031 2327 scripsisset
1051 2271 1223 2325 detonarent,
1248 2267 1271 2314 si
1291 2268 1319 2315 in
1335 2269 1384 2317 He

242 2361 339 2404 ramus,
360 2361 407 2396 nee
423 2355 568 2412 corruptum
590 2363 643 2397 esse
659 2348 700 2397 vcl
716 2348 793 2411 suspi·
835 2345 898 2392 ratio
914 2344 1026 2404 vidisset,
1043 2346 1108 2408 quod
1128 2359 1173 2393 nos
1193 2345 1319 2395 videmus.
1345 2347 1384 2397 Sic

242 2438 334 2474 camur.
367 2426 488 2474 Horatius
516 2427 568 2476 sine
594 2427 668 2474 dubio
694 2428 793 2476 vitasset
834 2428 859 2470 et
872 2422 1006 2495 Gualterus
1024 2424 1163 2473 Alexandr.
1181 2426 1202 2474 Ι.
1224 2425 1278 2475 181.
1299 2431 1384 2477 Aeter-

242 2503 349 2552 verbum
366 2511 391 2553 et
411 2505 596 2553 substantivum
617 2505 726 2553 eiusdem
743 2507 791 2554 ori-
832 2518 893 2550 num
910 2505 1026 2552 extendes
1045 2505 1189 2554 insaecula
1208 2521 1307 2554 acmen.

242 2581 307 2643 ginis
328 2582 355 2630 in
372 2597 518 2641 succussa,
540 2598 605 2646 quae
630 2583 740 2630 multum
758 2583 791 2631 di·
870 2582 941 2639 Quid
966 2583 1055 2631 Morte
1078 2598 1166 2645 posses.
1209 2585 1302 2634 Milite
1325 2602 1383 2633 uoru

243 2674 314 2708 versa
343 2667 380 2708 est
405 2676 421 2709 a
452 2664 538 2710 ludere
566 2663 666 2722 ludum,
697 2666 792 2711 seruus
834 2666 886 2709 tao.
924 2661 1021 2711 Versus
1047 2677 1119 2711 ame
1139 2663 1219 2711 notati
1242 2670 1297 2710 tam
1319 2663 1383 2712 male

241 2740 400 2798 cautorem,
421 2739 531 2787 caeteris.
565 2739 711 2788 Liberemus
736 2741 791 2803 poe-
833 2740 941 2788 interse
958 2739 1004 2802 ipsi
1021 2746 1120 2789 etcum
1137 2741 1280 2805 aliis,quos
1299 2742 1383 2804 genui·

242 2824 294 2864 tarn
311 2816 349 2864 his
366 2817 492 2874 sordibus,
509 2823 534 2865 et
555 2831 716 2881 reponamus:
739 2820 791 2867 Au·
833 2831 876 2864 nos
898 2816 988 2875 habco,
1013 2819 1155 2878 cohaerent,
1182 2820 1260 2867 tantis
1285 2835 1383 2883 quoque

241 2898 323 2954 quate,
340 2896 448 2943 virtutes
464 2897 492 2942 iu
509 2911 597 2943 aeuum
628 2897 682 2943 Per
703 2897 791 2945 titulos
833 2894 1022 2944 difficultatibus
1039 2897 1212 2956 laborant,·ut
1228 2913 1279 2946 uon
1297 2907 1382 2961 putem

240 2987 407 3035 ascensoresque
410 2973 499 3036 fastos
512 2975 647 3022 Esteudet.
669 2974 701 3021 In
712 2974 789 3024 MSS.

241 3050 320 3099 acicm
336 3053 467 3100 oculorum
487 3053 601 3101 intendas
622 3068 721 3104 necesse
738 3063 790 3115 est,

240 3132 261 3178 si
278 3131 417 3180 discernere
433 3131 496 3178 velis
518 3138 629 3181 aeteraet
650 3132 681 3179 ab
706 3139 789 3182 catca-

239 3213 289 3260 dot.
308 3211 455 3260 Esteudcrc
471 3217 496 3258 et
512 3213 643 3260 exterdere
659 3212 687 3259 iu
703 3227 790 3260 aecum

240 3304 298 3338 vere
315 3290 435 3339 Latinum
445 3295 488 3337 est.
505 3289 594 3338 Horat.
612 3288 648 3338 Π.
670 3289 753 3339 Carm.
765 3293 789 3340 2.

245 3371 318 3417 Vicat
334 3374 434 3418 extento
449 3371 597 3417 Proculeius
613 3383 678 3418 acuo.
696 3369 789 3432 Virgss.

241 3447 275 3496 X.
291 3448 356 3497 Aen.
369 3448 425 3496 468.
438 3447 541 3511 famam
557 3449 689 3496 estendere
697 3449 789 3510 sactis.

240 3525 337 3574 Statius
353 3527 375 3573 1.
394 3525 473 3574 Theb.
486 3527 543 3577 607.
570 3525 673 3588 samum
688 3528 788 3588 postla-

239 3604 392 3667 bitasuciles
406 3606 537 3652 estendere
548 3606 610 3652 uita.
628 3603 687 3653 Vid,
699 3605 788 3653 Barth·

238 3690 263 3731 et
279 3685 424 3746 interpretes
432 3689 433 3693 ’
441 3683 473 3730 ad
483 3682 576 3744 Virgil.
586 3681 635 3730 VI.
647 3682 712 3731 Aen.
729 3684 787 3736 Stil.

236 3771 263 3810 ot
279 3763 438 3826 Oudendorp.
456 3763 488 3810 ad
505 3761 600 3825 Appul.
617 3762 720 3810 Metam.
729 3777 786 3825 pag.

237 3844 293 3892 360.
331 3842 382 3891 Pro
407 3843 538 3891 extendere
563 3840 605 3888 alii
628 3839 703 3889 etiam
732 3841 786 3888 aliis

237 3921 319 3969 uerbis
346 3927 465 3977 utuntur,
498 3925 527 3967 ut
552 3919 640 3968 Manil.
668 3919 703 3968 V.
729 3921 785 3969 469.

240 4000 305 4058 Quis
330 4002 357 4047 ia
382 4005 474 4049 cuncta
498 4014 570 4047 maur
592 4000 717 4060 producit
733 4014 785 4048 sae-

236 4080 293 4126 cula
310 4080 395 4128 ritum.
422 4079 522 4127 Lucan.
540 4079 561 4127 Ι.
579 4079 635 4127 448.
663 4081 711 4128 Vos
726 4095 785 4142 quo·

234 4172 293 4218 que,
318 4160 362 4219 qui
379 4160 465 4221 sortes
486 4160 584 4206 anicios
601 4160 711 4220 belloque
724 4174 783 4220 per·

234 4241 314 4283 ciuitas
338 4238 470 4285 Laudibus
487 4239 515 4284 iu
536 4237 635 4299 lorcyum
655 4242 726 4286 uates
746 4240 784 4286 di·

235 4314 338 4361 mittitis
354 4330 449 4363 mcum.
471 4313 604 4363 Claudiam
623 4314 696 4366 Cous.
709 4317 782 4366 Mall.

833 2988 873 3022 eos
891 2975 922 3023 ab
939 2975 1044 3025 Horatio
1054 2991 1106 3025 esse
1116 2979 1271 3040 compositos.
1291 2979 1382 3028 Vides·

832 3068 900 3111 mus,
916 3056 1039 3116 quomodo
1059 3056 1181 3104 sententia
1200 3057 1301 3120 incepta
1325 3073 1380 3121 pro-

832 3133 903 3180 cedat
919 3140 944 3181 et
959 3135 1076 3183 adfinem
1089 3135 1249 3196 perducatur.
1267 3136 1382 3197 “Quibus

832 3210 966 3260 bonoribus
983 3219 1038 3260 tuas
1054 3212 1173 3270 virtutes,
1193 3213 1326 3276 Auguste,
1343 3225 1380 3266 ae·

831 3291 941 3339 temitati
965 3291 1178 3340 consecrabimus?
1219 3291 1243 3342 0
1270 3296 1380 3344 maxime

830 3369 981 3434 principum!
999 3385 1074 3435 quem
1091 3371 1218 3420 Vindelici
1233 3387 1315 3436 nuper
1328 3389 1379 3424 seu·

830 3462 890 3496 sere.
924 3449 995 3497 Nam
1006 3449 1106 3498 Drusus
1123 3464 1181 3497 cum
1198 3451 1249 3498 tuis
1260 3451 1380 3502 militibus

830 3525 963 3576 Genaunes
980 3535 1003 3576 et
1024 3529 1136 3576 Breunos
1156 3528 1222 3578 vicit.
1256 3530 1322 3579 Mox
1339 3533 1379 3582 Ti·

830 3605 913 3653 berius
935 3606 984 3654 tuis
1010 3607 1124 3669 auspiciis
1148 3607 1258 3656 Rhaetos
1283 3611 1380 3674 pepulit

828 3691 853 3732 et
870 3686 937 3734 sein
954 3686 1047 3749 proelio
1064 3685 1194 3735 fortissime
1211 3689 1300 3750 gessit,
1319 3690 1377 3738 dum

828 3768 856 3810 tu
872 3763 963 3812 milites
981 3771 1006 3813 et
1022 3765 1154 3813 consilium
1171 3772 1195 3815 et
1212 3770 1379 3832 tuaauspioia

828 3842 912 3891 dabas
933 3843 1000 3890 Nam
1018 3843 1091 3891 tertio
1107 3842 1189 3892 lustro
1204 3852 1260 3907 post
1276 3854 1377 3910 captam

827 3921 1010 3969 Alexandriam
1027 3922 1142 3971 Fortuna
1152 3937 1280 3985 prosperos
1294 3925 1377 3973 exitus

826 3999 900 4048 huius
917 4001 976 4049 belli
998 4001 1077 4059 dedit,
1102 4008 1127 4050 et
1152 4001 1196 4049 tibi
1217 4002 1269 4049 iam
1289 4014 1377 4066 parent

826 4093 912 4128 omnes
933 4081 1009 4128 totius
1031 4086 1154 4129 terrarum
1176 4081 1244 4129 orbis
1265 4085 1375 4144 gentes.'’

826 4157 874 4205 Hic
900 4167 936 4206 est
958 4160 1018 4208 ordo
1039 4158 1163 4207 carminis.
1193 4158 1277 4219 Quem
1302 4177 1376 4211 nemo

825 4238 918 4298 probet.
946 4239 1014 4288 Nam
1041 4239 1118 4287 oratio
1142 4237 1244 4287 videtur
1265 4254 1315 4288 non
1334 4242 1375 4289 bo-

825 4315 898 4363 minis
915 4316 1014 4378 ingenio
1031 4324 1055 4365 ot
1071 4332 1132 4365 sana
1153 4317 1247 4366 ratione
1270 4319 1375 4374 utentis,
