2916 5220
222 307 263 368 10
635 302 942 368 CARMINUM

404 490 499 554 Omne
521 510 612 573 quum
635 489 774 554 Proteus
791 511 890 573 pamm
913 494 973 575 epit
996 490 1077 555 ultus

482 676 485 681 ⁶
536 592 642 656 lh‘sere
663 601 798 664 mantea·

405 696 549 759 Piscium
572 703 601 758 et
624 715 744 759 summu
763 716 863 780 penus
886 694 987 760 lmesit
1009 696 1109 778 ulmo,

402 798 491 862 Nola
513 819 592 882 quae
614 797 703 862 sedes
714 795 833 881 fuerat
849 796 1030 881 palumbis·

406 902 449 964 Et
472 903 645 984 superiecto
661 899 803 983 putidae
825 909 978 963 notarunt

224 1067 406 1119 Grammaticus
423 1065 555 1127 imaginem
566 1064 675 1112 eiusdem
687 1064 774 1111 diluvii
811 1064 873 1111 nihil
890 1064 970 1114 refert.
995 1065 1029 1113 Et
1044 1066 1141 1113 nemine
1154 1067 1274 1128 Pyrrhae
1284 1065 1362 1115 liben-

223 1149 363 1211 depicturas
381 1151 473 1207 septem
491 1143 613 1202 versibus,
624 1143 702 1205 iisque
714 1142 774 1206 Sap·
811 1145 860 1193 tius
872 1151 978 1193 utuntur
988 1145 1171 1206 poetae,quam
1184 1146 1364 1201 Deucalionis,

223 1227 313 1290 phicis,
335 1225 378 1287 qni
398 1230 457 1271 sunt
474 1222 595 1271 breviores
612 1221 773 1280 hexametris,
810 1223 869 1286 quia
891 1222 973 1272 versui
994 1223 1074 1285 aptius
1096 1229 1140 1270 est.
1175 1222 1216 1272 Sic
1233 1229 1257 1271 et
1272 1222 1363 1271 Valer.

224 1309 288 1370 ipsas
313 1305 371 1353 illas
396 1303 524 1358 minutias,
550 1301 615 1364 qued
640 1301 774 1362 pessimum
810 1301 895 1350 Flac.
912 1301 960 1350 VI.
995 1301 1092 1363 Argen.
1109 1302 1166 1350 390.
1188 1301 1299 1349 hemines
1320 1316 1362 1364 ap·

224 1390 277 1434 erat
296 1385 322 1432 in
344 1381 431 1430 tabula
450 1379 583 1438 Ouidiana,
609 1378 693 1441 elegit.
728 1378 772 1428 Se·
810 1381 889 1444 pellat
908 1383 1027 1444 Pyrrhae
1039 1395 1123 1443 penus.
1150 1380 1177 1429 Si
1194 1395 1294 1436 versus,
1311 1380 1363 1427 He·

224 1478 286 1513 neca
301 1465 326 1511 in
348 1463 439 1510 Natur.
473 1461 575 1521 Quaest.
597 1458 647 1506 III.
671 1457 713 1507 27.
735 1459 772 1506 iu·
811 1461 873 1508 ratio
897 1459 985 1516 manti,
1015 1459 1065 1507 iarn
1096 1458 1227 1508 Claudiani
1253 1465 1365 1521 tempere

224 1542 327 1601 dicavit,
352 1541 471 1590 Ouidium
492 1539 587 1600 inpendi
609 1539 732 1598 trapetum
749 1541 774 1585 et
810 1539 962 1595 exstiterint,
993 1537 1147 1587 Claudianus
1178 1537 1283 1586 melioris
1310 1544 1365 1586 erat

224 1625 347 1672 materiae
357 1622 391 1668 nul
400 1620 508 1682 prteriles
516 1617 626 1678 ineptum
636 1617 773 1676 reduxisse,
811 1619 904 1676 iudicii,
921 1632 996 1680 quam
1014 1624 1043 1665 nt
1056 1632 1112 1666 eam
1124 1617 1235 1666 fraudem
1247 1631 1298 1666 non
1309 1632 1364 1666 sen·

222 1701 358 1762 praecipue
385 1701 413 1745 in
438 1711 513 1745 uersu
537 1697 599 1742 isto:
625 1694 677 1741 Nat
701 1693 774 1756 lupus
811 1697 874 1745 tiret.
908 1696 996 1759 Atque
1016 1696 1077 1745 haec
1099 1697 1148 1745 iam
1165 1697 1365 1759 disputaveram,

224 1779 289 1827 inter
304 1791 375 1835 oves,
398 1775 478 1823 fulvos
503 1773 571 1822 uehit
591 1773 660 1819 unda
684 1771 775 1820 leones.
811 1789 889 1838 quum
913 1775 993 1824 laetus
1014 1777 1132 1837 cognovi,
1154 1776 1229 1824 etiam
1245 1775 1365 1826 Guietum

226 1859 285 1906 Non
301 1873 354 1905 rem
371 1870 422 1905 esse
437 1856 504 1902 satir
521 1853 777 1912 sobriamlescicire,
811 1855 908 1903 eosdem
925 1869 1011 1902 versus
1019 1854 1123 1903 eiecisse.
1149 1853 1281 1917 Philippus
1292 1855 1367 1904 Buta

225 1938 342 1985 devorate
363 1936 420 1983 orte
444 1938 581 1980 terrerum.
617 1931 717 1977 Notum
732 1945 777 1978 uu·
811 1946 918 1980 mannus
935 1934 960 1981 in
978 1933 1129 1996 Mythelogo
1145 1932 1206 1981 Vol.
1223 1933 1258 1982 11.
1268 1949 1293 1996 p.
1306 1934 1364 1982 364.

216 2020 276 2082 ¹tem
293 2016 320 2063 in
337 2015 432 2062 diluuio
442 2018 466 2061 et
478 2015 507 2060 in
517 2012 564 2059 illu
576 2012 670 2072 rapina
679 2013 777 2072 petest?
813 2026 849 2060 vs.
866 2013 889 2061 9.
907 2019 932 2060 et
949 2020 998 2060 tres
1014 2020 1143 2075 sequentes
1159 2012 1232 2061 delet.

226 2093 296 2145 Here
321 2092 427 2148 Seneca,
455 2091 505 2153 ipse
533 2090 648 2137 luxuriae
678 2090 778 2138 minime
846 2091 895 2152 Qui
912 2106 997 2140 uersus
1014 2106 1058 2155 pro
1075 2092 1218 2140 Horatianis
1235 2091 1365 2154 accipiunt,

226 2172 357 2228 immunis,
367 2171 392 2218 in
404 2168 494 2218 Ouidio
503 2169 667 2231 reprehendit.
685 2169 777 2230 Quam·
813 2171 852 2219 illi
867 2177 892 2220 et
908 2172 956 2220 hec
972 2172 1092 2234 negitent:
1109 2172 1228 2220 Horatius
1243 2171 1269 2217 in
1285 2170 1366 2233 Epist.

227 2267 302 2315 quam
323 2253 379 2314 lupi
400 2256 487 2297 nantes
516 2249 581 2297 inter
611 2262 670 2296 oves
699 2250 778 2311 magis
815 2251 846 2297 ad
868 2251 970 2299 Pisones
991 2265 1028 2299 vs.
1049 2251 1095 2307 29,
1112 2251 1158 2307 30,
1175 2249 1281 2312 scripsit:
1313 2249 1368 2307 Qui

226 2331 285 2380 ferri
308 2330 418 2394 possint,
444 2342 519 2392 qnam
544 2331 633 2376 Minue
656 2335 777 2377 natantes
814 2333 916 2378 uariare
932 2332 1003 2392 cupit
1019 2345 1072 2377 rem
1086 2330 1266 2391 prodipiuliter
1279 2341 1366 2382 unuin,

227 2410 371 2462 Ostenditur
386 2409 452 2456 enim
469 2414 539 2455 tanta
555 2407 666 2463 miseria,
682 2413 711 2454 ut
727 2408 778 2455 ani·
817 2411 973 2471 Delphinum
996 2409 1067 2456 silvis
1091 2408 1222 2470 applicuit,
1240 2405 1368 2467 fluctibus

227 2490 303 2538 malia
319 2502 415 2552 queque
431 2487 514 2536 odium
531 2486 645 2534 naturale
661 2487 777 2549 deposue·
814 2503 913 2550 aprum.
947 2487 1022 2544 Risit,
1039 2493 1112 2549 puto,
1130 2487 1241 2547 ineptum
1257 2483 1367 2547 aliquem

227 2570 283 2618 rint.
326 2568 460 2616 Praeterea
484 2566 579 2615 Seneca
603 2565 701 2612 Horatii
726 2579 777 2612 ear-
814 2568 924 2630 poetam,
942 2567 985 2631 qui
999 2567 1026 2613 in
1038 2564 1197 2613 describenda
1208 2564 1302 2612 diluvic
1313 2578 1367 2612 em-

227 2649 295 2696 mina
319 2661 391 2708 saepe
415 2647 518 2708 legerat.
562 2643 616 2693 Cur
638 2645 714 2706 igitur
739 2645 778 2692 hic
814 2660 858 2694 nes
874 2646 956 2695 frenes
972 2647 1071 2710 ingenio
1091 2652 1116 2694 et
1133 2645 1215 2693 ardori
1231 2644 1367 2693 remiserat.

227 2726 344 2778 Ovidium
361 2726 441 2788 petius
452 2724 537 2786 culpat
547 2738 622 2787 qnam
632 2723 778 2781 Horatium,
815 2725 880 2785 Quid
897 2725 937 2772 hic
954 2727 1006 2788 ipse
1022 2723 1093 2773 fecit?
1129 2725 1272 2786 Appinpere
1286 2724 1370 2785 pisces

228 2806 299 2854 cuius
323 2806 397 2855 etiam
424 2804 522 2867 gravier
546 2811 610 2852 esset
628 2803 778 2851 aucteritas?
815 2806 905 2863 atritis,
930 2807 1018 2852 minas
1037 2805 1141 2866 aequori
1156 2802 1309 2864 superiecto,
1329 2809 1368 2857 et,

228 2884 352 2933 Nimirum
378 2884 422 2932 hes
447 2897 533 2931 versus
558 2882 583 2929 in
604 2882 708 2931 Horatio
729 2896 778 2930 nen
815 2884 951 2945 oppirtpere
972 2884 1118 2944 delphinum
1143 2881 1226 2940 mlum,
1241 2880 1370 2941 flrrctihua

228 2966 303 3027 legit,
326 2969 411 3026 postea
438 2962 557 3018 adiectos,
582 2962 624 3009 sed
650 2962 699 3010 iam
721 2967 779 3010 ante
815 2977 921 3024 aprum,
938 2967 1028 3009 suntne
1044 2960 1105 3016 alin,
1123 2974 1155 3007 an
1171 2959 1274 3006 eadem?

230 3045 344 3095 Servium
376 3055 421 3104 pro
453 3039 594 3088 Horatianis
622 3040 726 3089 habitos
754 3057 778 3090 v.
852 3043 957 3090 Terruit
981 3045 1071 3103 pentes.
1114 3038 1179 3088 Sunt
1206 3038 1248 3101 qui
1281 3037 1369 3100 legant

230 3121 300 3171 Serv.
318 3123 350 3169 ad
366 3119 458 3182 Virgil.
475 3119 563 3181 Ecleg.
580 3119 658 3168 VIII.
675 3121 778 3182 28.qui,
816 3125 916 3168 mentes.
955 3119 981 3169 Si
1006 3119 1042 3165 ita
1066 3118 1160 3166 dederit
1185 3124 1283 3175 auctor,
1304 3127 1368 3166 esset

229 3204 257 3245 ut
273 3205 298 3246 et
314 3197 367 3246 aliis
379 3199 451 3256 leole,
466 3205 562 3261 partem
573 3197 693 3248 laudavit.
704 3199 779 3249 Clau·
816 3200 901 3262 aliqua
917 3199 1052 3248 similitude
1069 3198 1142 3246 huius
1158 3197 1207 3245 loci
1223 3203 1248 3244 et
1260 3196 1369 3245 Sencew

229 3277 293 3326 <liam
310 3277 375 3326 Bell.
387 3278 485 3327 Gilden.
497 3293 535 3325 us.
548 3279 587 3326 tl.
599 3278 706 3340 scripsit:
725 3280 780 3326 Aut
816 3279 841 3325 in
859 3277 946 3327 Oetae.
964 3293 1000 3326 vs.
1016 3279 1073 3326 230.
1108 3275 1253 3338 Montesque
1268 3282 1370 3325 numm

223 3357 335 3418 fluuium
355 3372 402 3419 per
427 3362 493 3405 tecto
518 3372 616 3419 umqum,
632 3359 781 3419 summisque
817 3360 913 3420 iprrihus
925 3364 1003 3407 terret
1012 3359 1093 3406 sacris
1109 3357 1369 3417 Neeisquemorutria

229 3437 368 3484 minentem
386 3437 512 3493 Collibus,
528 3437 639 3497 inpcntes
654 3437 711 3483 nesi
726 3438 780 3483 muh-
817 3438 852 3485 Et
868 3444 905 3484 cst
921 3436 1029 3485 solennis
1047 3435 1142 3484 dicendi
1159 3433 1279 3482 formula:
1297 3435 1371 3482 “Dei

230 3515 431 3564 mersueurinns.
466 3516 651 3576 Remorumque
666 3528 745 3574 aomos,
756 3521 781 3563 et
818 3518 924 3564 inerrate
939 3530 1014 3578 purus
1023 3515 1145 3577 fairnine,
1169 3515 1274 3576 unium,
1293 3528 1370 3576 yron-

232 3594 352 3653 Pprrhne
370 3595 470 3642 saecula
491 3595 564 3640 sumi.
598 3592 636 3640 Ibi
657 3591 781 3642 Gesnerus
818 3597 888 3650 dine,
914 3597 1025 3653 tonitru,
1052 3595 1176 3655 prodipiia
1192 3597 1301 3648 terrent,
1317 3607 1370 3642 nen

231 3676 316 3719 censet
340 3671 473 3719 Horatium
501 3677 559 3718 ante
585 3670 669 3718 ocules
707 3669 782 3719 fuisse
811 3674 927 3736 fulmine
936 3679 1077 3734 terrenum
1085 3675 1128 3721 hec
1137 3674 1174 3720 uel
1184 3672 1250 3720 illud
1259 3674 1370 3721 occidat.

231 3749 381 3806 Claudiano,
399 3749 542 3812 praesertim
560 3751 585 3797 in
602 3752 700 3799 saecula
713 3752 781 3813 Pyr·
819 3752 1002 3801 Annotauimus
1019 3751 1141 3799 nonnulla
1157 3751 1189 3798 ad
1205 3750 1286 3812 Eped.
1294 3750 1330 3799 V.
1340 3751 1361 3799 Ι.

232 3831 300 3878 rlme.
335 3829 397 3886 Sed,
415 3830 552 3878 deosculer
574 3831 695 3891 Pyrrhae
715 3830 781 3878 dem·
855 3833 934 3879 Onrrte
947 3847 1002 3881 cum
1018 3835 1128 3880 Proteus
1142 3844 1218 3892 pecus
1232 3831 1290 3892 epit.
1309 3829 1369 3880 Sea·

231 3910 301 3967 seris,
318 3909 391 3958 nulla
402 3915 439 3956 est
450 3908 591 3958 similitude.
617 3909 644 3958 Si
655 3911 782 3958 soeculum
818 3909 882 3972 liger
898 3911 924 3958 in
942 3910 991 3959 VI.
1008 3911 1102 3958 Poetis.
1118 3925 1174 3972 pag.
1192 3910 1249 3958 812.
1267 3909 1370 3968 etheo,

231 3990 355 4037 recondita
378 3989 485 4052 quadarn
511 3988 687 4051 significatione
716 3991 781 4053 apud
818 3996 843 4037 et
860 3989 909 4037 alia
925 3991 1045 4053 quaedam
1067 3991 1197 4052 vituperat.
1231 3990 1271 4036 Ea
1287 3989 1370 4037 defen·

231 4068 359 4130 antiquum
376 4069 472 4131 poetam
489 4069 653 4128 inveniretur,
671 4075 695 4117 et
707 4068 781 4119 Clau·
819 4070 876 4117 derc
896 4077 999 4117 conatur
1016 4070 1046 4118 L.
1063 4069 1191 4118 Fraterius
1208 4070 1233 4116 in
1250 4069 1370 4132 Epistolis

231 4148 318 4195 dianus
339 4148 423 4195 eadem
445 4149 575 4210 posuisset,
598 4149 628 4196 de
649 4148 782 4196 imitatione
819 4165 834 4196 a
851 4149 978 4198 Gabhema
993 4149 1064 4198 editis
1089 4164 1145 4212 pag.
1163 4150 1219 4201 ele.
1254 4149 1304 4198 Sed
1330 4165 1370 4197 ue·

232 4228 395 4275 concederem.
433 4228 508 4275 Nune
529 4229 587 4290 quid
609 4243 665 4276 enm
687 4230 782 4277 saeculo
819 4245 881 4286 reor,
893 4237 920 4279 ut
937 4229 1016 4278 amice
1033 4229 1354 4292 sueCantereprobaverit.

232 4306 610 4367 iungas,Hnmeri,Alexandri
619 4322 650 4355 an
661 4308 782 4371 Pyrrhae,
860 4310 897 4355 Et
931 4311 1069 4370 seqrerlcrto
1100 4310 1210 4369 prohinc
1243 4312 1371 4354 unierunt
