2916 5220
552 314 870 378 CARMINUM

324 504 464 566 Fortuna
488 501 586 566 lustro
603 522 765 586 prospera
788 505 879 565 tertio

322 605 410 670 Belli
432 605 582 670 sectatos
605 604 746 670 reddidit
768 608 890 688 eritas,

368 709 568 795 Loodemqoe
588 719 617 773 et
640 718 781 794 optutum
798 712 944 793 peractis

414 815 566 898 Imperiis
588 813 682 877 detra
704 815 875 898 omoqooit.

320 915 363 984 Te
388 915 551 981 Cantaber
574 936 640 979 non
664 920 741 978 ante
764 912 939 978 domabilis

322 1019 503 1103 Medusque
527 1023 560 1083 ct
584 1018 705 1098 Indus,
730 1023 763 1081 te
784 1017 944 1102 profugus
969 1017 1108 1100 Scythes

370 1122 526 1204 Miratur,
551 1142 569 1186 o
595 1121 698 1185 tutela
720 1141 874 1204 praesens

410 1223 525 1288 ltaliae
549 1222 764 1306 dominaeque
789 1221 930 1285 Romae!

324 1327 386 1408 Te,
410 1326 553 1390 fontium
577 1325 633 1410 qui
657 1324 743 1389 celat
766 1323 926 1409 origines,

320 1429 482 1513 Nilusque
505 1433 538 1493 et
562 1429 662 1509 lster,
687 1433 720 1492 te
742 1427 876 1511 rapidus
899 1427 1022 1512 Tigris,

365 1531 408 1595 Te
431 1532 599 1597 belluosus
623 1530 680 1616 qui
704 1529 838 1595 remotis

411 1633 582 1719 Obstrepit
606 1634 755 1700 Oceanus
781 1632 966 1697 Britannis:

321 1738 364 1802 Te
387 1759 453 1801 non
476 1738 627 1822 paventis
651 1737 767 1802 funera
791 1737 920 1802 Galliae

322 1841 494 1925 Duraeque
518 1841 617 1905 tellus
641 1840 735 1905 audit
759 1839 899 1922 iberiae,

367 1942 409 2006 Te
433 1942 530 2007 caede
552 1942 733 2027 gaudentes
760 1943 935 2027 Sygambri

413 2044 614 2129 Compositis
637 2043 834 2110 v'enerantur
857 2045 966 2110 armis.

142 2174 168 2221 in
194 2186 280 2220 versus
306 2171 406 2220 redacta
430 2175 473 2218 est.
516 2170 603 2232 Neque
628 2186 689 2234 opus
730 2187 793 2220 rom.
821 2171 965 2220 Horrebant
985 2171 1016 2218 ad
1036 2185 1106 2218 mare
1127 2173 1282 2233 septemtrio

142 2260 197 2304 erat
220 2252 365 2315 praecedere
394 2251 544 2298 mentionem
574 2248 688 2298 Alexan·
730 2250 797 2308 nale,
823 2251 866 2300 sed
888 2257 985 2313 partem
1006 2249 1213 2308 remotissimam,
1232 2249 1284 2298 fere

142 2331 225 2387 driae,
249 2330 314 2378 hanc
335 2329 402 2378 enim
424 2328 553 2377 victoriam
573 2342 633 2376 mox
654 2329 690 2375 in·
729 2329 1040 2392 ignotam,ad1slandiam
1051 2334 1076 2377 et
1084 2328 1194 2377 Thulen.
1216 2328 1284 2377 Vide

142 2410 280 2472 colligimus
295 2424 328 2457 ex
347 2410 416 2456 Nilo.
729 2409 831 2470 interpr.
850 2408 880 2456 ad
899 2409 979 2456 Taciti
995 2407 1078 2457 Germ.
1093 2408 1117 2455 2.
1151 2407 1283 2466 Horatius,

177 2490 337 2550 tumorque
353 2487 627 2549 etoptotnmperoctia
638 2487 691 2533 Im·
729 2488 756 2535 ni
781 2487 865 2545 fallor,
893 2488 1002 2550 scripsit:
1032 2489 1067 2535 Te
1082 2488 1206 2535 bellicosis
1232 2502 1284 2548 quo

138 2570 220 2630 portia
237 2569 309 2616 aaa
325 2567 462 2626 orropouit.
495 2563 586 2614 Omnia
602 2563 691 2611 humili
730 2574 840 2616 remotas
860 2568 990 2627 obstrepit
1005 2567 1118 2614 Oceanus
1132 2566 1282 2613 Britannia

142 2652 166 2693 et
191 2643 299 2707 pedestri
327 2644 401 2691 modo
425 2657 543 2706 expressa
567 2650 592 2691 et
617 2643 691 2705 plane
731 2643 844 2694 Oceanus
857 2651 964 2694 remotus
972 2644 1104 2707 opponitur
1113 2649 1199 2692 nostro
1210 2645 1283 2700 mari,

142 2724 241 2772 diversa
257 2740 272 2771 a
289 2723 391 2771 sublimi
406 2723 494 2784 spiritu
506 2723 619 2782 aliorum,
628 2737 691 2786 quae
731 2733 759 2774 nt
780 2725 915 2773 vocabatur
932 2725 1162 2781 Mediterraneum,
1184 2731 1211 2772 et
1232 2724 1284 2786 ipse

143 2804 251 2864 genuina
267 2809 393 2864 putamus.
730 2802 824 2850 indicat
838 2803 973 2850 Britannos
984 2809 1099 2858 remotos,
1110 2803 1170 2850 orbe
1181 2801 1282 2852 divisos.

178 2883 213 2929 Te
229 2884 351 2929 beltuosna
367 2883 411 2942 qui
428 2883 536 2929 remotis.
558 2882 691 2929 Bellncsna
759 2884 899 2944 Sypnnrbri.
917 2880 990 2929 Hanc
998 2881 1201 2943 orthographiam
1211 2888 1283 2931 tuen-

142 2973 194 3007 vox
204 2959 294 3007 dubiae
306 2959 474 3018 auctoritatis,
492 2974 555 3022 quae
566 2974 690 3022 nusquam
731 2967 772 3008 tur
789 2961 907 3010 Dukerus
924 2961 955 3008 ad
972 2961 1042 3009 Flori
1059 2960 1107 3009 IV.
1129 2962 1166 3009 12.
1184 2968 1211 3009 et
1231 2960 1283 3011 Ou-

142 3044 280 3101 praeterea,
306 3037 354 3085 nisi
379 3038 445 3101 apud
470 3039 598 3087 Avienum
623 3039 690 3087 inve·
730 3040 802 3088 dend.
820 3042 851 3088 ad
870 3040 970 3090 Sueten.
988 3040 1100 3101 August.
1117 3040 1158 3087 21.
1183 3039 1283 3088 Vocem

143 3117 233 3167 niatur.
266 3118 301 3165 Et
317 3117 437 3176 Romani,
454 3124 528 3181 puto,
544 3116 632 3166 melius
649 3132 691 3166 no·
729 3119 853 3181 ingeniose
880 3119 979 3167 Velleio
1011 3118 1146 3166 Paterculo
1173 3120 1283 3167 restituit

143 3204 232 3245 verant
256 3196 400 3256 Oceanum,
429 3213 505 3261 quam
530 3203 558 3245 ut
583 3203 691 3260 tempore
730 3196 981 3247 Heinrich.ad0rat.
993 3197 1118 3247 Ciceronis
1130 3212 1175 3261 pro
1185 3197 1284 3248 Scauro

143 3275 241 3325 Horatii
265 3277 341 3325 etiam
366 3277 400 3325 sic
425 3277 579 3339 appellarent
601 3279 690 3326 tellao-
709 3263 712 3350 l
730 3292 787 3339 pag.
808 3277 861 3326 103.

612 3439 812 3474 ..μψ-

529 3585 774 3651 OARMEN
819 3585 892 3648 XV.

323 3721 481 3802 Phoebus
506 3739 671 3803 volentem
694 3737 819 3823 proelia
841 3759 894 3802 me
918 3738 1007 3822 loqui

300 3917 452 3967 CARMEq
471 3919 524 3966 W
729 3888 854 3937 Vindelici
874 3888 987 3937 didicere.
1023 3889 1064 3936 Tu
1085 3887 1168 3936 vicisti
1187 3888 1282 3938 Canta-

429 3952 440 3966 ⁴
473 3954 483 3967 ‘
527 3957 532 3965 '
729 3968 797 4026 aros,
819 3968 916 4026 Medos,
939 3967 1028 4023 moos,
1050 3966 1172 4030 Scythas,
1193 3969 1282 4032 Aegy-

176 4013 309 4096 Pboebua
329 4051 447 4097 uolentem
458 4051 545 4111 procia
564 4065 601 4097 me
615 4051 688 4111 loqui.
728 4046 803 4108 ptios,
826 4053 911 4109 gentes
931 4047 962 4094 ad
979 4046 1072 4094 Istrum
1090 4053 1115 4094 et
1132 4047 1281 4109 Tigridem,

143 4127 198 4175 Hoc
217 4127 294 4189 igitur
315 4142 415 4176 carmen
435 4144 485 4176 non
507 4129 631 4176 diversum
652 4135 690 4177 est
727 4127 874 4185 Britannos,
895 4126 994 4184 Gallos,
1015 4127 1101 4175 Iberos
1123 4132 1148 4174 et
1171 4126 1280 4190 Sygam-

143 4207 174 4253 ab
195 4208 360 4256 antecedente.
396 4206 483 4257 Oratio
503 4208 538 4255 ita
559 4208 687 4256 cohaeret:
727 4206 790 4255 bros.
825 4207 893 4268 Quas
918 4206 1050 4266 victorias,
1076 4213 1146 4268 gesta
1172 4206 1281 4269 proelia,

142 4285 180 4333 “O
202 4288 311 4335 maxime
331 4287 485 4349 principum!
511 4302 584 4349 quem
609 4303 688 4351 nuper
726 4294 809 4349 captas
837 4288 922 4343 urbes,
948 4285 1072 4334 celebrare
1098 4299 1148 4333 non
1174 4299 1280 4346 possum
