<?xml version="1.0" encoding="UTF-8"?>
<!DOCTYPE html PUBLIC "-//W3C//DTD XHTML 1.0 Transitional//EN"
    "http://www.w3.org/TR/xhtml1/DTD/xhtml1-transitional.dtd">
<html xmlns="http://www.w3.org/1999/xhtml" xml:lang="en" lang="en">
 <head>
  <title>
</title>
<meta http-equiv="Content-Type" content="text/html;charset=utf-8" />
  <meta name='ocr-system' content='tesseract 3.04.00' />
  <meta name='ocr-capabilities' content='ocr_page ocr_carea ocr_par ocr_line ocrx_word'/>
</head>
<body>
  <div class='ocr_page' id='page_1' title='image "./qhoratiiflaccic00horagoog_0033.png"; bbox 0 0 2916 5220; ppageno 0'>
   <div class='ocr_carea' id='block_1_1' title="bbox 143 317 727 358">
    <p class='ocr_par' dir='ltr' id='par_1_1' title="bbox 143 317 727 358">
     <span class='ocr_line' id='line_1_1' title="bbox 143 317 727 358; baseline 0 0"><span class='ocrx_word' id='word_1_1' title='bbox 143 317 200 358; x_wconf 83' lang='lat' dir='ltr'><strong>XVI</strong></span> <span class='ocrx_word' id='word_1_2' title='bbox 687 329 727 342; x_wconf 77' lang='grc'><strong>·-·</strong></span> 
     </span>
    </p>
   </div>
   <div class='ocr_carea' id='block_1_2' title="bbox 142 476 1287 3593">
    <p class='ocr_par' dir='ltr' id='par_1_2' title="bbox 142 476 1287 3593">
     <span class='ocr_line' id='line_1_2' title="bbox 142 476 1280 553; baseline -0.004 -14"><span class='ocrx_word' id='word_1_3' title='bbox 142 482 221 539; x_wconf 91' lang='lat' dir='ltr'><strong>mine</strong></span> <span class='ocrx_word' id='word_1_4' title='bbox 243 481 371 552; x_wconf 87' lang='lat' dir='ltr'><strong>vicerat,</strong></span> <span class='ocrx_word' id='word_1_5' title='bbox 395 480 420 537; x_wconf 90' lang='lat' dir='ltr'><strong>is</strong></span> <span class='ocrx_word' id='word_1_6' title='bbox 442 496 555 553; x_wconf 89' lang='lat' dir='ltr'><strong>quercu</strong></span> <span class='ocrx_word' id='word_1_7' title='bbox 578 479 793 546; x_wconf 81' lang='lat' dir='ltr'><strong>coronabatur3</strong></span> <span class='ocrx_word' id='word_1_8' title='bbox 816 476 918 534; x_wconf 87' lang='lat' dir='ltr'><strong>multis</strong></span> <span class='ocrx_word' id='word_1_9' title='bbox 932 484 1092 550; x_wconf 88' lang='lat' dir='ltr'><strong>praeterea</strong></span> <span class='ocrx_word' id='word_1_10' title='bbox 1107 477 1205 551; x_wconf 72' lang='lat' dir='ltr'><strong>poetis</strong></span> <span class='ocrx_word' id='word_1_11' title='bbox 1222 484 1280 534; x_wconf 78' lang='lat' dir='ltr'><strong>sta-</strong></span> 
     </span>
     <span class='ocr_line' id='line_1_3' title="bbox 142 572 1278 650; baseline -0.004 -17"><span class='ocrx_word' id='word_1_12' title='bbox 142 584 213 633; x_wconf 90' lang='lat' dir='ltr'><strong>tuae</strong></span> <span class='ocrx_word' id='word_1_13' title='bbox 235 584 323 634; x_wconf 90' lang='lat' dir='ltr'><strong>erant</strong></span> <span class='ocrx_word' id='word_1_14' title='bbox 343 576 468 650; x_wconf 90' lang='lat' dir='ltr'><strong>positae.</strong></span> <span class='ocrx_word' id='word_1_15' title='bbox 499 573 652 647; x_wconf 85' lang='lat' dir='ltr'>Magistri,</span> <span class='ocrx_word' id='word_1_16' title='bbox 672 573 837 647; x_wconf 83' lang='lat' dir='ltr'><strong>exploratis</strong></span> <span class='ocrx_word' id='word_1_17' title='bbox 852 572 1068 645; x_wconf 89' lang='lat' dir='ltr'><strong>discipulorum</strong></span> <span class='ocrx_word' id='word_1_18' title='bbox 1082 572 1278 643; x_wconf 80' lang='lat' dir='ltr'>carminibus,</span> 
     </span>
     <span class='ocr_line' id='line_1_4' title="bbox 143 666 1280 743; baseline -0.005 -15"><span class='ocrx_word' id='word_1_19' title='bbox 143 689 198 728; x_wconf 89' lang='lat' dir='ltr'><strong>sua</strong></span> <span class='ocrx_word' id='word_1_20' title='bbox 218 672 397 728; x_wconf 79' lang='lat' dir='ltr'>recitabant.</span> <span class='ocrx_word' id='word_1_21' title='bbox 440 669 527 726; x_wconf 91' lang='lat' dir='ltr'><strong>Haec</strong></span> <span class='ocrx_word' id='word_1_22' title='bbox 549 688 567 725; x_wconf 91' lang='lat' dir='ltr'><strong>a</strong></span> <span class='ocrx_word' id='word_1_23' title='bbox 589 668 744 743; x_wconf 80' lang='lat' dir='ltr'><strong>discipulis</strong></span> <span class='ocrx_word' id='word_1_24' title='bbox 766 667 875 742; x_wconf 90' lang='lat' dir='ltr'><strong>cupide</strong></span> <span class='ocrx_word' id='word_1_25' title='bbox 891 674 1034 740; x_wconf 86' lang='lat' dir='ltr'><strong>excepta,</strong></span> <span class='ocrx_word' id='word_1_26' title='bbox 1054 666 1280 741; x_wconf 81' lang='lat' dir='ltr'><strong>exemplaribus</strong></span> 
     </span>
     <span class='ocr_line' id='line_1_5' title="bbox 143 760 1279 837; baseline -0.005 -16"><span class='ocrx_word' id='word_1_27' title='bbox 143 765 264 822; x_wconf 81' lang='lat' dir='ltr'><strong>Horatii</strong></span> <span class='ocrx_word' id='word_1_28' title='bbox 284 766 486 833; x_wconf 81' lang='lat' dir='ltr'><strong>addebantur,</strong></span> <span class='ocrx_word' id='word_1_29' title='bbox 519 763 647 837; x_wconf 74' lang='lat' dir='ltr'><strong>prImum</strong></span> <span class='ocrx_word' id='word_1_30' title='bbox 679 770 833 837; x_wconf 89' lang='lat' dir='ltr'><strong>separata,</strong></span> <span class='ocrx_word' id='word_1_31' title='bbox 866 761 915 818; x_wconf 90' lang='lat' dir='ltr'><strong>vel</strong></span> <span class='ocrx_word' id='word_1_32' title='bbox 941 761 973 817; x_wconf 90' lang='lat' dir='ltr'><strong>in</strong></span> <span class='ocrx_word' id='word_1_33' title='bbox 995 761 1145 834; x_wconf 85' lang='lat' dir='ltr'><strong>margine,</strong></span> <span class='ocrx_word' id='word_1_34' title='bbox 1169 760 1279 816; x_wconf 90' lang='lat' dir='ltr'><strong>deinde</strong></span> 
     </span>
     <span class='ocr_line' id='line_1_6' title="bbox 143 854 1280 930; baseline -0.004 -14"><span class='ocrx_word' id='word_1_35' title='bbox 143 860 268 930; x_wconf 89' lang='lat' dir='ltr'><strong>sensim,</strong></span> <span class='ocrx_word' id='word_1_36' title='bbox 300 868 334 917; x_wconf 92' lang='lat' dir='ltr'><strong>nt</strong></span> <span class='ocrx_word' id='word_1_37' title='bbox 364 859 411 928; x_wconf 90' lang='lat' dir='ltr'><strong>fit,</strong></span> <span class='ocrx_word' id='word_1_38' title='bbox 443 857 620 915; x_wconf 87' lang='lat' dir='ltr'><strong>Horatianis</strong></span> <span class='ocrx_word' id='word_1_39' title='bbox 650 857 849 930; x_wconf 89' lang='lat' dir='ltr'><strong>interspersa,</strong></span> <span class='ocrx_word' id='word_1_40' title='bbox 877 855 999 912; x_wconf 89' lang='lat' dir='ltr'><strong>tandem</strong></span> <span class='ocrx_word' id='word_1_41' title='bbox 1024 874 1079 930; x_wconf 95' lang='lat' dir='ltr'><strong>pro</strong></span> <span class='ocrx_word' id='word_1_42' title='bbox 1099 854 1280 912; x_wconf 84' lang='lat' dir='ltr'><strong>Horatianis</strong></span> 
     </span>
     <span class='ocr_line' id='line_1_7' title="bbox 142 950 1282 1024; baseline -0.003 -14"><span class='ocrx_word' id='word_1_43' title='bbox 142 954 266 1009; x_wconf 90' lang='lat' dir='ltr'><strong>vendita</strong></span> <span class='ocrx_word' id='word_1_44' title='bbox 287 961 318 1010; x_wconf 90' lang='lat' dir='ltr'><strong>et</strong></span> <span class='ocrx_word' id='word_1_45' title='bbox 338 952 505 1009; x_wconf 89' lang='lat' dir='ltr'><strong>aestimata.</strong></span> <span class='ocrx_word' id='word_1_46' title='bbox 548 950 666 1023; x_wconf 76' lang='lat' dir='ltr'><strong>Quodsi</strong></span> <span class='ocrx_word' id='word_1_47' title='bbox 686 951 734 1006; x_wconf 93' lang='lat' dir='ltr'><strong>hic</strong></span> <span class='ocrx_word' id='word_1_48' title='bbox 755 950 831 1020; x_wconf 94' lang='lat' dir='ltr'><strong>illic,</strong></span> <span class='ocrx_word' id='word_1_49' title='bbox 852 950 966 1007; x_wconf 88' lang='lat' dir='ltr'><strong>Romae</strong></span> <span class='ocrx_word' id='word_1_50' title='bbox 987 951 1164 1024; x_wconf 89' lang='lat' dir='ltr'><strong>praecipue,</strong></span> <span class='ocrx_word' id='word_1_51' title='bbox 1181 968 1282 1007; x_wconf 90' lang='lat' dir='ltr'><strong>exem·</strong></span> 
     </span>
     <span class='ocr_line' id='line_1_8' title="bbox 144 1044 1282 1123; baseline -0.003 -19"><span class='ocrx_word' id='word_1_52' title='bbox 144 1048 195 1123; x_wconf 91' lang='lat' dir='ltr'><strong>pla</strong></span> <span class='ocrx_word' id='word_1_53' title='bbox 216 1048 420 1105; x_wconf 85' lang='lat' dir='ltr'><strong>emendatiora</strong></span> <span class='ocrx_word' id='word_1_54' title='bbox 441 1046 613 1103; x_wconf 89' lang='lat' dir='ltr'><strong>exstiterint</strong></span> <span class='ocrx_word' id='word_1_55' title='bbox 634 1065 673 1101; x_wconf 89' lang='lat' dir='ltr'><strong>ex</strong></span> <span class='ocrx_word' id='word_1_56' title='bbox 694 1055 797 1102; x_wconf 91' lang='lat' dir='ltr'><strong>vetere</strong></span> <span class='ocrx_word' id='word_1_57' title='bbox 819 1046 921 1118; x_wconf 88' lang='lat' dir='ltr'><strong>aliqua</strong></span> <span class='ocrx_word' id='word_1_58' title='bbox 942 1045 1134 1116; x_wconf 86' lang='lat' dir='ltr'><strong>recensione,</strong></span> <span class='ocrx_word' id='word_1_59' title='bbox 1157 1064 1193 1102; x_wconf 89' lang='lat' dir='ltr'><strong>ea</strong></span> <span class='ocrx_word' id='word_1_60' title='bbox 1214 1044 1282 1101; x_wconf 89' lang='lat' dir='ltr'><strong>Ma·</strong></span> 
     </span>
     <span class='ocr_line' id='line_1_9' title="bbox 144 1139 1281 1216; baseline -0.002 -18"><span class='ocrx_word' id='word_1_61' title='bbox 144 1144 258 1200; x_wconf 89' lang='lat' dir='ltr'><strong>vortius</strong></span> <span class='ocrx_word' id='word_1_62' title='bbox 281 1151 312 1198; x_wconf 91' lang='lat' dir='ltr'><strong>et</strong></span> <span class='ocrx_word' id='word_1_63' title='bbox 331 1142 480 1216; x_wconf 85' lang='lat' dir='ltr'><strong>Magister</strong></span> <span class='ocrx_word' id='word_1_64' title='bbox 500 1140 588 1196; x_wconf 84' lang='lat' dir='ltr'><strong>Felix</strong></span> <span class='ocrx_word' id='word_1_65' title='bbox 609 1158 670 1196; x_wconf 91' lang='lat' dir='ltr'><strong>non</strong></span> <span class='ocrx_word' id='word_1_66' title='bbox 691 1140 831 1195; x_wconf 89' lang='lat' dir='ltr'><strong>viderunt</strong></span> <span class='ocrx_word' id='word_1_67' title='bbox 850 1157 878 1195; x_wconf 89' lang='lat' dir='ltr'><strong>a.</strong></span> <span class='ocrx_word' id='word_1_68' title='bbox 900 1139 969 1197; x_wconf 82' lang='lat'><strong>530.</strong></span> <span class='ocrx_word' id='word_1_69' title='bbox 985 1157 1045 1213; x_wconf 91' lang='lat' dir='ltr'><strong>qno</strong></span> <span class='ocrx_word' id='word_1_70' title='bbox 1059 1140 1205 1197; x_wconf 90' lang='lat' dir='ltr'><strong>Horatius</strong></span> <span class='ocrx_word' id='word_1_71' title='bbox 1220 1141 1281 1196; x_wconf 89' lang='lat' dir='ltr'><strong>iam</strong></span> 
     </span>
     <span class='ocr_line' id='line_1_10' title="bbox 145 1235 1282 1309; baseline -0.002 -14"><span class='ocrx_word' id='word_1_72' title='bbox 145 1237 356 1296; x_wconf 89' lang='lat' dir='ltr'><strong>additamentis</strong></span> <span class='ocrx_word' id='word_1_73' title='bbox 378 1236 443 1293; x_wconf 90' lang='lat' dir='ltr'><strong>istis</strong></span> <span class='ocrx_word' id='word_1_74' title='bbox 464 1236 656 1309; x_wconf 90' lang='lat' dir='ltr'><strong>inquinatus,</strong></span> <span class='ocrx_word' id='word_1_75' title='bbox 678 1236 816 1291; x_wconf 87' lang='lat' dir='ltr'><strong>manibus</strong></span> <span class='ocrx_word' id='word_1_76' title='bbox 837 1235 989 1292; x_wconf 93' lang='lat' dir='ltr'><strong>hominum</strong></span> <span class='ocrx_word' id='word_1_77' title='bbox 1010 1236 1197 1293; x_wconf 87' lang='lat' dir='ltr'><strong>versabatur.</strong></span> <span class='ocrx_word' id='word_1_78' title='bbox 1230 1236 1282 1293; x_wconf 88' lang='lat' dir='ltr'><strong>Ex</strong></span> 
     </span>
     <span class='ocr_line' id='line_1_11' title="bbox 145 1329 1281 1406; baseline -0.002 -16"><span class='ocrx_word' id='word_1_79' title='bbox 145 1341 207 1390; x_wconf 90' lang='lat' dir='ltr'><strong>tam</strong></span> <span class='ocrx_word' id='word_1_80' title='bbox 229 1332 378 1406; x_wconf 83' lang='lat' dir='ltr'><strong>corruptis</strong></span> <span class='ocrx_word' id='word_1_81' title='bbox 399 1330 545 1405; x_wconf 89' lang='lat' dir='ltr'><strong>exemplis</strong></span> <span class='ocrx_word' id='word_1_82' title='bbox 567 1337 598 1386; x_wconf 89' lang='lat' dir='ltr'><strong>et</strong></span> <span class='ocrx_word' id='word_1_83' title='bbox 618 1330 754 1386; x_wconf 84' lang='lat' dir='ltr'><strong>recensio</strong></span> <span class='ocrx_word' id='word_1_84' title='bbox 775 1329 896 1403; x_wconf 81' lang='lat' dir='ltr'><strong>AgoriI,</strong></span> <span class='ocrx_word' id='word_1_85' title='bbox 913 1338 943 1386; x_wconf 92' lang='lat' dir='ltr'><strong>et</strong></span> <span class='ocrx_word' id='word_1_86' title='bbox 957 1331 1072 1401; x_wconf 90' lang='lat' dir='ltr'><strong>omnia,</strong></span> <span class='ocrx_word' id='word_1_87' title='bbox 1089 1348 1165 1404; x_wconf 90' lang='lat' dir='ltr'><strong>quae</strong></span> <span class='ocrx_word' id='word_1_88' title='bbox 1181 1331 1281 1388; x_wconf 88' lang='lat' dir='ltr'><strong>adhuc</strong></span> 
     </span>
     <span class='ocr_line' id='line_1_12' title="bbox 143 1425 1282 1499; baseline -0.001 -16"><span class='ocrx_word' id='word_1_89' title='bbox 143 1428 341 1483; x_wconf 90' lang='lat' dir='ltr'><strong>innotuerunt</strong></span> <span class='ocrx_word' id='word_1_90' title='bbox 366 1425 457 1486; x_wconf 84' lang='lat' dir='ltr'><strong>MSS.</strong></span> <span class='ocrx_word' id='word_1_91' title='bbox 483 1425 629 1498; x_wconf 85' lang='lat' dir='ltr'><strong>originem</strong></span> <span class='ocrx_word' id='word_1_92' title='bbox 658 1426 780 1481; x_wconf 93' lang='lat' dir='ltr'><strong>ducunt.</strong></span> <span class='ocrx_word' id='word_1_93' title='bbox 822 1425 972 1499; x_wconf 86' lang='lat' dir='ltr'><strong>Exempla</strong></span> <span class='ocrx_word' id='word_1_94' title='bbox 996 1425 1050 1481; x_wconf 90' lang='lat' dir='ltr'><strong>illa</strong></span> <span class='ocrx_word' id='word_1_95' title='bbox 1076 1426 1282 1483; x_wconf 90' lang='lat' dir='ltr'><strong>emendatiora</strong></span> 
     </span>
     <span class='ocr_line' id='line_1_13' title="bbox 143 1519 1283 1596; baseline 0 -18"><span class='ocrx_word' id='word_1_96' title='bbox 143 1523 204 1578; x_wconf 89' lang='lat' dir='ltr'><strong>iam</strong></span> <span class='ocrx_word' id='word_1_97' title='bbox 224 1522 310 1579; x_wconf 90' lang='lat' dir='ltr'><strong>brevi</strong></span> <span class='ocrx_word' id='word_1_98' title='bbox 330 1529 398 1596; x_wconf 91' lang='lat' dir='ltr'><strong>post</strong></span> <span class='ocrx_word' id='word_1_99' title='bbox 418 1529 544 1577; x_wconf 89' lang='lat' dir='ltr'><strong>mortem</strong></span> <span class='ocrx_word' id='word_1_100' title='bbox 565 1528 721 1576; x_wconf 90' lang='lat' dir='ltr'><strong>auctorum</strong></span> <span class='ocrx_word' id='word_1_101' title='bbox 742 1520 854 1576; x_wconf 90' lang='lat' dir='ltr'><strong>fiebant</strong></span> <span class='ocrx_word' id='word_1_102' title='bbox 873 1537 951 1576; x_wconf 88' lang='lat' dir='ltr'><strong>rara.</strong></span> <span class='ocrx_word' id='word_1_103' title='bbox 984 1519 1124 1594; x_wconf 89' lang='lat' dir='ltr'><strong>Hyginus</strong></span> <span class='ocrx_word' id='word_1_104' title='bbox 1143 1539 1216 1578; x_wconf 90' lang='lat' dir='ltr'><strong>usus</strong></span> <span class='ocrx_word' id='word_1_105' title='bbox 1236 1529 1283 1578; x_wconf 92' lang='lat' dir='ltr'><strong>est</strong></span> 
     </span>
     <span class='ocr_line' id='line_1_14' title="bbox 145 1613 1283 1690; baseline -0.002 -16"><span class='ocrx_word' id='word_1_106' title='bbox 145 1617 223 1674; x_wconf 91' lang='lat' dir='ltr'><strong>libro</strong></span> <span class='ocrx_word' id='word_1_107' title='bbox 245 1616 297 1690; x_wconf 91' lang='lat' dir='ltr'><strong>qui</strong></span> <span class='ocrx_word' id='word_1_108' title='bbox 317 1615 375 1672; x_wconf 90' lang='lat' dir='ltr'><strong>fuit</strong></span> <span class='ocrx_word' id='word_1_109' title='bbox 395 1634 433 1671; x_wconf 87' lang='lat' dir='ltr'><strong>ex</strong></span> <span class='ocrx_word' id='word_1_110' title='bbox 455 1615 543 1670; x_wconf 95' lang='lat' dir='ltr'><strong>domo</strong></span> <span class='ocrx_word' id='word_1_111' title='bbox 564 1623 654 1687; x_wconf 88' lang='lat' dir='ltr'><strong>atque</strong></span> <span class='ocrx_word' id='word_1_112' title='bbox 681 1613 794 1670; x_wconf 87' lang='lat' dir='ltr'><strong>familia</strong></span> <span class='ocrx_word' id='word_1_113' title='bbox 820 1614 951 1687; x_wconf 87' lang='lat' dir='ltr'><strong>Virgilii.</strong></span> <span class='ocrx_word' id='word_1_114' title='bbox 994 1614 1062 1670; x_wconf 91' lang='lat' dir='ltr'><strong>Hoc</strong></span> <span class='ocrx_word' id='word_1_115' title='bbox 1088 1615 1127 1670; x_wconf 83' lang='lat' dir='ltr'><strong>A.</strong></span> <span class='ocrx_word' id='word_1_116' title='bbox 1161 1614 1283 1673; x_wconf 83' lang='lat' dir='ltr'><strong>Gellius</strong></span> 
     </span>
     <span class='ocr_line' id='line_1_15' title="bbox 144 1708 1283 1784; baseline -0.001 -15"><span class='ocrx_word' id='word_1_117' title='bbox 144 1711 185 1769; x_wconf 90' lang='lat' dir='ltr'><strong>N.</strong></span> <span class='ocrx_word' id='word_1_118' title='bbox 207 1711 248 1769; x_wconf 83' lang='lat' dir='ltr'><strong>A.</strong></span> <span class='ocrx_word' id='word_1_119' title='bbox 268 1711 295 1768; x_wconf 92' lang='grc' dir='ltr'><strong>Ι.</strong></span> <span class='ocrx_word' id='word_1_120' title='bbox 318 1710 477 1783; x_wconf 56' lang='grc' dir='ltr'><strong>21.ιῳιαεί</strong></span> <span class='ocrx_word' id='word_1_121' title='bbox 497 1727 637 1783; x_wconf 89' lang='lat' dir='ltr'><strong>magnum</strong></span> <span class='ocrx_word' id='word_1_122' title='bbox 658 1708 773 1782; x_wconf 90' lang='lat' dir='ltr'><strong>aliquid</strong></span> <span class='ocrx_word' id='word_1_123' title='bbox 792 1717 905 1765; x_wconf 86' lang='lat' dir='ltr'><strong>narrat.</strong></span> <span class='ocrx_word' id='word_1_124' title='bbox 948 1708 1088 1784; x_wconf 87' lang='lat' dir='ltr'><strong>Hyginus</strong></span> <span class='ocrx_word' id='word_1_125' title='bbox 1103 1717 1202 1767; x_wconf 91' lang='lat' dir='ltr'><strong>tamen</strong></span> <span class='ocrx_word' id='word_1_126' title='bbox 1217 1711 1283 1768; x_wconf 86' lang='lat' dir='ltr'><strong>fere</strong></span> 
     </span>
     <span class='ocr_line' id='line_1_16' title="bbox 146 1803 1283 1879; baseline 0 -16"><span class='ocrx_word' id='word_1_127' title='bbox 146 1805 283 1879; x_wconf 90' lang='lat' dir='ltr'><strong>aequalis</strong></span> <span class='ocrx_word' id='word_1_128' title='bbox 314 1804 444 1879; x_wconf 88' lang='lat' dir='ltr'><strong>Virgilio</strong></span> <span class='ocrx_word' id='word_1_129' title='bbox 475 1805 607 1861; x_wconf 89' lang='lat' dir='ltr'><strong>vivebat.</strong></span> <span class='ocrx_word' id='word_1_130' title='bbox 651 1803 873 1862; x_wconf 87' lang='lat' dir='ltr'><strong>Grammaticus</strong></span> <span class='ocrx_word' id='word_1_131' title='bbox 900 1804 987 1861; x_wconf 93' lang='lat' dir='ltr'><strong>multi</strong></span> <span class='ocrx_word' id='word_1_132' title='bbox 1019 1804 1161 1876; x_wconf 91' lang='lat' dir='ltr'><strong>nominis,</strong></span> <span class='ocrx_word' id='word_1_133' title='bbox 1188 1805 1283 1864; x_wconf 87' lang='lat' dir='ltr'><strong>Fidus</strong></span> 
     </span>
     <span class='ocr_line' id='line_1_17' title="bbox 147 1898 1284 1976; baseline -0.003 -16"><span class='ocrx_word' id='word_1_134' title='bbox 147 1900 291 1976; x_wconf 91' lang='lat' dir='ltr'><strong>Optatus,</strong></span> <span class='ocrx_word' id='word_1_135' title='bbox 308 1900 405 1956; x_wconf 90' lang='lat' dir='ltr'><strong>eidem</strong></span> <span class='ocrx_word' id='word_1_136' title='bbox 420 1898 521 1957; x_wconf 92' lang='lat' dir='ltr'><strong>Gellio</strong></span> <span class='ocrx_word' id='word_1_137' title='bbox 537 1898 668 1955; x_wconf 87' lang='lat' dir='ltr'><strong>ostendit</strong></span> <span class='ocrx_word' id='word_1_138' title='bbox 683 1898 794 1955; x_wconf 90' lang='lat' dir='ltr'><strong>librum</strong></span> <span class='ocrx_word' id='word_1_139' title='bbox 808 1898 963 1955; x_wconf 88' lang='lat' dir='ltr'><strong>Aeneidos</strong></span> <span class='ocrx_word' id='word_1_140' title='bbox 981 1900 1158 1971; x_wconf 89' lang='lat' dir='ltr'><strong>secundum,</strong></span> <span class='ocrx_word' id='word_1_141' title='bbox 1174 1900 1284 1958; x_wconf 90' lang='lat' dir='ltr'><strong>miran-</strong></span> 
     </span>
     <span class='ocr_line' id='line_1_18' title="bbox 147 1992 1285 2072; baseline 0.001 -19"><span class='ocrx_word' id='word_1_142' title='bbox 147 1997 203 2053; x_wconf 89' lang='lat' dir='ltr'><strong>dae</strong></span> <span class='ocrx_word' id='word_1_143' title='bbox 225 1995 398 2064; x_wconf 88' lang='lat' dir='ltr'><strong>vctustatis,</strong></span> <span class='ocrx_word' id='word_1_144' title='bbox 427 2002 538 2051; x_wconf 88' lang='lat' dir='ltr'><strong>emtum</strong></span> <span class='ocrx_word' id='word_1_145' title='bbox 566 1995 597 2050; x_wconf 95' lang='lat' dir='ltr'><strong>in</strong></span> <span class='ocrx_word' id='word_1_146' title='bbox 625 1992 798 2067; x_wconf 79' lang='lat' dir='ltr'><strong>Sigillariis,</strong></span> <span class='ocrx_word' id='word_1_147' title='bbox 821 1994 928 2067; x_wconf 82' lang='lat' dir='ltr'><strong>vIginti</strong></span> <span class='ocrx_word' id='word_1_148' title='bbox 949 1995 1066 2066; x_wconf 91' lang='lat' dir='ltr'><strong>aureis,</strong></span> <span class='ocrx_word' id='word_1_149' title='bbox 1088 2013 1173 2072; x_wconf 82' lang='lat' dir='ltr'><strong>quem</strong></span> <span class='ocrx_word' id='word_1_150' title='bbox 1191 1995 1285 2072; x_wconf 80' lang='lat' dir='ltr'><strong>ipsias</strong></span> 
     </span>
     <span class='ocr_line' id='line_1_19' title="bbox 155 2087 1285 2169; baseline 0.001 -22"><span class='ocrx_word' id='word_1_151' title='bbox 155 2089 277 2169; x_wconf 69' lang='lat' dir='ltr'><strong>Virgilii</strong></span> <span class='ocrx_word' id='word_1_152' title='bbox 288 2087 385 2168; x_wconf 73' lang='lat' dir='ltr'><strong>faiam</strong></span> <span class='ocrx_word' id='word_1_153' title='bbox 405 2087 593 2161; x_wconf 81' lang='lat' dir='ltr'><strong>credebatur,</strong></span> <span class='ocrx_word' id='word_1_154' title='bbox 613 2107 641 2144; x_wconf 93' lang='lat' dir='ltr'><strong>v.</strong></span> <span class='ocrx_word' id='word_1_155' title='bbox 665 2087 785 2146; x_wconf 85' lang='lat' dir='ltr'><strong>Gellius</strong></span> <span class='ocrx_word' id='word_1_156' title='bbox 807 2089 897 2146; x_wconf 92' lang='lat' dir='ltr'><strong>Noct.</strong></span> <span class='ocrx_word' id='word_1_157' title='bbox 919 2089 1014 2146; x_wconf 83' lang='lat' dir='ltr'><strong>Attio.</strong></span> <span class='ocrx_word' id='word_1_158' title='bbox 1036 2089 1079 2145; x_wconf 86' lang='lat'><strong>11.</strong></span> <span class='ocrx_word' id='word_1_159' title='bbox 1106 2090 1135 2145; x_wconf 87' lang='lat'><strong>3.</strong></span> <span class='ocrx_word' id='word_1_160' title='bbox 1182 2088 1285 2148; x_wconf 77' lang='lat' dir='ltr'><strong>Crede·</strong></span> 
     </span>
     <span class='ocr_line' id='line_1_20' title="bbox 147 2183 1286 2258; baseline -0.001 -14"><span class='ocrx_word' id='word_1_161' title='bbox 147 2186 246 2245; x_wconf 78' lang='lat' dir='ltr'><strong>batur.</strong></span> <span class='ocrx_word' id='word_1_162' title='bbox 288 2185 396 2258; x_wconf 90' lang='lat' dir='ltr'><strong>Itaque</strong></span> <span class='ocrx_word' id='word_1_163' title='bbox 417 2203 466 2242; x_wconf 92' lang='lat' dir='ltr'><strong>res</strong></span> <span class='ocrx_word' id='word_1_164' title='bbox 488 2204 548 2241; x_wconf 92' lang='lat' dir='ltr'><strong>non</strong></span> <span class='ocrx_word' id='word_1_165' title='bbox 571 2194 662 2241; x_wconf 89' lang='lat' dir='ltr'><strong>certa.</strong></span> <span class='ocrx_word' id='word_1_166' title='bbox 706 2184 746 2241; x_wconf 85' lang='lat' dir='ltr'><strong>Et</strong></span> <span class='ocrx_word' id='word_1_167' title='bbox 772 2202 861 2258; x_wconf 92' lang='lat' dir='ltr'><strong>qnam</strong></span> <span class='ocrx_word' id='word_1_168' title='bbox 882 2185 1020 2241; x_wconf 90' lang='lat' dir='ltr'><strong>miranda</strong></span> <span class='ocrx_word' id='word_1_169' title='bbox 1040 2183 1195 2241; x_wconf 83' lang='lat' dir='ltr'><strong>vetustas?</strong></span> <span class='ocrx_word' id='word_1_170' title='bbox 1237 2186 1286 2243; x_wconf 90' lang='lat' dir='ltr'><strong>Fi·</strong></span> 
     </span>
     <span class='ocr_line' id='line_1_21' title="bbox 148 2278 1286 2354; baseline -0.001 -17"><span class='ocrx_word' id='word_1_171' title='bbox 148 2281 203 2338; x_wconf 92' lang='lat' dir='ltr'><strong>dns</strong></span> <span class='ocrx_word' id='word_1_172' title='bbox 224 2280 275 2336; x_wconf 90' lang='lat' dir='ltr'><strong>ille</strong></span> <span class='ocrx_word' id='word_1_173' title='bbox 298 2278 429 2354; x_wconf 89' lang='lat' dir='ltr'><strong>Optatus</strong></span> <span class='ocrx_word' id='word_1_174' title='bbox 452 2278 553 2337; x_wconf 90' lang='lat' dir='ltr'><strong>Gellio</strong></span> <span class='ocrx_word' id='word_1_175' title='bbox 575 2287 674 2336; x_wconf 88' lang='lat' dir='ltr'><strong>aetate</strong></span> <span class='ocrx_word' id='word_1_176' title='bbox 696 2288 762 2336; x_wconf 87' lang='lat' dir='ltr'><strong>erat</strong></span> <span class='ocrx_word' id='word_1_177' title='bbox 782 2280 886 2336; x_wconf 91' lang='lat' dir='ltr'><strong>maior.</strong></span> <span class='ocrx_word' id='word_1_178' title='bbox 930 2278 1049 2337; x_wconf 84' lang='lat' dir='ltr'><strong>Gellius</strong></span> <span class='ocrx_word' id='word_1_179' title='bbox 1076 2281 1137 2336; x_wconf 92' lang='lat' dir='ltr'><strong>iam</strong></span> <span class='ocrx_word' id='word_1_180' title='bbox 1158 2281 1286 2338; x_wconf 89' lang='lat' dir='ltr'><strong>florebat</strong></span> 
     </span>
     <span class='ocr_line' id='line_1_22' title="bbox 147 2373 1286 2447; baseline 0.001 -16"><span class='ocrx_word' id='word_1_181' title='bbox 147 2394 175 2431; x_wconf 89' lang='lat' dir='ltr'><strong>a.</strong></span> <span class='ocrx_word' id='word_1_182' title='bbox 200 2375 267 2431; x_wconf 82' lang='lat'><strong>120.</strong></span> <span class='ocrx_word' id='word_1_183' title='bbox 310 2373 408 2447; x_wconf 90' lang='lat' dir='ltr'><strong>Igitur</strong></span> <span class='ocrx_word' id='word_1_184' title='bbox 441 2373 509 2432; x_wconf 89' lang='lat' dir='ltr'><strong>MS.</strong></span> <span class='ocrx_word' id='word_1_185' title='bbox 532 2381 652 2431; x_wconf 91' lang='lat' dir='ltr'><strong>centum</strong></span> <span class='ocrx_word' id='word_1_186' title='bbox 673 2373 735 2430; x_wconf 89' lang='lat' dir='ltr'><strong>fere</strong></span> <span class='ocrx_word' id='word_1_187' title='bbox 757 2393 904 2430; x_wconf 89' lang='lat' dir='ltr'><strong>annorum</strong></span> <span class='ocrx_word' id='word_1_188' title='bbox 925 2380 991 2429; x_wconf 87' lang='lat' dir='ltr'><strong>erat</strong></span> <span class='ocrx_word' id='word_1_189' title='bbox 1011 2374 1164 2431; x_wconf 88' lang='lat' dir='ltr'><strong>mirandae</strong></span> <span class='ocrx_word' id='word_1_190' title='bbox 1186 2385 1286 2432; x_wconf 92' lang='lat' dir='ltr'><strong>vetus·</strong></span> 
     </span>
     <span class='ocr_line' id='line_1_23' title="bbox 147 2469 1286 2528; baseline 0 0"><span class='ocrx_word' id='word_1_191' title='bbox 147 2472 228 2528; x_wconf 84' lang='lat' dir='ltr'><strong>tatis.</strong></span> <span class='ocrx_word' id='word_1_192' title='bbox 270 2469 436 2526; x_wconf 90' lang='lat' dir='ltr'><strong>Praeterea</strong></span> <span class='ocrx_word' id='word_1_193' title='bbox 461 2469 575 2526; x_wconf 85' lang='lat' dir='ltr'><strong>Romae</strong></span> <span class='ocrx_word' id='word_1_194' title='bbox 603 2470 654 2526; x_wconf 93' lang='lat' dir='ltr'><strong>diu</strong></span> <span class='ocrx_word' id='word_1_195' title='bbox 680 2477 750 2526; x_wconf 89' lang='lat' dir='ltr'><strong>ante</strong></span> <span class='ocrx_word' id='word_1_196' title='bbox 777 2469 962 2526; x_wconf 82' lang='lat' dir='ltr'><strong>Mavortiam</strong></span> <span class='ocrx_word' id='word_1_197' title='bbox 988 2470 1082 2526; x_wconf 89' lang='lat' dir='ltr'><strong>multa</strong></span> <span class='ocrx_word' id='word_1_198' title='bbox 1110 2470 1286 2528; x_wconf 90' lang='lat' dir='ltr'><strong>acciderunt</strong></span> 
     </span>
     <span class='ocr_line' id='line_1_24' title="bbox 147 2562 1287 2639; baseline -0.001 -16"><span class='ocrx_word' id='word_1_199' title='bbox 147 2566 232 2623; x_wconf 91' lang='lat' dir='ltr'><strong>libris</strong></span> <span class='ocrx_word' id='word_1_200' title='bbox 254 2573 285 2621; x_wconf 89' lang='lat' dir='ltr'><strong>et</strong></span> <span class='ocrx_word' id='word_1_201' title='bbox 304 2565 503 2622; x_wconf 90' lang='lat' dir='ltr'><strong>Bibliothecis</strong></span> <span class='ocrx_word' id='word_1_202' title='bbox 525 2565 706 2638; x_wconf 90' lang='lat' dir='ltr'><strong>perniciosa.</strong></span> <span class='ocrx_word' id='word_1_203' title='bbox 749 2564 797 2620; x_wconf 90' lang='lat' dir='ltr'><strong>Ne</strong></span> <span class='ocrx_word' id='word_1_204' title='bbox 820 2565 918 2621; x_wconf 88' lang='lat' dir='ltr'><strong>dicam</strong></span> <span class='ocrx_word' id='word_1_205' title='bbox 939 2565 976 2620; x_wconf 92' lang='lat' dir='ltr'><strong>de</strong></span> <span class='ocrx_word' id='word_1_206' title='bbox 997 2565 1065 2621; x_wconf 90' lang='lat' dir='ltr'><strong>odio</strong></span> <span class='ocrx_word' id='word_1_207' title='bbox 1082 2562 1239 2639; x_wconf 80' lang='lat' dir='ltr'><strong>Caligulae</strong></span> <span class='ocrx_word' id='word_1_208' title='bbox 1256 2575 1287 2622; x_wconf 91' lang='lat' dir='ltr'><strong>et</strong></span> 
     </span>
     <span class='ocr_line' id='line_1_25' title="bbox 147 2659 1284 2735; baseline -0.001 -17"><span class='ocrx_word' id='word_1_209' title='bbox 147 2661 298 2718; x_wconf 88' lang='lat' dir='ltr'><strong>Hadriani</strong></span> <span class='ocrx_word' id='word_1_210' title='bbox 318 2660 463 2716; x_wconf 86' lang='lat' dir='ltr'><strong>adversus</strong></span> <span class='ocrx_word' id='word_1_211' title='bbox 484 2659 757 2732; x_wconf 88' lang='lat' dir='ltr'><strong>praestantissimos</strong></span> <span class='ocrx_word' id='word_1_212' title='bbox 778 2660 952 2731; x_wconf 91' lang='lat' dir='ltr'><strong>historicos,</strong></span> <span class='ocrx_word' id='word_1_213' title='bbox 970 2669 1104 2717; x_wconf 90' lang='lat' dir='ltr'><strong>oratores</strong></span> <span class='ocrx_word' id='word_1_214' title='bbox 1120 2669 1150 2717; x_wconf 91' lang='lat' dir='ltr'><strong>et</strong></span> <span class='ocrx_word' id='word_1_215' title='bbox 1164 2667 1284 2735; x_wconf 70' lang='lat' dir='ltr'><strong>politas,</strong></span> 
     </span>
     <span class='ocr_line' id='line_1_26' title="bbox 149 2754 1286 2830; baseline 0 -17"><span class='ocrx_word' id='word_1_216' title='bbox 149 2757 292 2830; x_wconf 91' lang='lat' dir='ltr'><strong>quiante</strong></span> <span class='ocrx_word' id='word_1_217' title='bbox 314 2756 487 2828; x_wconf 89' lang='lat' dir='ltr'><strong>Angustum</strong></span> <span class='ocrx_word' id='word_1_218' title='bbox 509 2761 539 2810; x_wconf 90' lang='lat' dir='ltr'><strong>ct</strong></span> <span class='ocrx_word' id='word_1_219' title='bbox 558 2754 699 2828; x_wconf 85' lang='lat' dir='ltr'><strong>Augusto</strong></span> <span class='ocrx_word' id='word_1_220' title='bbox 720 2754 841 2811; x_wconf 90' lang='lat' dir='ltr'><strong>vivente</strong></span> <span class='ocrx_word' id='word_1_221' title='bbox 864 2755 1001 2826; x_wconf 88' lang='lat' dir='ltr'><strong>fuerunt,</strong></span> <span class='ocrx_word' id='word_1_222' title='bbox 1024 2765 1058 2812; x_wconf 89' lang='lat' dir='ltr'><strong>ut</strong></span> <span class='ocrx_word' id='word_1_223' title='bbox 1072 2764 1189 2812; x_wconf 91' lang='lat' dir='ltr'><strong>taceam</strong></span> <span class='ocrx_word' id='word_1_224' title='bbox 1203 2756 1286 2814; x_wconf 87' lang='lat' dir='ltr'><strong>bella</strong></span> 
     </span>
     <span class='ocr_line' id='line_1_27' title="bbox 149 2853 1286 2928; baseline -0.001 -17"><span class='ocrx_word' id='word_1_225' title='bbox 149 2863 180 2911; x_wconf 91' lang='lat' dir='ltr'><strong>et</strong></span> <span class='ocrx_word' id='word_1_226' title='bbox 207 2854 386 2928; x_wconf 91' lang='lat' dir='ltr'><strong>populorum</strong></span> <span class='ocrx_word' id='word_1_227' title='bbox 417 2853 614 2909; x_wconf 89' lang='lat' dir='ltr'><strong>barbarorum</strong></span> <span class='ocrx_word' id='word_1_228' title='bbox 639 2853 827 2910; x_wconf 90' lang='lat' dir='ltr'><strong>incursiones</strong></span> <span class='ocrx_word' id='word_1_229' title='bbox 856 2854 886 2910; x_wconf 92' lang='lat' dir='ltr'><strong>in</strong></span> <span class='ocrx_word' id='word_1_230' title='bbox 917 2853 1052 2924; x_wconf 88' lang='lat' dir='ltr'><strong>Italiam,</strong></span> <span class='ocrx_word' id='word_1_231' title='bbox 1080 2872 1170 2927; x_wconf 91' lang='lat' dir='ltr'><strong>quam</strong></span> <span class='ocrx_word' id='word_1_232' title='bbox 1189 2854 1286 2910; x_wconf 92' lang='lat' dir='ltr'><strong>multa</strong></span> 
     </span>
     <span class='ocr_line' id='line_1_28' title="bbox 148 2946 1285 3023; baseline 0 -17"><span class='ocrx_word' id='word_1_233' title='bbox 148 2948 290 3006; x_wconf 88' lang='lat' dir='ltr'><strong>incendia</strong></span> <span class='ocrx_word' id='word_1_234' title='bbox 314 2966 438 3021; x_wconf 88' lang='lat' dir='ltr'><strong>magnas</strong></span> <span class='ocrx_word' id='word_1_235' title='bbox 464 2948 548 3004; x_wconf 88' lang='lat' dir='ltr'><strong>urbis</strong></span> <span class='ocrx_word' id='word_1_236' title='bbox 579 2957 682 3022; x_wconf 90' lang='lat' dir='ltr'><strong>partes</strong></span> <span class='ocrx_word' id='word_1_237' title='bbox 709 2946 904 3004; x_wconf 85' lang='lat' dir='ltr'><strong>deleverunt?</strong></span> <span class='ocrx_word' id='word_1_238' title='bbox 946 2949 1131 3023; x_wconf 86' lang='lat' dir='ltr'><strong>Imperatore</strong></span> <span class='ocrx_word' id='word_1_239' title='bbox 1160 2949 1285 3006; x_wconf 91' lang='lat' dir='ltr'><strong>Tiberio</strong></span> 
     </span>
     <span class='ocr_line' id='line_1_29' title="bbox 150 3041 1286 3118; baseline 0.001 -18"><span class='ocrx_word' id='word_1_240' title='bbox 150 3045 268 3100; x_wconf 88' lang='lat' dir='ltr'><strong>flamma</strong></span> <span class='ocrx_word' id='word_1_241' title='bbox 288 3043 335 3099; x_wconf 92' lang='lat' dir='ltr'><strong>bis</strong></span> <span class='ocrx_word' id='word_1_242' title='bbox 357 3043 477 3111; x_wconf 90' lang='lat' dir='ltr'><strong>saeviit;</strong></span> <span class='ocrx_word' id='word_1_243' title='bbox 499 3041 636 3114; x_wconf 90' lang='lat' dir='ltr'><strong>Nerone,</strong></span> <span class='ocrx_word' id='word_1_244' title='bbox 666 3062 721 3118; x_wconf 89' lang='lat' dir='ltr'><strong>per</strong></span> <span class='ocrx_word' id='word_1_245' title='bbox 742 3052 858 3118; x_wconf 88' lang='lat' dir='ltr'><strong>septem</strong></span> <span class='ocrx_word' id='word_1_246' title='bbox 878 3052 982 3101; x_wconf 90' lang='lat' dir='ltr'><strong>noctes</strong></span> <span class='ocrx_word' id='word_1_247' title='bbox 1004 3053 1035 3101; x_wconf 93' lang='lat' dir='ltr'><strong>et</strong></span> <span class='ocrx_word' id='word_1_248' title='bbox 1055 3063 1110 3101; x_wconf 86' lang='lat' dir='ltr'><strong>sex</strong></span> <span class='ocrx_word' id='word_1_249' title='bbox 1132 3045 1210 3113; x_wconf 90' lang='lat' dir='ltr'><strong>dies;</strong></span> <span class='ocrx_word' id='word_1_250' title='bbox 1232 3045 1286 3101; x_wconf 95' lang='lat' dir='ltr'><strong>Vi-</strong></span> 
     </span>
     <span class='ocr_line' id='line_1_30' title="bbox 149 3135 1285 3212; baseline 0.001 -17"><span class='ocrx_word' id='word_1_251' title='bbox 149 3138 247 3208; x_wconf 91' lang='lat' dir='ltr'><strong>tellio,</strong></span> <span class='ocrx_word' id='word_1_252' title='bbox 280 3138 355 3194; x_wconf 90' lang='lat' dir='ltr'><strong>arsit</strong></span> <span class='ocrx_word' id='word_1_253' title='bbox 388 3135 584 3211; x_wconf 79' lang='lat' dir='ltr'><strong>Capitolium3</strong></span> <span class='ocrx_word' id='word_1_254' title='bbox 615 3138 701 3209; x_wconf 90' lang='lat' dir='ltr'><strong>Tito,</strong></span> <span class='ocrx_word' id='word_1_255' title='bbox 726 3139 804 3212; x_wconf 90' lang='lat' dir='ltr'><strong>ignis</strong></span> <span class='ocrx_word' id='word_1_256' title='bbox 826 3139 959 3195; x_wconf 91' lang='lat' dir='ltr'><strong>triduum</strong></span> <span class='ocrx_word' id='word_1_257' title='bbox 980 3147 1011 3195; x_wconf 89' lang='lat' dir='ltr'><strong>et</strong></span> <span class='ocrx_word' id='word_1_258' title='bbox 1031 3140 1158 3196; x_wconf 91' lang='lat' dir='ltr'><strong>totidem</strong></span> <span class='ocrx_word' id='word_1_259' title='bbox 1179 3149 1285 3196; x_wconf 90' lang='lat' dir='ltr'><strong>noctes</strong></span> 
     </span>
     <span class='ocr_line' id='line_1_31' title="bbox 149 3230 1284 3308; baseline 0.001 -19"><span class='ocrx_word' id='word_1_260' title='bbox 149 3242 303 3308; x_wconf 90' lang='lat' dir='ltr'><strong>grassatus</strong></span> <span class='ocrx_word' id='word_1_261' title='bbox 329 3240 388 3301; x_wconf 88' lang='lat' dir='ltr'><strong>est;</strong></span> <span class='ocrx_word' id='word_1_262' title='bbox 412 3230 588 3302; x_wconf 86' lang='lat' dir='ltr'><strong>Commodo,</strong></span> <span class='ocrx_word' id='word_1_263' title='bbox 612 3232 756 3307; x_wconf 89' lang='lat' dir='ltr'><strong>plurimos</strong></span> <span class='ocrx_word' id='word_1_264' title='bbox 778 3233 851 3289; x_wconf 92' lang='lat' dir='ltr'><strong>dies.</strong></span> <span class='ocrx_word' id='word_1_265' title='bbox 894 3234 954 3290; x_wconf 91' lang='lat' dir='ltr'><strong>Tot</strong></span> <span class='ocrx_word' id='word_1_266' title='bbox 978 3235 1119 3290; x_wconf 87' lang='lat' dir='ltr'><strong>incendia</strong></span> <span class='ocrx_word' id='word_1_267' title='bbox 1143 3244 1205 3291; x_wconf 89' lang='lat' dir='ltr'><strong>tam</strong></span> <span class='ocrx_word' id='word_1_268' title='bbox 1233 3236 1284 3291; x_wconf 94' lang='lat' dir='ltr'><strong>diu</strong></span> 
     </span>
     <span class='ocr_line' id='line_1_32' title="bbox 150 3328 1284 3403; baseline 0.001 -18"><span class='ocrx_word' id='word_1_269' title='bbox 150 3329 339 3399; x_wconf 88' lang='lat' dir='ltr'><strong>continuata,</strong></span> <span class='ocrx_word' id='word_1_270' title='bbox 362 3336 505 3402; x_wconf 88' lang='lat' dir='ltr'><strong>quantam</strong></span> <span class='ocrx_word' id='word_1_271' title='bbox 525 3328 671 3385; x_wconf 92' lang='lat' dir='ltr'><strong>librorum</strong></span> <span class='ocrx_word' id='word_1_272' title='bbox 691 3328 912 3385; x_wconf 89' lang='lat' dir='ltr'><strong>multitudinem</strong></span> <span class='ocrx_word' id='word_1_273' title='bbox 933 3330 965 3384; x_wconf 93' lang='lat' dir='ltr'><strong>in</strong></span> <span class='ocrx_word' id='word_1_274' title='bbox 988 3329 1125 3386; x_wconf 91' lang='lat' dir='ltr'><strong>domibus</strong></span> <span class='ocrx_word' id='word_1_275' title='bbox 1144 3331 1284 3403; x_wconf 88' lang='lat' dir='ltr'><strong>privatis,</strong></span> 
     </span>
     <span class='ocr_line' id='line_1_33' title="bbox 150 3421 1286 3497; baseline 0.001 -17"><span class='ocrx_word' id='word_1_276' title='bbox 150 3431 293 3497; x_wconf 88' lang='lat' dir='ltr'><strong>quantam</strong></span> <span class='ocrx_word' id='word_1_277' title='bbox 324 3424 356 3480; x_wconf 91' lang='lat' dir='ltr'><strong>in</strong></span> <span class='ocrx_word' id='word_1_278' title='bbox 388 3423 587 3480; x_wconf 88' lang='lat' dir='ltr'><strong>Bibliothecis</strong></span> <span class='ocrx_word' id='word_1_279' title='bbox 618 3423 747 3497; x_wconf 93' lang='lat' dir='ltr'><strong>publicis</strong></span> <span class='ocrx_word' id='word_1_280' title='bbox 781 3421 976 3481; x_wconf 84' lang='lat' dir='ltr'><strong>deleverunt?</strong></span> <span class='ocrx_word' id='word_1_281' title='bbox 1021 3424 1168 3481; x_wconf 91' lang='lat' dir='ltr'><strong>Novimus</strong></span> <span class='ocrx_word' id='word_1_282' title='bbox 1200 3426 1286 3482; x_wconf 90' lang='lat' dir='ltr'><strong>varia</strong></span> 
     </span>
     <span class='ocr_line' id='line_1_34' title="bbox 149 3516 1285 3593; baseline 0.002 -19"><span class='ocrx_word' id='word_1_283' title='bbox 149 3518 262 3593; x_wconf 91' lang='lat' dir='ltr'><strong>templa</strong></span> <span class='ocrx_word' id='word_1_284' title='bbox 283 3519 483 3592; x_wconf 88' lang='lat' dir='ltr'><strong>conflagrasse</strong></span> <span class='ocrx_word' id='word_1_285' title='bbox 500 3516 521 3574; x_wconf 85' lang='lat'><strong>¹.</strong></span> <span class='ocrx_word' id='word_1_286' title='bbox 562 3518 601 3574; x_wconf 91' lang='lat' dir='ltr'><strong>In</strong></span> <span class='ocrx_word' id='word_1_287' title='bbox 622 3518 741 3592; x_wconf 91' lang='lat' dir='ltr'><strong>templis</strong></span> <span class='ocrx_word' id='word_1_288' title='bbox 763 3526 863 3575; x_wconf 86' lang='lat' dir='ltr'><strong>autem</strong></span> <span class='ocrx_word' id='word_1_289' title='bbox 886 3527 973 3575; x_wconf 89' lang='lat' dir='ltr'><strong>erant</strong></span> <span class='ocrx_word' id='word_1_290' title='bbox 987 3519 1205 3576; x_wconf 90' lang='lat' dir='ltr'><strong>Bibliothecae.</strong></span> <span class='ocrx_word' id='word_1_291' title='bbox 1235 3520 1285 3577; x_wconf 92' lang='lat' dir='ltr'><strong>Ita</strong></span> 
     </span>
    </p>
   </div>
   <div class='ocr_carea' id='block_1_3' title="bbox 143 3739 1286 4442">
    <p class='ocr_par' dir='ltr' id='par_1_3' title="bbox 143 3739 1286 4442">
     <span class='ocr_line' id='line_1_35' title="bbox 185 3739 1285 3803; baseline 0.004 -15"><span class='ocrx_word' id='word_1_292' title='bbox 185 3739 191 3770; x_wconf 89' lang='lat'>¹</span> <span class='ocrx_word' id='word_1_293' title='bbox 211 3739 295 3788; x_wconf 89' lang='lat' dir='ltr'><strong>Multa</strong></span> <span class='ocrx_word' id='word_1_294' title='bbox 309 3746 436 3803; x_wconf 88' lang='lat' dir='ltr'><strong>praeterea</strong></span> <span class='ocrx_word' id='word_1_295' title='bbox 451 3741 566 3803; x_wconf 89' lang='lat' dir='ltr'><strong>exempla</strong></span> <span class='ocrx_word' id='word_1_296' title='bbox 587 3743 614 3789; x_wconf 93' lang='lat' dir='ltr'><strong>in</strong></span> <span class='ocrx_word' id='word_1_297' title='bbox 630 3742 759 3791; x_wconf 89' lang='lat' dir='ltr'><strong>Historicis</strong></span> <span class='ocrx_word' id='word_1_298' title='bbox 776 3742 944 3791; x_wconf 88' lang='lat' dir='ltr'><strong>inveniuntur.</strong></span> <span class='ocrx_word' id='word_1_299' title='bbox 977 3743 1043 3793; x_wconf 87' lang='lat' dir='ltr'><strong>Satis</strong></span> <span class='ocrx_word' id='word_1_300' title='bbox 1060 3743 1156 3792; x_wconf 88' lang='lat' dir='ltr'><strong>habebo</strong></span> <span class='ocrx_word' id='word_1_301' title='bbox 1171 3742 1285 3792; x_wconf 83' lang='lat' dir='ltr'><strong>laudasse</strong></span> 
     </span>
     <span class='ocr_line' id='line_1_36' title="bbox 150 3818 1283 3886; baseline 0.003 -19"><span class='ocrx_word' id='word_1_302' title='bbox 150 3818 279 3867; x_wconf 86' lang='lat' dir='ltr'><strong>Ammiani</strong></span> <span class='ocrx_word' id='word_1_303' title='bbox 296 3818 437 3867; x_wconf 88' lang='lat' dir='ltr'><strong>Marcellini</strong></span> <span class='ocrx_word' id='word_1_304' title='bbox 454 3819 559 3877; x_wconf 88' lang='lat' dir='ltr'><strong>XXIII,</strong></span> <span class='ocrx_word' id='word_1_305' title='bbox 576 3837 600 3883; x_wconf 86' lang='lat' dir='ltr'><strong>p.</strong></span> <span class='ocrx_word' id='word_1_306' title='bbox 617 3821 674 3871; x_wconf 82' lang='lat'><strong>258.</strong></span> <span class='ocrx_word' id='word_1_307' title='bbox 709 3820 820 3869; x_wconf 78' lang='lat' dir='ltr'><strong>Palatini</strong></span> <span class='ocrx_word' id='word_1_308' title='bbox 838 3821 962 3884; x_wconf 78' lang='lat' dir='ltr'><strong>Apollinis</strong></span> <span class='ocrx_word' id='word_1_309' title='bbox 982 3824 1094 3886; x_wconf 81' lang='lat' dir='ltr'><strong>temptam</strong></span> <span class='ocrx_word' id='word_1_310' title='bbox 1111 3822 1138 3869; x_wconf 89' lang='lat' dir='ltr'><strong>in</strong></span> <span class='ocrx_word' id='word_1_311' title='bbox 1154 3823 1211 3869; x_wconf 84' lang='lat' dir='ltr'><strong>nrbe</strong></span> <span class='ocrx_word' id='word_1_312' title='bbox 1228 3836 1283 3871; x_wconf 88' lang='lat' dir='ltr'><strong>con·</strong></span> 
     </span>
     <span class='ocr_line' id='line_1_37' title="bbox 143 3895 1286 3963; baseline 0.003 -18"><span class='ocrx_word' id='word_1_313' title='bbox 143 3895 264 3962; x_wconf 68' lang='lat' dir='ltr'><strong>flagravit</strong></span> <span class='ocrx_word' id='word_1_314' title='bbox 280 3901 387 3946; x_wconf 86' lang='lat' dir='ltr'><strong>aeterna.</strong></span> <span class='ocrx_word' id='word_1_315' title='bbox 423 3897 478 3958; x_wconf 81' lang='lat' dir='ltr'><strong>Ubi,</strong></span> <span class='ocrx_word' id='word_1_316' title='bbox 498 3898 524 3946; x_wconf 87' lang='lat' dir='ltr'><strong>ni</strong></span> <span class='ocrx_word' id='word_1_317' title='bbox 540 3899 667 3963; x_wconf 74' lang='lat' dir='ltr'><strong>multiplea</strong></span> <span class='ocrx_word' id='word_1_318' title='bbox 683 3900 782 3949; x_wconf 77' lang='lat' dir='ltr'><strong>iniisset</strong></span> <span class='ocrx_word' id='word_1_319' title='bbox 798 3901 933 3959; x_wconf 72' lang='lat' dir='ltr'><strong>ancilium,</strong></span> <span class='ocrx_word' id='word_1_320' title='bbox 960 3902 1034 3950; x_wconf 85' lang='lat' dir='ltr'><strong>eliam</strong></span> <span class='ocrx_word' id='word_1_321' title='bbox 1054 3902 1160 3950; x_wconf 81' lang='lat' dir='ltr'><strong>Cumana</strong></span> <span class='ocrx_word' id='word_1_322' title='bbox 1177 3901 1286 3949; x_wconf 81' lang='lat' dir='ltr'><strong>carmina</strong></span> 
     </span>
     <span class='ocr_line' id='line_1_38' title="bbox 148 3976 1285 4045; baseline 0.006 -22"><span class='ocrx_word' id='word_1_323' title='bbox 148 3979 309 4024; x_wconf 78' lang='lat' dir='ltr'><strong>consumserat</strong></span> <span class='ocrx_word' id='word_1_324' title='bbox 324 3976 463 4040; x_wconf 74' lang='lat' dir='ltr'><strong>mnynitnalo</strong></span> <span class='ocrx_word' id='word_1_325' title='bbox 474 3979 636 4043; x_wconf 79' lang='lat' dir='ltr'><strong>flammarum.</strong></span> <span class='ocrx_word' id='word_1_326' title='bbox 673 3980 744 4029; x_wconf 89' lang='lat' dir='ltr'><strong>Idem</strong></span> <span class='ocrx_word' id='word_1_327' title='bbox 761 3980 873 4038; x_wconf 92' lang='lat' dir='ltr'><strong>XXIX,</strong></span> <span class='ocrx_word' id='word_1_328' title='bbox 890 3997 914 4045; x_wconf 85' lang='lat' dir='ltr'><strong>p.</strong></span> <span class='ocrx_word' id='word_1_329' title='bbox 933 3981 989 4030; x_wconf 83' lang='lat'><strong>418.</strong></span> <span class='ocrx_word' id='word_1_330' title='bbox 1023 3981 1084 4028; x_wconf 85' lang='lat' dir='ltr'><strong>Inde</strong></span> <span class='ocrx_word' id='word_1_331' title='bbox 1102 3980 1143 4042; x_wconf 87' lang='lat' dir='ltr'><strong>(ex</strong></span> <span class='ocrx_word' id='word_1_332' title='bbox 1159 3988 1227 4029; x_wconf 88' lang='lat' dir='ltr'><strong>metu</strong></span> <span class='ocrx_word' id='word_1_333' title='bbox 1244 3983 1285 4031; x_wconf 90' lang='lat' dir='ltr'><strong>de-</strong></span> 
     </span>
     <span class='ocr_line' id='line_1_39' title="bbox 148 4055 1284 4120; baseline 0.004 -18"><span class='ocrx_word' id='word_1_334' title='bbox 148 4055 266 4117; x_wconf 78' lang='lat' dir='ltr'><strong>latarum)</strong></span> <span class='ocrx_word' id='word_1_335' title='bbox 278 4056 376 4117; x_wconf 82' lang='lat' dir='ltr'><strong>saetam</strong></span> <span class='ocrx_word' id='word_1_336' title='bbox 393 4059 430 4102; x_wconf 80' lang='lat' dir='ltr'><strong>est</strong></span> <span class='ocrx_word' id='word_1_337' title='bbox 443 4072 487 4119; x_wconf 83' lang='lat' dir='ltr'><strong>per</strong></span> <span class='ocrx_word' id='word_1_338' title='bbox 506 4056 642 4106; x_wconf 80' lang='lat' dir='ltr'><strong>orientales</strong></span> <span class='ocrx_word' id='word_1_339' title='bbox 649 4057 796 4120; x_wconf 79' lang='lat' dir='ltr'><strong>praeincias,</strong></span> <span class='ocrx_word' id='word_1_340' title='bbox 814 4063 842 4106; x_wconf 87' lang='lat' dir='ltr'><strong>at</strong></span> <span class='ocrx_word' id='word_1_341' title='bbox 853 4073 932 4107; x_wconf 81' lang='lat' dir='ltr'><strong>ornnes</strong></span> <span class='ocrx_word' id='word_1_342' title='bbox 943 4063 1071 4107; x_wconf 73' lang='lat' dir='ltr'><strong>exererent</strong></span> <span class='ocrx_word' id='word_1_343' title='bbox 1082 4058 1185 4106; x_wconf 83' lang='lat' dir='ltr'><strong>libraria</strong></span> <span class='ocrx_word' id='word_1_344' title='bbox 1196 4060 1284 4107; x_wconf 86' lang='lat' dir='ltr'><strong>onnia.</strong></span> 
     </span>
     <span class='ocr_line' id='line_1_40' title="bbox 149 4135 1285 4202; baseline 0.004 -18"><span class='ocrx_word' id='word_1_345' title='bbox 149 4136 196 4184; x_wconf 91' lang='lat' dir='ltr'><strong>His</strong></span> <span class='ocrx_word' id='word_1_346' title='bbox 213 4135 285 4183; x_wconf 88' lang='lat' dir='ltr'><strong>malis</strong></span> <span class='ocrx_word' id='word_1_347' title='bbox 302 4137 432 4185; x_wconf 88' lang='lat' dir='ltr'><strong>accedebat</strong></span> <span class='ocrx_word' id='word_1_348' title='bbox 448 4137 577 4186; x_wconf 90' lang='lat' dir='ltr'><strong>hominum</strong></span> <span class='ocrx_word' id='word_1_349' title='bbox 594 4139 696 4188; x_wconf 89' lang='lat' dir='ltr'><strong>incuria.</strong></span> <span class='ocrx_word' id='word_1_350' title='bbox 731 4139 831 4188; x_wconf 88' lang='lat' dir='ltr'><strong>Tacitus</strong></span> <span class='ocrx_word' id='word_1_351' title='bbox 848 4140 995 4202; x_wconf 89' lang='lat' dir='ltr'><strong>Imperator,</strong></span> <span class='ocrx_word' id='word_1_352' title='bbox 1011 4139 1157 4190; x_wconf 83' lang='lat' dir='ltr'><strong>Cornelium</strong></span> <span class='ocrx_word' id='word_1_353' title='bbox 1169 4140 1285 4188; x_wconf 90' lang='lat' dir='ltr'><strong>Tacitum</strong></span> 
     </span>
     <span class='ocr_line' id='line_1_41' title="bbox 149 4213 1285 4282; baseline 0.006 -22"><span class='ocrx_word' id='word_1_354' title='bbox 149 4213 175 4260; x_wconf 92' lang='lat' dir='ltr'><strong>in</strong></span> <span class='ocrx_word' id='word_1_355' title='bbox 191 4213 306 4262; x_wconf 91' lang='lat' dir='ltr'><strong>omnibus</strong></span> <span class='ocrx_word' id='word_1_356' title='bbox 322 4214 475 4264; x_wconf 88' lang='lat' dir='ltr'><strong>bibliothecis</strong></span> <span class='ocrx_word' id='word_1_357' title='bbox 491 4217 608 4265; x_wconf 87' lang='lat' dir='ltr'><strong>collocari</strong></span> <span class='ocrx_word' id='word_1_358' title='bbox 624 4218 708 4266; x_wconf 91' lang='lat' dir='ltr'><strong>iussit:</strong></span> <span class='ocrx_word' id='word_1_359' title='bbox 726 4225 750 4267; x_wconf 92' lang='lat' dir='ltr'><strong>et</strong></span> <span class='ocrx_word' id='word_1_360' title='bbox 766 4234 798 4267; x_wconf 91' lang='lat' dir='ltr'><strong>ne</strong></span> <span class='ocrx_word' id='word_1_361' title='bbox 814 4219 934 4267; x_wconf 88' lang='lat' dir='ltr'><strong>lectorum</strong></span> <span class='ocrx_word' id='word_1_362' title='bbox 946 4219 1043 4268; x_wconf 88' lang='lat' dir='ltr'><strong>incuria</strong></span> <span class='ocrx_word' id='word_1_363' title='bbox 1055 4219 1183 4282; x_wconf 88' lang='lat' dir='ltr'><strong>deperiret,</strong></span> <span class='ocrx_word' id='word_1_364' title='bbox 1192 4219 1285 4267; x_wconf 90' lang='lat' dir='ltr'><strong>librum</strong></span> 
     </span>
     <span class='ocr_line' id='line_1_42' title="bbox 149 4291 1284 4361; baseline 0.007 -23"><span class='ocrx_word' id='word_1_365' title='bbox 149 4305 193 4354; x_wconf 88' lang='lat' dir='ltr'><strong>per</strong></span> <span class='ocrx_word' id='word_1_366' title='bbox 210 4304 286 4340; x_wconf 87' lang='lat' dir='ltr'><strong>annos</strong></span> <span class='ocrx_word' id='word_1_367' title='bbox 303 4291 415 4356; x_wconf 88' lang='lat' dir='ltr'><strong>singulos</strong></span> <span class='ocrx_word' id='word_1_368' title='bbox 433 4294 511 4344; x_wconf 88' lang='lat' dir='ltr'><strong>decies</strong></span> <span class='ocrx_word' id='word_1_369' title='bbox 528 4295 600 4343; x_wconf 87' lang='lat' dir='ltr'><strong>scribi</strong></span> <span class='ocrx_word' id='word_1_370' title='bbox 616 4296 749 4359; x_wconf 89' lang='lat' dir='ltr'><strong>publicitus</strong></span> <span class='ocrx_word' id='word_1_371' title='bbox 766 4298 802 4359; x_wconf 85' lang='lat' dir='ltr'><strong>(in</strong></span> <span class='ocrx_word' id='word_1_372' title='bbox 819 4298 909 4355; x_wconf 86' lang='lat' dir='ltr'><strong>evicis,</strong></span> <span class='ocrx_word' id='word_1_373' title='bbox 935 4298 1034 4361; x_wconf 87' lang='lat' dir='ltr'><strong>archiis)</strong></span> <span class='ocrx_word' id='word_1_374' title='bbox 1054 4299 1140 4357; x_wconf 91' lang='lat' dir='ltr'><strong>iussit,</strong></span> <span class='ocrx_word' id='word_1_375' title='bbox 1165 4305 1190 4348; x_wconf 85' lang='lat' dir='ltr'><strong>et</strong></span> <span class='ocrx_word' id='word_1_376' title='bbox 1206 4299 1232 4346; x_wconf 92' lang='lat' dir='ltr'><strong>in</strong></span> <span class='ocrx_word' id='word_1_377' title='bbox 1249 4299 1284 4347; x_wconf 92' lang='lat' dir='ltr'><strong>bi-</strong></span> 
     </span>
     <span class='ocr_line' id='line_1_43' title="bbox 150 4369 1285 4442; baseline 0.009 -25"><span class='ocrx_word' id='word_1_378' title='bbox 150 4369 277 4420; x_wconf 86' lang='lat' dir='ltr'><strong>bliothecis</strong></span> <span class='ocrx_word' id='word_1_379' title='bbox 293 4373 358 4436; x_wconf 88' lang='lat' dir='ltr'><strong>poni.</strong></span> <span class='ocrx_word' id='word_1_380' title='bbox 392 4374 485 4426; x_wconf 87' lang='lat' dir='ltr'><strong>Narrat</strong></span> <span class='ocrx_word' id='word_1_381' title='bbox 508 4376 630 4440; x_wconf 87' lang='lat' dir='ltr'><strong>Vopiscus</strong></span> <span class='ocrx_word' id='word_1_382' title='bbox 655 4377 680 4424; x_wconf 91' lang='lat' dir='ltr'><strong>in</strong></span> <span class='ocrx_word' id='word_1_383' title='bbox 705 4378 767 4427; x_wconf 88' lang='lat' dir='ltr'><strong>Vita</strong></span> <span class='ocrx_word' id='word_1_384' title='bbox 783 4379 872 4428; x_wconf 88' lang='lat' dir='ltr'><strong>Taciti.</strong></span> <span class='ocrx_word' id='word_1_385' title='bbox 892 4380 930 4428; x_wconf 91' lang='lat'><strong>10.</strong></span> <span class='ocrx_word' id='word_1_386' title='bbox 964 4379 1040 4428; x_wconf 88' lang='lat' dir='ltr'><strong>Malis</strong></span> <span class='ocrx_word' id='word_1_387' title='bbox 1058 4379 1285 4442; x_wconf 85' lang='lat' dir='ltr'><strong>accedebatopinio</strong></span> 
     </span>
    </p>
   </div>
   <div class='ocr_carea' id='block_1_4' title="bbox 0 0 1471 5220">
    <p class='ocr_par' dir='ltr' id='par_1_4' title="bbox 0 0 1471 5220">
     <span class='ocr_line' id='line_1_44' title="bbox 0 0 1471 5220; baseline 0 0"><span class='ocrx_word' id='word_1_388' title='bbox 0 0 1471 5220; x_wconf 95' lang='lat' dir='ltr'><strong> </strong></span> 
     </span>
    </p>
   </div>
  </div>
 </body>
</html>
