2916 5220
568 313 743 376 LIBER
789 314 815 375 l.

209 499 262 563 Me
286 521 413 585 qnoque
436 498 551 564 devexi
574 499 707 584 rapidus
731 520 838 564 comes
864 498 994 564 Orionis

298 601 439 685 Illyricis
463 602 570 668 Notus
594 602 703 667 obruit
726 602 833 666 undis.

207 705 254 769 At
278 711 331 787 tu,
356 710 476 787 nanta,
500 727 604 790 vagae
626 727 668 769 ne
691 727 787 790 parce
810 706 977 793 malignus
1002 729 1116 772 arenae

296 807 434 873 Ossibus
457 813 491 873 et
513 808 614 894 capiti
637 809 809 873 inhumato

210 909 411 974 Particulam
434 910 525 975 dare:
551 911 615 992 sie,
640 911 866 996 quodcumque
889 912 1069 978 minabitur
1093 911 1199 977 Eurus

297 1013 470 1079 Fluctibus
496 1013 683 1099 Hesperiis,
707 1014 896 1080 Venusinae

208 1116 399 1181 Flectuntur
421 1115 542 1199 silvae,
567 1123 599 1181 te
623 1116 762 1201 sospite,
788 1117 957 1204 multaque
981 1141 1120 1200 merces,

295 1219 392 1288 Unde
414 1226 542 1305 potest,
567 1219 630 1285 tibi
653 1219 776 1285 defluat
799 1242 902 1306 aequo

207 1323 260 1387 Ab
284 1324 361 1388 Iove
383 1323 603 1408 Neptunoque
626 1323 708 1388 sacri
732 1324 867 1388 custode
889 1324 1028 1389 Tarenti.

296 1426 448 1512 Negligis
472 1425 645 1491 immeritis
670 1425 853 1490 nocituram

211 1529 392 1595 Postmodo
416 1536 449 1594 te
472 1529 559 1595 natis
584 1529 731 1594 fraudem
755 1530 979 1595 committere?
1003 1531 1082 1596 Fors
1106 1538 1139 1596 et

109 1706 215 1767 sunau.
248 1707 344 1755 Versus
361 1706 485 1763 inficetas,
506 1706 558 1754 sine
575 1705 664 1768 pronde·
706 1713 753 1755 est:
772 1705 871 1755 nullum
888 1720 938 1755 non
955 1713 1029 1769 caput
1047 1706 1195 1770 Proserpina
1213 1723 1254 1758 ex-

115 1799 150 1833 re.
177 1784 305 1835 Sententia
321 1786 351 1835 de
368 1786 511 1835 necessitate
520 1785 664 1833 mortisiam
706 1785 789 1847 petiit:
819 1799 865 1834 nec
896 1799 954 1834 sane
981 1784 1114 1836 offenderet
1138 1785 1169 1834 P.
1195 1787 1215 1834 si
1241 1804 1256 1836 a

116 1863 175 1911 satis
196 1864 322 1914 declarata
342 1872 378 1914 est
399 1866 425 1913 in
444 1864 493 1912 his:
515 1879 597 1912 earnes
614 1878 666 1910 una
707 1863 803 1913 Graeco
818 1865 890 1927 poeta
905 1865 1023 1926 scriptum
1041 1864 1133 1927 legeret
1144 1864 1256 1929 κάρανον

115 1949 201 1993 innuet
216 1959 267 1993 nott
293 1947 331 1995 Bt
346 1947 468 1997 calcanda
478 1944 665 1994 semeluiuleti.
707 1941 780 1991 οὐδὲν
794 1941 908 2001 ἀνήνατο
917 1944 1105 2007 Περσεφόνεια.”
1124 1943 1255 2007 cogitabo,

115 2021 181 2071 “Hic
202 2024 308 2074 moritur
328 2025 353 2074 in
371 2023 449 2082 bello,
467 2023 506 2072 hic
523 2025 548 2071 in
566 2035 665 2072 oceano
706 2021 727 2067 si
752 2021 863 2083 legerim.
897 2021 968 2071 Idem
994 2023 1133 2071 Meinekins
1158 2023 1256 2071 coniicit

116 2100 196 2150 Sicuti
216 2109 241 2153 et
260 2104 331 2165 ego.''
365 2103 443 2153 Vides
464 2108 558 2164 quanto
578 2101 666 2149 melius
707 2098 848 2158 ἀσυνδέτως
885 2102 968 2149 mista
1005 2116 1090 2150 smum
1123 2103 1255 2160 iuratum,

115 2180 177 2228 haec
196 2182 342 2244 procedant,
364 2196 438 2231 versu
457 2181 540 2231 eiecto.
574 2179 666 2227 Forma
706 2192 755 2240 quo
773 2179 880 2226 multum
907 2179 995 2241 rigoris
1016 2180 1120 2228 orationi
1143 2194 1253 2229 omassu-

115 2257 186 2306 verbi
202 2261 358 2322 demerepro
369 2261 485 2316 densare,
502 2259 602 2321 cognita
613 2267 666 2307 erat
707 2272 770 2305 rum.

115 2351 147 2384 ex
165 2337 278 2387 omnibus
294 2338 384 2400 poetis:
402 2338 450 2387 vid.
467 2339 549 2389 Bentl.
567 2338 591 2386 h.
607 2339 624 2386 l.
642 2347 666 2386 et
738 2339 853 2399 Illyricis
864 2338 949 2385 Natus
960 2340 1044 2386 obruit
1056 2338 1138 2385 undis.
1157 2335 1264 2408 Oudon·

116 2415 185 2464 Cort.
204 2417 236 2464 ad
253 2418 349 2467 Lucan.
360 2418 409 2466 IV.
421 2418 461 2469 76.
487 2419 526 2466 Ea
542 2418 666 2466 reddenda
707 2417 806 2478 dorpius
840 2413 949 2463 malebat
978 2416 1076 2464 Ionicis
1105 2413 1144 2462 vel
1174 2416 1255 2476 potius

116 2501 154 2541 est
170 2492 278 2557 Corippo
295 2495 326 2545 de
341 2495 420 2544 Bellis
435 2495 535 2558 Lybicis
546 2496 580 2543 V.
595 2497 664 2544 1016.
707 2496 833 2555 Apuliais.

118 2575 196 2620 Misti
211 2576 310 2622 senibus
326 2575 460 2621 decusatur
472 2575 564 2635 ephebi.
587 2573 665 2621 Tene·
743 2573 846 2620 Ossibus
863 2577 887 2619 et
905 2572 985 2632 copiti
1002 2572 1138 2619 inhumato.
1174 2571 1254 2620 Offen-

117 2667 173 2700 mns
198 2660 281 2702 antem
302 2652 399 2716 poetam
420 2651 619 2700 Grammaticum
639 2653 665 2699 in
707 2649 743 2697 dit
759 2664 812 2706 mc,
833 2658 861 2698 ut
878 2650 951 2706 alios,
973 2650 1061 2697 hiatus.
1095 2651 1195 2712 Legunt
1212 2666 1255 2699 nec

117 2746 159 2787 eo,
176 2733 254 2794 quod,
275 2746 352 2796 quum
373 2732 492 2780 Latinum
514 2739 589 2787 esset,
610 2734 665 2780 nul·
708 2732 816 2778 humato.
839 2730 1115 2778 Mallemintumulato.
1138 2728 1209 2778 Ovio.
1219 2730 1254 2778 11.

117 2811 171 2857 tum
191 2816 268 2871 eaput
286 2813 466 2873 Proserpinam
476 2811 565 2874 fugit,
586 2818 666 2859 metro
707 2807 808 2856 Heroid.
828 2809 882 2856 135.
918 2810 960 2856 rid
976 2813 1021 2855 tua
1039 2822 1076 2855 nie
1087 2807 1186 2868 fluetus
1197 2823 1254 2870 pro-

116 2894 217 2935 coactus
234 2889 265 2934 ad
282 2896 366 2937 notam
382 2891 428 2951 ipsi
445 2890 552 2952 figuram
569 2890 665 2953 Hypal-
707 2890 797 2936 iactam
827 2890 903 2937 litera
924 2892 1040 2949 portent,
1070 2889 1256 2949 Occurramque

117 2966 192 3028 lagen
214 2967 370 3030 confugiens,
391 2967 488 3030 scripsit
508 2972 666 3032 Proserpina
707 2969 785 3016 oculis
801 2968 957 3014 intumulata
974 2967 1029 3013 tuis.
1059 2966 1199 3014 Meinekius
1212 2967 1255 3014 rni-

116 3048 216 3093 nullum
232 3053 310 3106 caput
320 3045 405 3108 sapit.-
428 3048 493 3109 quod
514 3047 545 3094 ab
562 3047 667 3096 Horatio
708 3052 777 3093 ratur
793 3046 888 3094 hiatum
906 3060 921 3091 a
937 3059 988 3099 me,
1010 3051 1035 3091 et
1055 3059 1135 3107 nuper
1152 3060 1167 3092 a
1184 3045 1255 3095 Giitt-

117 3139 246 3187 nunqnam
264 3125 337 3173 scribi
352 3127 443 3189 potuit,
464 3127 505 3172 cui
521 3125 592 3175 facile
609 3125 665 3174 fuis·
707 3124 786 3188 lingio
806 3126 832 3172 in
856 3123 1017 3186 suspicionem
1038 3123 1120 3170 vocari
1141 3124 1254 3185 potuisse.

117 3210 164 3252 set:
183 3207 248 3253 nulli
265 3206 338 3253 Trux
349 3207 429 3267 cupiti
440 3208 596 3267 Proserpina
606 3221 666 3267 par·
707 3204 874 3266 Exspectatur
891 3202 972 3249 adhuc
989 3201 1120 3263 disputatio
1132 3202 1162 3250 do
1175 3204 1254 3251 leiutu.

116 3283 165 3337 cit,
182 3281 223 3330 vel
240 3282 307 3330 aliud
325 3282 451 3332 Latinum.
472 3284 539 3332 Nam
556 3291 581 3332 et
597 3299 665 3347 prae-
708 3282 825 3343 Quaestio
845 3280 952 3327 multum
975 3279 1055 3336 abest,
1081 3286 1109 3327 ut
1130 3280 1160 3327 ml
1181 3281 1253 3343 liqui·

116 3376 173 3409 sens
191 3368 288 3423 tempus
305 3361 329 3410 h.
347 3362 365 3411 l.
382 3363 471 3411 melius
489 3370 553 3419 erat,
566 3370 666 3426 propter
707 3362 767 3408 dnm
784 3362 816 3407 sit
832 3360 961 3422 perducta,
980 3359 1000 3405 si
1017 3364 1099 3406 tamen
1117 3373 1160 3420 per
1178 3358 1253 3408 MSS.

117 3440 286 3488 antecedentia
303 3443 378 3498 dant,
400 3443 521 3490 calcanda
538 3447 587 3498 est,
608 3444 665 3492 dea·
707 3439 887 3502 corruptelam,
904 3440 930 3486 in
947 3439 993 3486 hac
1010 3438 1064 3500 ipsa
1076 3453 1102 3486 re
1119 3444 1176 3486 ante
1194 3436 1255 3486 alias

115 3523 214 3567 centur.
247 3518 321 3567 Talia
344 3519 453 3582 perlecta
473 3521 554 3569 minus
576 3522 667 3570 Latina
707 3518 841 3580 insignem,
858 3517 959 3579 perduoi
976 3517 1058 3580 possit.

115 3596 206 3646 iudico.
223 3596 666 3662 EtinVirgilianoQuumquamuni-
743 3599 802 3645 Tibi
820 3595 918 3654 defluat
942 3612 1018 3659 aequo
1041 3598 1079 3644 Ab
1092 3598 1158 3644 lore.
1191 3597 1254 3645 Bion

116 3691 174 3725 raus
191 3677 330 3724 meneinisse
346 3679 444 3738 borrei,
464 3679 583 3740 luctuque
599 3680 666 3742 refu-
707 3677 783 3739 Idyll.
805 3676 826 3724 1.
848 3677 889 3724 55.
916 3676 945 3723 τὸ
966 3674 991 3724 δὲ
1009 3676 1062 3723 πᾶν
1084 3676 1165 3724 καλὸν
1182 3677 1206 3732 ἐς
1229 3676 1254 3723 σέ

115 3759 166 3818 ptr,
190 3760 299 3818 praestat
319 3769 452 3818 agnoscere
478 3757 666 3809 hemistichium.
707 3753 835 3819 καταῤῥεῒ.

116 3833 216 3882 Plinius
244 3848 344 3897 quoque
369 3835 395 3883 in
420 3834 535 3898 Epistola
559 3836 666 3898 priorem
741 3837 874 3884 Postmodo
892 3840 916 3883 te
928 3836 998 3882 natis
1008 3834 1132 3896 fraudem
1146 3836 1253 3882 connitat-

116 3913 428 3975 tantumpartemlaudat.
455 3912 482 3962 Si
492 3927 577 3962 versus
588 3922 667 3964 essent
708 3915 773 3963 tere?
807 3911 926 3962 Seruari
949 3911 1076 3972 LGeorg.
1095 3912 1151 3959 502.
1170 3910 1253 3958 landa-

115 3991 227 4049 Horatii,
244 3992 364 4054 posuisset
381 3998 438 4040 ante
455 3994 529 4041 Dant
543 3994 666 4042 aliosFu-
707 3992 754 4040 rit:
773 3992 884 4052 Negliqis
895 3991 1027 4038 immeritis
1038 3991 1179 4038 nocituram
1189 3995 1253 4050 port-

115 4074 177 4121 riae.
212 4072 364 4121 Meinelrius:
381 4070 563 4121 “Gravissimos
581 4086 666 4120 versus
708 4071 777 4118 modo
793 4070 877 4127 natu,
908 4068 942 4115 Te
955 4068 1079 4129 fraudem
1095 4068 1253 4115 cortentittere.

114 4149 206 4198 iniuria
222 4152 351 4199 damnavit
362 4152 392 4199 P.
404 4151 446 4212 qui
457 4150 596 4206 cavillatur,
608 4164 666 4198 cum
708 4149 742 4196 Et
759 4152 783 4195 te
799 4148 869 4194 tratis
886 4145 972 4207 accipit
988 4159 1033 4207 pro
1047 4161 1078 4194 eu
1090 4150 1125 4201 tc,
1143 4153 1170 4191 ut
1181 4145 1253 4193 etiarn

116 4229 261 4292 scriptorem
279 4230 369 4278 horum
387 4245 505 4278 versuum
522 4230 666 4291 Hypallage
708 4228 852 4289 interpretes
870 4225 1015 4274 recentiores
1029 4224 1129 4273 faciunt.
1155 4225 1253 4274 Ouden-

116 4311 201 4372 inepta
222 4325 295 4358 usum
317 4310 384 4358 dicit.
419 4310 512 4359 Senem
535 4309 665 4356 verborum
686 4260 689 4371 i
709 4307 776 4368 dorp.
802 4304 957 4367 intelligebat
977 4305 1078 4365 neplipis
1099 4310 1123 4352 te
1143 4306 1252 4353 cortinat-
