2916 5220
612 308 841 370 pluuii.

335 497 451 560 Padus
485 497 615 559 Matina
638 495 750 560 lucerii
773 500 954 577 cacumina,

291 602 332 663 Iu
355 621 442 663 utare
464 620 518 662 seu
541 597 641 662 celsus
658 603 861 682 procurrerit
883 598 1089 682 Apenninus,

336 703 487 786 Nouoque
509 710 650 766 monstra
673 705 813 765 innuerit
838 700 965 766 libidine

291 808 397 870 Mirm
420 826 525 887 arnor,
550 808 632 868 iuuet
654 814 689 868 ut
712 808 808 890 tiores
831 802 990 869 subsidere
1013 808 1125 885 cercis,

335 907 542 972 Adulteratur
564 917 594 971 et
616 906 755 972 columba
777 907 889 990 miluo,

297 1010 436 1076 Credula
458 1032 513 1076 nec
522 1010 635 1094 stauos
658 1015 788 1075 timeant
811 1021 956 1075 armentu
980 1010 1101 1091 bones,

335 1114 484 1199 *ineque
506 1114 596 1178 salso
620 1113 717 1178 laeuis
739 1113 845 1178 bircua
868 1135 1013 1199 aequum

292 1219 399 1299 Haec,
424 1226 453 1280 et
475 1239 554 1302 quoe
571 1226 725 1301 poterunt
747 1217 869 1282 reditum
892 1215 1074 1281 abscindere
1096 1216 1220 1298 dulces,

339 1322 461 1384 Eamus
484 1324 584 1384 omnia
606 1328 771 1384 exsecrata
794 1323 923 1401 ciuitas,

291 1424 357 1488 Aut
373 1444 460 1508 pora
483 1422 613 1488 indocili
633 1423 742 1486 melior
762 1443 870 1509 crepe:
895 1421 997 1487 mollis
1019 1432 1049 1486 et
1071 1444 1184 1506 cuspes

156 1549 225 1597 modi
242 1548 301 1596 locis
317 1547 378 1595 mire
398 1547 445 1594 sibi
461 1547 593 1610 placebant
617 1547 707 1596 Gram-

157 1628 256 1686 matici,
273 1641 364 1689 eaque,
385 1625 512 1675 imitantes
534 1627 600 1675 dicta
625 1628 707 1689 po‘eta-

157 1722 231 1764 rum,
257 1706 388 1768 diligenter
417 1705 586 1754 elaborabant.
619 1705 708 1771 'Fasti-

156 1786 229 1834 diosa
245 1784 306 1832 haec
323 1784 394 1847 copia
414 1798 464 1832 non
486 1799 567 1832 uuum
588 1783 707 1847 interpre-

157 1873 209 1914 tem
227 1865 277 1911 iam
293 1862 402 1910 offendit.
420 1863 469 1912 Sed
486 1862 605 1926 quoniam
622 1861 660 1909 illi
678 1862 709 1910 dc

158 1944 271 1995 versibus
288 1943 377 2005 spuriis
395 1957 445 1990 non
461 1941 612 2005 cogitabant,
629 1942 708 1990 Hora-

163 2024 227 2072 tium
244 2023 285 2071 val
302 2022 525 2084 reprehenderunt,
537 2021 578 2069 vel
590 2034 708 2069 excusare

158 2102 243 2152 conati
251 2108 318 2151 sunt.
328 2101 392 2150 Mihi
398 2101 481 2149 statim
485 2099 531 2148 illa
536 2117 583 2149 neu
592 2115 708 2149 conuerso

161 2186 262 2232 mmum
277 2185 362 2246 pipam
372 2186 434 2232 dure
450 2185 528 2230 lintea
544 2182 708 2244 suspicionem

158 2268 299 2310 moverunt.
316 2262 383 2310 Num
400 2261 464 2309 nibil
481 2260 599 2309 differunt
615 2276 631 2308 a
648 2260 707 2307 sim-

123 2399 125 2402 ·
157 2341 217 2404 plici
233 2342 317 2390 redire
335 2357 366 2390 ne
382 2339 456 2404 nesae
472 2342 515 2388 sit.
550 2340 604 2388 Nec
621 2353 709 2386 couve-

158 2421 233 2468 niuut
247 2421 286 2469 ire
301 2423 375 2482 pedes
391 2426 416 2467 et
434 2421 513 2467 linteo
534 2433 652 2467 conuersa
668 2435 707 2466 re·

159 2506 200 2548 tro
222 2501 291 2548 dure.
325 2498 446 2546 Dixerat:
464 2498 566 2546 Italiam
584 2498 708 2560 relinqua-

158 2592 216 2626 mus
233 2591 277 2626 seu
294 2585 361 2626 terra
378 2592 421 2626 seu
432 2578 504 2626 mari.
524 2578 599 2626 Nunc
611 2584 708 2625 utrum-

159 2671 209 2719 que
225 2661 284 2705 erat·
299 2656 473 2719 repetendum,
498 2657 539 2705 vel
565 2658 709 2720 simpliciter

159 2737 300 2787 redeamus.
326 2736 416 2798 Neque
433 2735 588 2784 laudandum
606 2736 709 2786 hicnon

155 2802 242 2878 pipant
259 2821 409 2871 conuertere,
426 2829 471 2877 pro
488 2821 669 2864 corucertomnn.

194 2894 284 2942 Padus
291 2895 323 2940 M
323 2910 338 2941 a
342 2896 396 2941 tino
405 2896 496 2942 laverit
505 2897 645 2944 cacuniino.
655 2894 711 2944 Ser·

161 2971 217 3019 vius
230 2971 262 3020 ad
271 2972 364 3035 Virgil.
378 2972 426 3020 XI.
446 2972 511 3020 Aen.
528 2974 583 3023 403.
602 2974 638 3020 ita
652 2973 712 3020 citat

160 3051 227 3098 hunc
243 3050 337 3098 locum:
360 3052 400 3098 Et
415 3057 476 3099 unte
494 3054 583 3099 Padus
605 3053 711 3101 Mutina

161 3131 251 3178 lucau
274 3132 412 3178 cacumina.
442 3129 536 3179 Similis
557 3129 608 3179 fere
629 3131 712 3194 imago

162 3208 229 3270 apud
246 3208 351 3256 Florum
368 3208 416 3256 IV.
437 3210 474 3256 12.
509 3211 580 3258 Hinc
596 3208 664 3271 supa
684 3213 712 3258 in

161 3288 383 3336 eminentissimum
392 3289 511 3336 Vinnium
520 3294 634 3347 montem,
640 3305 711 3352 quem

161 3366 246 3413 muria
261 3368 337 3428 prius
357 3367 452 3415 Oceani
468 3383 544 3430 quom
567 3382 640 3416 orinu
657 3370 709 3416 Ro-

162 3459 240 3493 mana
259 3460 395 3494 ascensura
415 3460 468 3494 esse
484 3448 650 3494 erediderunt.

195 3524 230 3570 In
240 3539 311 3572 mure
320 3539 363 3572 seu
372 3525 451 3573 celsus
459 3527 617 3587 procurrerit
629 3528 711 3587 Apen-

161 3604 246 3652 ninus.
284 3604 326 3652 Ex
356 3603 445 3652 Ovidio
476 3603 525 3651 IV.
556 3603 624 3652 Fast.
654 3605 710 3652 319.

166 3683 247 3730 Terra
265 3685 348 3730 tribua
364 3684 474 3742 scopulis
490 3686 590 3731 vastum
605 3699 711 3744 procur-

163 3762 201 3810 rit
221 3763 249 3809 in
275 3777 366 3824 aequor
388 3763 527 3810 Trinacris.
567 3760 645 3810 Recte
661 3777 711 3811 scu

160 3840 233 3900 pul-it
249 3842 386 3901 procurrit.
417 3840 465 3889 Sed
486 3841 542 3904 quis
565 3840 612 3889 sibi
633 3841 712 3904 fingat

164 3918 328 3980 Apenninum
345 3920 555 3982 promontorium?

198 3999 319 4059 Nouoque
342 4003 454 4046 monstra
470 4001 584 4047 innuerit
601 4001 711 4048 libidine.

165 4075 284 4125 Ridicula
296 4077 467 4139 exemplorum
486 4077 637 4126 continuatio
649 4078 712 4126 inre

164 4167 217 4204 tam
240 4157 337 4205 misera.
377 4157 464 4218 Neque
489 4157 590 4205 honeste
615 4158 640 4204 in
666 4157 712 4205 tali

165 4251 242 4284 causa
258 4236 341 4299 posuit
359 4237 446 4294 libido,
462 4238 600 4292 subsidere,
617 4239 713 4286 adulte·

166 4318 229 4363 rciri.
264 4317 399 4364 Honestius
417 4315 502 4364 fuisset
520 4330 596 4362 unum
615 4318 714 4378 innuen·

750 1552 800 1595 tur.
835 1547 869 1594 Et
893 1547 993 1594 omnino
1014 1547 1075 1595 talia
1096 1548 1176 1610 magis
1198 1547 1296 1608 propria

748 1633 808 1674 sunt
822 1627 969 1688 pastoribus.
1004 1628 1043 1676 De
1060 1629 1162 1676 adulter
1179 1633 1204 1674 et
1221 1628 1293 1674 odul-

749 1707 840 1753 terium
857 1705 981 1754 nonnulla
998 1706 1062 1753 dixit
1078 1706 1166 1755 Barth.
1184 1705 1215 1752 ad
1233 1705 1295 1754 Gra-

749 1784 777 1831 tii
797 1782 893 1847 Cyneg.
914 1787 968 1834 164.
999 1787 1117 1834 Monstro
1143 1786 1169 1833 in
1195 1798 1221 1832 re
1246 1798 1295 1831 non

749 1862 861 1910 dissimili
866 1865 946 1913 utitur
959 1864 1074 1914 Sidonius
1082 1863 1238 1927 Apollinaris
1246 1861 1295 1911 IX.

749 1942 833 1992 Carm.
853 1942 907 1993 105.
924 1959 1032 2009 nouoque
1048 1951 1156 1994 mmutro
1168 1945 1296 2006 Infamem

748 2025 833 2083 penuit
849 2029 925 2083 puter
941 2030 1061 2087 amotam.

784 2103 883 2149 Fluuos.
918 2103 976 2150 Duo
992 2101 1070 2152 MSS.
1092 2103 1227 2152 Leidensia
1243 2119 1294 2151 sue·

750 2195 800 2228 voa.

784 2260 903 2322 Ametque
919 2262 989 2309 euleu
1006 2263 1082 2310 laevis
1108 2263 1194 2311 hircus
1210 2278 1296 2324 aequo·

749 2354 788 2387 ru.
822 2337 913 2386 Hircus
930 2345 968 2387 est
987 2345 1089 2388 setosus.
1111 2338 1201 2402 Itaque
1223 2341 1299 2388 laevis

750 2417 940 2480 intelligendum
958 2421 1036 2467 laeuis
1047 2418 1150 2481 suctus,
1173 2418 1239 2481 quod
1261 2426 1298 2466 est

750 2497 917 2546 durissimum.
959 2497 1043 2559 Magis
1070 2497 1225 2546 convenisset
1248 2495 1298 2559 epi-

751 2576 836 2624 theton
854 2591 885 2625 ex
903 2576 1028 2639 opposito,
1053 2576 1120 2625 unde
1141 2576 1297 2630 miraremur,

750 2655 861 2712 hircum,
874 2656 988 2718 quamvis
1000 2656 1088 2711 talem.
1102 2670 1185 2703 amare
1199 2669 1297 2718 aequor.

752 2733 789 2782 Ut
805 2734 919 2797 Propert.
931 2734 966 2781 ΙΙ.
978 2735 1001 2783 2.
1014 2736 1037 2785 7.
1059 2735 1216 2792 Quaerebam
1232 2736 1298 2783 meon

751 2815 774 2861 ai
796 2819 877 2877 posset
905 2815 981 2877 piscia
1006 2828 1097 2870 uranu,
1132 2813 1185 2861 Nec
1208 2815 1298 2861 solitus

749 2898 827 2954 ponto
843 2895 925 2942 nivem
947 2899 1033 2942 toruus
1054 2908 1123 2954 uper.
1157 2892 1298 2942 Nemesion.

752 2971 840 3033 uclog.
866 2971 887 3019 Ι.
913 2973 954 3022 75.
989 2974 1106 3034 Namque
1130 2974 1204 3033 priua
1228 2974 1300 3022 siccis

751 3052 844 3112 phocae
859 3059 996 3112 pascentur
1013 3055 1040 3100 in
1057 3054 1138 3108 aruh,
1156 3054 1299 3101 Hirsutua·

751 3145 799 3191 que
813 3130 886 3191 freto
906 3133 972 3179 uiuet
992 3133 1034 3179 leo.
1069 3131 1104 3179 Et
1124 3131 1179 3192 quis
1200 3144 1249 3178 non
1268 3131 1299 3177 ri·

753 3208 809 3256 deat
834 3208 969 3270 imaginem
986 3209 1049 3256 hirci
1064 3209 1155 3266 laevis,
1178 3209 1299 3270 squamis,

753 3293 781 3334 ut
797 3287 882 3349 piscis,
898 3288 982 3345 nitidi,
999 3294 1024 3335 et
1040 3289 1066 3335 in
1082 3286 1162 3334 forma
1173 3286 1247 3346 birci,
1257 3302 1299 3334 ua·

752 3366 828 3414 tantis
853 3367 899 3414 sub
924 3380 1029 3430 aequore
1044 3371 1069 3414 ct
1093 3366 1219 3414 interdum
1241 3366 1299 3414 emi·

752 3447 849 3494 nentis?

786 3528 872 3581 Hucc,
889 3532 913 3574 et
930 3543 993 3589 quoe
1006 3532 1127 3588 poterunt
1145 3527 1241 3574 reditus
1258 3528 1299 3574 ob-

751 3607 863 3654 acindere
883 3607 974 3655 dulces.
1008 3604 1098 3666 Quasi,
1126 3619 1191 3668 quac
1218 3606 1310 3654 adbuc·

752 3684 918 3741 enumeravit,
939 3685 1055 3748 exempla
1079 3699 1135 3743 sen,
1161 3699 1210 3732 non
1233 3684 1300 3732 suffi-

752 3769 843 3811 cerent.
868 3765 968 3812 Bestius
985 3765 1126 3813 emendavit
1143 3767 1242 3813 reditus
1262 3779 1301 3813 ac·

752 3844 862 3891 condere.
895 3842 990 3892 Similis
1020 3843 1099 3891 forma
1127 3843 1243 3892 orationis
1274 3845 1299 3892 in

752 3921 860 3970 Ausonii
885 3920 919 3970 X.
936 3922 1016 3985 Epist.
1033 3924 1073 3971 29.
1102 3925 1174 3972 Haec
1195 3930 1221 3972 et
1238 3940 1301 3986 queue

753 4005 855 4060 possunt
870 3999 984 4061 placidos
1001 4003 1128 4051 ostermere
1144 4017 1230 4051 crimea.

788 4081 885 4127 Eurnua
893 4081 972 4126 omnis
980 4086 1112 4128 euaecruta
1122 4083 1217 4130 cintus.
1230 4081 1300 4130 Idem

754 4156 839 4219 plane,
873 4157 938 4219 quod
972 4172 1058 4220 supra:
1084 4161 1152 4208 uelut
1185 4159 1301 4222 prosuqit

755 4242 886 4285 cosecratu
903 4239 1001 4285 civitot.

790 4317 845 4362 Acci
860 4330 924 4376 poure
941 4317 1044 4365 indocili
1053 4318 1140 4365 citelior
1151 4333 1228 4380 preco.
1247 4318 1301 4366 Iam
