2916 5220
603 306 777 370 LIBER
823 307 848 370 Ι.

528 530 774 595 cARMuN
819 532 931 596 XXII.

340 691 482 791 Integer
506 705 593 771 vitae
618 707 812 792 scelerisque
835 729 935 792 purus

336 811 410 874 Non
435 815 509 895 eget
533 811 657 875 Mauris
682 810 797 875 iaculis
821 832 925 895 nequo
948 832 1024 873 arcu

335 914 402 978 Nec
426 912 597 976 venenatis
621 912 758 996 gravida
786 911 938 997 sagittis,

426 1015 549 1097 Fusae,
574 1016 744 1100 pharetra:

338 1117 413 1183 Sive
436 1139 494 1203 per
518 1117 630 1200 Syrtes
655 1117 718 1182 iter
741 1122 909 1182 aestuosas
921 1165 929 1199 ‚

336 1221 411 1286 Sive
434 1221 580 1285 facturus
604 1243 662 1305 per
684 1220 919 1305 inhospitalem

340 1322 540 1405 Caucasum,
565 1323 617 1386 vel
641 1344 724 1407 quae
747 1322 819 1387 loca
842 1322 1012 1387 fabulosus

425 1425 558 1489 LambIt
582 1425 767 1510 Hydaspes.

337 1529 488 1614 Namque
511 1551 564 1593 me
588 1528 672 1593 silva
694 1528 793 1613 lupus
818 1527 852 1591 in
879 1527 1016 1609 Sabina,

338 1632 427 1695 Dum
452 1653 559 1696 meam
582 1638 678 1695 canto
703 1632 868 1715 Lalagen,
893 1636 926 1695 et
949 1631 1037 1694 ultra

297 1860 449 1911 GARMEN
466 1860 557 1910 XXII·
777 1835 856 1881 Fuaee
869 1835 1004 1895 pltaretra.
1037 1831 1229 1896 Oudendorpius
1250 1847 1294 1879 an-

744 1911 851 1959 notavit:
881 1912 937 1960 “De
954 1911 1050 1960 Aristio
1067 1912 1151 1960 Fusco
1172 1911 1237 1960 male
1257 1912 1296 1958 vir

189 1956 245 2042 N
238 2007 270 2041 aa
287 1997 340 2053 eqet
358 1990 463 2040 traam
476 1992 572 2041 iaculis.
602 1990 704 2054 Optima
745 1990 946 2040 doctusinHist.
959 1989 1201 2041 eritxvmaol.
1218 1991 1295 2039 Forte

158 2067 233 2120 MSS.
266 2069 380 2128 Mauris,
406 2084 457 2117 non
491 2071 589 2118 Mauri.
618 2070 703 2117 Etiam
744 2066 792 2116 fuit
809 2083 841 2117 ex
858 2068 954 2117 familia
971 2070 1007 2118 M.
1021 2070 1119 2127 Aristii,
1132 2070 1222 2132 dequo
1234 2068 1296 2119 Cae·

157 2147 264 2197 Franek.
282 2149 324 2196 sed
340 2148 413 2197 litera
429 2156 553 2212 postrema
574 2161 645 2196 erasa
660 2162 704 2210 per
745 2161 786 2195 sar
806 2148 871 2197 VII.
888 2151 919 2198 B.
941 2150 973 2200 G.
995 2151 1035 2198 92.
1061 2165 1136 2213 quem
1158 2164 1208 2198 non
1230 2157 1295 2197 recte

161 2229 262 2276 alteram
279 2242 389 2278 manum.
424 2228 539 2276 Tuentur
560 2226 702 2276 Broukhus.
745 2228 850 2276 eundem
863 2228 972 2278 habuere
987 2229 1013 2277 in
1027 2228 1152 2279 Ciceronis
1172 2228 1249 2276 XIII.
1263 2227 1294 2274 ad

160 2313 182 2354 et
205 2305 370 2370 Oudendorp:
395 2307 435 2354 hic
460 2306 590 2369 praecipue
619 2312 705 2353 eontra
745 2305 923 2370 Famil.Epist.
932 2307 972 2355 50.
982 2322 1045 2369 quae
1056 2307 1140 2354 Aucto
1149 2304 1296 2354 Proconsuli

161 2385 305 2442 Gesnerum
313 2385 382 2432 cuius
390 2385 465 2433 editio
476 2392 531 2433 tum
539 2385 704 2447 recensprod-
746 2391 782 2432 est
795 2386 877 2434 missa.
903 2386 980 2434 Forte
991 2392 1016 2432 et
1029 2385 1088 2433 huic
1100 2383 1201 2433 Horatii
1213 2385 1296 2432 Fusco

159 2464 225 2512 ierat.
251 2464 287 2512 Et
311 2463 346 2511 sic
361 2463 472 2527 postulat
488 2469 602 2511 constans
623 2463 704 2525 poeta·
746 2475 883 2524 cognomen
900 2462 980 2512 Marci
997 2463 1050 2510 fuit
1075 2462 1142 2510 Nam
1160 2461 1295 2510 induobus

159 2557 212 2589 rum
230 2556 298 2591 usus.
315 2543 385 2591 Ante
401 2542 543 2591 Bentleium
559 2541 609 2589 iam
623 2541 705 2589 multa
747 2541 824 2591 MSS.
836 2540 1009 2590 vetustissimis
1020 2540 1189 2590 Bibliothecae
1197 2546 1295 2588 nostrae

159 2621 273 2684 exempla
293 2621 394 2670 dederat
413 2621 500 2669 Heius.
520 2620 551 2668 ad
572 2619 647 2670 Ouid.
669 2620 703 2669 V.
746 2621 806 2669 item
823 2619 963 2670 Graeriano
979 2619 1062 2668 inveni
1075 2621 1110 2668 ad
1123 2621 1294 2667 ,titteristium

158 2701 226 2748 Fast.
244 2700 300 2748 580.
330 2701 500 2762 Persequitur
513 2701 617 2747 Partha
632 2701 705 2762 eipriu
748 2699 881 2749 Fassura'·

157 2785 258 2828 retenta
272 2794 357 2828 manu.
386 2777 438 2827 Ubi
461 2784 487 2826 et
503 2776 620 2825 librarius
639 2777 705 2826 male
783 2781 914 2827 Fabuloaia
931 2780 1034 2827 Lambit
1054 2779 1192 2842 Hydaspes.
1212 2781 1294 2827 Fabu-

158 2863 299 2906 mutaverat
325 2859 425 2906 Partiri.
456 2856 570 2919 Propert.
593 2855 642 2904 111.
667 2857 704 2905 10.
747 2861 811 2907 tosus
832 2844 936 2922 ¹propter
953 2873 1064 2922 gemmas
1083 2858 1213 2922 praecipue
1229 2859 1293 2921 cogi-

158 2937 228 2985 Neae
250 2943 296 2985 tua
314 2939 405 2985 Medea
425 2939 552 2984 laetentur
572 2937 646 2984 caede
666 2951 705 2984 aa·
747 2936 816 2984 tabat
836 2937 958 2986 Arntzen.
975 2939 1000 2986 in
1018 2937 1160 2986 Miscellan.
1177 2952 1234 3000 pag.
1252 2938 1295 2989 7o.

157 3017 246 3077 pittae.
262 3016 384 3064 Burman.
397 3012 603 3064 acciendunl.
620 3013 705 3062 Rufin.
749 3014 797 3064 Sed
815 3015 861 3063 hoc
878 3031 935 3064 cum
952 3016 1069 3079 periculis
1080 3017 1162 3064 minus
1174 3018 1294 3064 convenit.

157 3094 215 3142 226.
247 3095 321 3153 Quae
344 3096 380 3144 ric
407 3095 512 3142 Gaetuli
537 3093 620 3142 iaculo
643 3108 702 3155 per·
748 3094 816 3143 Plin.
833 3094 910 3143 VIII.
944 3095 1023 3159 Epist.
1044 3096 1067 3143 4.
1096 3096 1168 3153 Quae
1188 3100 1242 3143 tam
1257 3111 1295 3144 re·

158 3188 233 3222 cussa
252 3175 351 3235 haenc,
368 3171 491 3236 praeferre
506 3171 605 3219 videtur
617 3171 706 3218 Mauri
748 3188 817 3232 oeae,
835 3180 888 3222 tum
905 3177 1015 3237 copiosa,
1034 3180 1086 3221 tam
1096 3175 1164 3234 leta,
1180 3188 1244 3234 quae
1255 3175 1295 3221 ele·

156 3254 256 3312 terrulas,
273 3257 302 3299 nt
316 3251 411 3314 gratius
423 3249 533 3298 auribus.
560 3249 610 3298 Sed
621 3249 706 3311 po'etae
748 3255 824 3315 nique
840 3259 895 3302 tam
908 3253 1022 3316 pattica,
1038 3260 1077 3308 et,
1094 3266 1245 3313 quamquam
1266 3253 1295 3298 ia

158 3330 280 3388 alterum,
296 3336 325 3379 ut
340 3331 482 3392 ingratum,
495 3342 633 3391 numquam
645 3328 706 3376 vita·
747 3333 886 3379 vertumnis
894 3334 973 3390 rebus,
988 3336 1040 3379 tam
1044 3330 1163 3393 fabulosa
1173 3330 1295 3376 materia?

157 3416 225 3460 runt.
252 3411 284 3457 In
304 3408 444 3458 Claudiano
467 3407 603 3470 legendum
625 3406 707 3470 potius
748 3409 840 3458 Florus
856 3408 894 3456 II.
910 3409 934 3456 6.
962 3411 997 3456 Ia
1013 3409 1123 3456 Italiam
1143 3408 1174 3455 ab
1187 3406 1292 3470 illusa-

158 3503 216 3536 cum
237 3487 342 3537 Heinsio
363 3487 404 3535 vel
425 3488 533 3536 Gaetulo
553 3484 593 3534 vel
609 3488 706 3549 perutili.
749 3490 847 3536 buloaae
864 3488 1011 3536 altitudinis
1027 3487 1138 3545 niuibus,
1151 3487 1219 3534 velut
1232 3488 1295 3536 coelo

158 3568 277 3616 blotande
294 3572 331 3615 est
350 3565 469 3623 imitatio,
485 3579 535 3627 qua
551 3563 707 3614 Claudianus
749 3568 972 3626 ratasqdesceadit.
989 3566 1063 3615 Adde
1070 3563 1219 3615 Bentleium.
1229 3565 1295 3613 Hinc

159 3646 264 3698 Consul.
285 3646 409 3695 Theodos.
434 3659 472 3693 vs,
491 3645 547 3693 193.
566 3644 707 3698 ,Horatium
749 3645 815 3694 vocis
832 3645 980 3709 significatio
1000 3645 1060 3694 satis
1080 3645 1218 3694 conficitur.
1244 3645 1295 3694 Pro

158 3726 289 3790 expressit,
306 3724 425 3788 quidum
441 3723 499 3786 plus
515 3723 595 3772 dicere
612 3725 707 3784 studet,
750 3727 839 3774 lambit
856 3724 882 3772 in
891 3724 968 3774 MSS.
985 3724 1113 3772 nonnullis
1130 3740 1168 3787 ap.
1180 3724 1294 3772 Lactant.

159 3804 240 3853 multo
256 3804 339 3852 minus
357 3802 432 3850 dixit:
449 3805 541 3852 nitidis
551 3804 665 3865 quiaquia
685 3809 709 3853 te
750 3805 784 3854 V.
806 3804 889 3853 instit.
913 3806 950 3856 17.
972 3805 1064 3868 legitur
1085 3807 1171 3854 arabit.
1193 3805 1295 3851 Lurrrbit

159 3883 300 3946 (iustitiam)
308 3884 417 3932 suuldus
426 3883 524 3941 bausit,
534 3883 623 3931 Irruet
631 3885 708 3932 iutra
751 3885 781 3933 de
790 3883 933 3932 fluminibus
947 3883 1068 3932 usitatum
1078 3890 1122 3932 est.
1140 3883 1234 3932 Statius
1246 3882 1294 3931 IV-

156 3964 370 4026 pidueflammae,
387 3962 492 4010 biberas
507 3962 601 4009 secabit
614 3959 707 4024 Aequo·
750 3962 827 4011 Theb.
846 3963 885 4011 51.
902 3976 961 4025 quas
974 3964 1052 4024 ptyra
1069 3963 1132 4009 uado
1144 3961 1240 4021 Lampia
1258 3966 1295 4008 ta·

158 4059 204 4102 ra,
222 4042 346 4105 confertae
363 4043 442 4090 bootes
457 4043 587 4103 superabit
596 4042 708 4091 icamia.
751 4043 817 4091 reati
834 4043 945 4090 Lambit.
981 4039 1111 4087 Ammian.
1132 4037 1295 4087 Marcellinus

158 4124 212 4171 Ille
232 4121 270 4170 rel
293 4121 444 4182 Aethiopum
463 4122 559 4182 pluuiis
583 4121 709 4169 solabitur
751 4119 869 4168 XXVII.
886 4133 943 4182 pag.
964 4117 1021 4166 336.
1049 4119 1154 4176 Hister,
1176 4132 1225 4179 que
1241 4118 1294 4166 Ra·

158 4205 252 4249 uestua.
279 4201 360 4249 Illum
378 4204 450 4248 trane
469 4200 601 4262 Scythium
619 4215 708 4251 veram
750 4215 852 4248 manum
868 4200 983 4261 cespitem
999 4199 1096 4246 latrabit.
1121 4196 1191 4246 Conf.
1209 4197 1295 4248 Heins.

158 4278 323 4327 comitabitur
340 4278 392 4326 air.
750 4278 782 4326 ad
798 4276 870 4327 Ouid.
888 4277 964 4326 XIV.
982 4277 1084 4326 Metam.
1102 4278 1157 4325 633.
