2916 5220
222 306 320 345 xxxii
768 322 809 331 ·-

221 466 326 537 ritate,
353 484 413 539 qua
441 466 497 523 tibi
523 467 681 541 respondi,
708 467 839 537 videbis,
867 484 927 539 quo
952 467 1041 523 modo
1062 467 1118 522 hoe
1141 465 1252 522 sactum
1273 474 1362 523 tuum

222 563 401 637 acceperim.
435 563 529 620 Recte
545 562 853 633 omnino,Eiel1stadi
869 562 1050 631 clarissime,
1066 561 1179 631 fecisti,
1195 562 1262 634 qui,
1279 580 1361 635 quae

223 664 328 713 centra
349 676 395 713 me
417 658 576 732 scripsisti,
598 659 670 714 mihi
691 659 756 734 ipse
778 658 905 714 miseris.
936 657 1087 730 Equidem
1101 657 1132 712 in
1147 657 1236 713 simili
1251 675 1363 715 caussa

223 752 303 808 idem
325 752 472 809 fecissem.
506 752 547 809 Et
568 752 625 822 sic,
647 764 735 827 puto,
757 753 856 809 facere
885 761 1006 827 oportet
1032 770 1150 821 omnes,
1177 753 1229 824 qui
1255 753 1362 810 literas

222 848 414 905 humaniores
446 851 634 923 profitentur.
676 848 778 923 Quare
812 849 950 905 dubitare
985 848 1064 917 noli,
1091 848 1164 920 quin
1196 848 1363 906 Paradoxa

223 951 290 1013 tua,
312 961 371 998 non
393 951 510 1000 tantum
532 961 643 1016 aequo,
671 945 725 1001 sed
753 944 842 1000 etiam
864 943 1033 1018 gratissimo
1055 943 1154 999 animo
1180 944 1361 1018 acceperim.

224 1038 321 1098 Simul
345 1047 436 1112 atque
464 1058 519 1113 per
545 1040 666 1112 negotia
691 1040 877 1096 Academica
898 1039 1031 1108 licuerit,
1055 1039 1162 1095 iterum
1185 1050 1216 1094 et
1236 1039 1363 1112 diligen-

223 1135 284 1190 tius
305 1135 418 1208 legam,
441 1151 531 1206 quam
552 1153 632 1190 nunc
653 1135 727 1208 legi,
751 1144 796 1205 et,
823 1135 848 1190 si
871 1135 943 1207 quid
965 1135 1017 1202 sit,
1039 1135 1070 1189 in
1093 1153 1152 1206 quo
1173 1153 1220 1190 me
1242 1154 1362 1193 errasse

224 1229 298 1285 mihi
312 1229 515 1303 persuaseris,
535 1230 672 1286 veritatis
687 1248 794 1286 caussa
808 1231 1003 1285 vehementer
1017 1230 1170 1302 gaudebo,
1187 1230 1363 1304 opinionem

226 1324 376 1392 deseram,
408 1332 439 1379 et
467 1334 499 1379 tu
525 1324 590 1398 ipse
617 1324 745 1398 primns,
779 1324 886 1380 deinde
920 1342 1036 1393 omnes,
1069 1343 1087 1380 a
1118 1342 1171 1380 reo
1198 1325 1361 1381 confitente

225 1419 364 1476 audietis.

266 1513 356 1586 Quod
377 1515 484 1571 scribis
506 1517 542 1571 dc
564 1515 698 1572 faciliore
715 1516 934 1572 sententiarum
950 1522 1118 1571 nostrarum
1134 1515 1362 1589 animorumque

226 1609 452 1679 conciliatione,
480 1611 504 1666 si
531 1612 597 1666 lieri
619 1611 779 1684 potuisset,
806 1619 841 1666 nt
861 1630 922 1666 una
944 1628 1076 1667 essemus
1098 1611 1214 1683 aliquot
1235 1611 1301 1666 dies
1324 1611 1361 1667 de

225 1704 355 1761 Horatio
377 1709 661 1783 συμφιλολογοῦντες,
687 1724 771 1762 meus
799 1724 818 1761 a
845 1716 875 1762 te
902 1706 1018 1762 animus
1046 1724 1104 1761 non
1127 1714 1173 1762 est
1194 1706 1361 1775 alienatus,

226 1799 315 1855 sicuti
342 1817 398 1855 nec
419 1807 489 1856 tuus
510 1818 528 1856 a
549 1818 607 1856 me.
650 1798 718 1855 Hoc
744 1800 821 1871 vidi,
849 1819 916 1856 cum
937 1820 975 1857 ex
996 1801 1211 1857 humanissima
1233 1801 1363 1875 epistola

226 1904 294 1964 tua,
324 1904 387 1951 tum
414 1914 452 1951 ex
478 1896 578 1952 verbis
602 1896 789 1967 honorificis,
816 1897 925 1969 quibus
951 1898 1114 1972 praecipue
1137 1898 1222 1953 Part.
1244 1897 1302 1953 VI.
1331 1917 1361 1972 p.

227 1990 256 2046 8.
278 1991 308 2046 in
330 1990 441 2047 iudicio
463 1992 500 2047 de
521 2010 568 2047 me
590 2002 642 2048 tuo
664 1992 768 2049 uteris.
803 1992 1027 2050 Sententiarum
1049 1993 1219 2049 conciliatio
1234 2012 1273 2048 an
1295 1993 1362 2050 fieri

227 2086 387 2159 potuisset,
414 2094 484 2142 ante
514 2088 623 2143 lectam
649 2088 820 2143 accuratius
842 2088 1075 2162 disputationem
1097 2098 1179 2144 tuam
1201 2087 1277 2143 seire
1301 2106 1362 2143 non

226 2200 356 2257 possum.
388 2181 496 2255 Neque
519 2183 575 2238 hoe
596 2183 671 2238 adeo
693 2183 895 2239 necessarium
917 2191 971 2240 est.
1005 2184 1070 2257 Ego
1086 2192 1115 2238 et
1132 2192 1164 2239 tu
1180 2183 1361 2255 quaerimus,

227 2278 300 2352 quid
320 2296 424 2334 verum
446 2278 493 2334 sit.
533 2277 565 2336 si
587 2279 800 2335 mathematica
822 2279 938 2335 ratione
961 2281 1166 2335 demonstrare
1189 2296 1361 2352 possemus,

227 2374 364 2447 quaestio
396 2374 524 2431 celerius
553 2382 633 2430 esset
659 2376 807 2431 absoluta.
848 2374 939 2431 Nunc
965 2375 1045 2432 intra
1070 2373 1362 2430 verisimilitudinem

227 2477 306 2526 stare
335 2469 477 2543 cogimur.
525 2469 672 2544 Tempus,
701 2469 880 2544 posteritas,
912 2471 1067 2526 inventum
1094 2469 1258 2541 aliquando
1287 2469 1363 2525 anti·

227 2565 315 2637 quius
337 2573 368 2621 et
388 2565 493 2621 melius
515 2565 582 2623 MS.
604 2565 698 2621 multa
718 2565 905 2622 iudicabunt.

267 2659 393 2714 Interim
415 2677 470 2732 ego
492 2658 592 2714 studia
613 2659 765 2714 hominum
786 2660 946 2729 commovi,
970 2669 1015 2729 et,
1039 2661 1119 2732 quod
1140 2660 1274 2717 futurum
1296 2677 1361 2715 esse

226 2751 448 2827 praevideram,
471 2770 574 2808 omncs
595 2752 745 2825 undique,
767 2754 853 2825 quasi
874 2755 913 2809 ad
935 2772 1089 2811 commune
1112 2754 1361 2828 restinguendum

226 2847 414 2918 incendium,
435 2848 467 2903 in
489 2865 536 2902 me
556 2847 712 2904 invadunt.
754 2847 923 2906 Utilissima
952 2850 1010 2905 erit
1037 2851 1112 2906 haec
1141 2868 1243 2924 pugna
1264 2849 1361 2904 literis

228 2942 353 3013 nostris,
375 2943 537 3018 praecipue
560 2944 585 2998 si
606 2945 683 3000 tales
704 2944 778 3014 viri,
806 2954 925 3001 veteres
947 2946 1072 3001 militiae
1095 2954 1126 3003 et
1146 2952 1283 3019 spectata
1305 2944 1363 2999 vir-

227 3045 305 3108 tute,
328 3039 447 3111 qualem
467 3047 497 3095 tc
520 3039 630 3096 dudum
653 3041 859 3114 cognovimus,
881 3042 912 3096 in
934 3059 1072 3117 eampum
1094 3041 1287 3097 descendant.

267 3133 415 3190 Utrumne
436 3133 486 3190 hic
508 3134 569 3191 illic
590 3135 728 3192 acerbius
750 3136 807 3192 tibi
828 3137 953 3192 verbum
975 3137 1135 3205 exciderit,
1159 3153 1267 3205 necne,
1299 3153 1360 3190 non

227 3235 274 3285 sat
294 3229 366 3285 scio.
404 3228 479 3299 Sed,
503 3229 593 3285 etiam
615 3230 640 3285 si
662 3231 824 3301 exciderit,
852 3232 917 3306 ipse
939 3240 1083 3305 expertus
1105 3230 1247 3304 cognovi,
1270 3247 1362 3302 quam

227 3324 344 3380 difficile
372 3325 410 3381 sit
435 3325 465 3380 in
495 3325 653 3382 scribendo
680 3344 799 3401 semper
826 3335 887 3382 tam
916 3345 980 3382 esse
1008 3325 1142 3395 facilem,
1173 3325 1362 3381 moderatum

227 3427 258 3475 et
279 3420 422 3491 amicum,
444 3429 478 3477 ut
500 3439 654 3494 nunquam
675 3431 779 3496 postea
801 3422 915 3494 aliquid
941 3430 1088 3478 mutatum
1112 3421 1216 3477 velles.
1252 3419 1362 3476 Mitius

226 3514 361 3589 profecto
383 3535 485 3572 omnes
506 3517 664 3586 sentimuS,
694 3536 783 3589 quam
812 3517 961 3573 interdum
991 3517 1162 3586 scribimuS,
1186 3515 1361 3591 disputandi

227 3610 326 3665 calore
353 3610 484 3666 incensi:
518 3629 612 3683 eoque
639 3612 737 3667 minus
762 3612 833 3668 huic
861 3613 953 3668 calori
974 3613 1156 3682 resistimus,
1179 3612 1250 3684 quia
1271 3611 1362 3683 quasi

226 3704 282 3761 soli
321 3705 491 3777 loquimur,
537 3725 593 3763 nec
630 3724 734 3762 vocem
774 3708 939 3764 adversarii
978 3716 1169 3782 praesentem
1210 3724 1360 3762 veremur.

226 3798 329 3858 Unum
355 3809 415 3870 est,
448 3801 558 3875 optime
590 3801 761 3872 Eichstadi,
794 3804 874 3875 quod
906 3811 935 3858 te
963 3803 1118 3877 scripsisse
1141 3802 1260 3857 nollem.
1303 3802 1362 3857 Ar-

226 3897 347 3953 bitraris
380 3897 507 3968 seilicet,
541 3917 588 3954 me
622 3897 791 3956 Germanos
822 3908 883 3954 tam
915 3901 1045 3974 superbo
1077 3899 1196 3955 silentio
1231 3906 1362 3954 contem·

226 3992 335 4066 psisse,
363 4001 396 4048 ut
422 3993 458 4048 dc
480 3993 743 4068 praestantissimis
765 3994 982 4069 interpretibus
1010 3994 1061 4048 vix
1081 4011 1173 4048 uninn
1193 3993 1361 4048 alterumve

226 4088 317 4143 semel
337 4095 368 4143 et
382 4089 493 4159 obiter,
516 4098 651 4146 caeteros
673 4107 710 4144 ne
733 4089 830 4145 obiter
852 4090 973 4162 quidem
994 4089 1057 4144 ulla
1077 4088 1228 4143 mentione
1252 4087 1359 4160 dignos

228 4181 470 4238 existimaverim.

267 4275 354 4331 Bona
379 4278 488 4346 verba,
516 4296 642 4350 quaeso,
672 4280 783 4353 optimc
811 4278 982 4335 Eichstadi!
1024 4279 1084 4335 Hie
1113 4287 1145 4334 tu
1174 4297 1212 4333 ex
1239 4278 1360 4333 silentio

227 4388 293 4426 meo
314 4370 429 4442 aliquid
450 4372 620 4441 confecisti,
644 4374 680 4429 de
697 4392 756 4446 quo
772 4392 925 4446 nunquam
941 4374 1080 4447 cogitavi.
1115 4373 1185 4429 Non
1202 4379 1267 4429 erat
1281 4371 1359 4428 hace
