2916 5220
527 325 702 388 LIBER
747 327 809 388 II.

189 509 298 593 Eques
324 510 395 593 ipso
420 510 535 575 melior
559 511 829 596 Bellerophonte,
854 535 958 598 neque
981 536 1092 600 pugno

187 613 301 697 Neque
324 613 418 698 segni
439 614 522 698 pede
544 615 669 680 vietus:
695 623 787 681 catus
812 616 899 680 idem
922 639 979 702 per
1003 622 1152 702 apertum

189 716 369 800 Fugientes
392 717 518 802 agitato
540 740 640 803 grege
663 741 773 784 cervos
798 719 949 802 iaculari,
974 725 1008 785 et

189 817 281 884 Celer
304 819 372 884 alto
396 819 585 886 latitantem
607 821 761 888 fruticeto
784 821 930 907 excipere
954 845 1078 908 aprum.

96 957 183 1006 Heius.
210 958 317 1006 Advers.
339 972 397 1020 pag.
414 958 470 1006 368.
506 958 646 1008 comment.
685 958 785 1008 λάσιον.
818 959 920 1010 Gallim.
943 959 1047 1023 Hymno
1063 960 1161 1008 Dianae
1180 960 1234 1010 192.

96 1035 183 1086 “Ordo
207 1042 260 1085 est:
284 1036 349 1085 Ales
374 1051 435 1099 puer
460 1036 598 1100 Cythereae
623 1044 647 1086 et
685 1038 805 1101 λασίῃσιν
830 1038 881 1087 ὑπὸ
903 1038 973 1103 δρυσὶ
995 1038 1119 1102 reprimere
1140 1036 1233 1103 νύμφη.

96 1115 164 1163 nitor
181 1116 296 1178 Liparaei
316 1115 396 1164 Hebri
413 1117 465 1178 sq.‘'
499 1117 604 1166 Viditne
620 1118 646 1165 in
686 1116 756 1164 Illud
779 1117 904 1179 epitheton
926 1117 1063 1178 elegantius
1084 1122 1109 1164 et
1125 1117 1233 1178 exquisi-

96 1196 235 1258 exemplari
253 1209 298 1243 suo
314 1195 360 1244 et?
686 1195 735 1243 tius
752 1202 799 1254 est,
821 1211 898 1259 quarn
919 1201 947 1243 ut
969 1211 983 1244 a
1004 1196 1173 1258 grammaticis
1188 1211 1235 1259 pro

130 1276 201 1324 Pede
216 1277 307 1323 metus.
332 1274 363 1322 In
381 1288 431 1321 uno
448 1273 504 1323 MS.
522 1276 629 1324 vinetus.
685 1273 781 1322 notiore
798 1277 850 1324 aito
867 1281 892 1323 et
908 1281 1028 1331 aretmut
1045 1274 1071 1322 in
1088 1274 1142 1323 aliis
1156 1275 1234 1325 MSS.

132 1353 205 1402 Celer
225 1356 277 1401 aito
298 1355 444 1401 latitantem
458 1353 585 1416 fruticeto
606 1370 647 1402 ee·
686 1353 794 1416 legitur,
821 1355 990 1417 excogitatum
1015 1355 1053 1403 sit.
1093 1354 1236 1404 Columella

97 1434 179 1494 cipere
204 1448 303 1494 aprum.
337 1432 368 1479 In
393 1431 451 1481 MS.
476 1432 551 1480 Voss.
576 1438 647 1494 prta,
687 1432 721 1480 X.
738 1433 779 1483 27.
806 1435 878 1482 hirta
893 1449 970 1496 sepes.
1009 1434 1072 1484 Stat.
1091 1434 1113 1482 1.
1132 1434 1193 1484 Silv.
1211 1436 1234 1483 3.

98 1523 156 1557 eum
173 1508 257 1572 glossa
271 1510 425 1573 interlineari
439 1513 528 1574 spisso.
550 1511 648 1560 Habuit
688 1514 758 1560 hirta
779 1513 862 1560 sturnis
881 1529 955 1561 sana.
984 1513 1080 1562 Vlitius
1101 1515 1133 1562 ad
1156 1514 1236 1564 Gratii

97 1603 187 1652 nempe
213 1591 288 1638 hirto.
331 1590 404 1651 Quod
427 1597 465 1639 est
494 1590 647 1640 Graecorum
687 1591 784 1654 Cyneg.
803 1607 839 1640 vs.
858 1593 895 1640 49.
914 1592 1022 1654 praefert
1038 1599 1116 1643 arete.

590 1733 752 1754 ”QG-*—

475 1850 720 1915 chanun
763 1852 860 1916 XIII.

280 1991 315 2070 0
339 2005 412 2069 fons
438 2003 644 2085 Bandusiae,
671 2004 872 2088 splendidior
894 2005 1000 2087 vitro,

281 2107 379 2173 Duloi
402 2106 502 2191 digne
525 2128 631 2188 mem,
657 2128 723 2171 non
749 2108 819 2172 sine
841 2108 996 2189 floribus,

327 2210 405 2276 Ores
429 2210 600 2275 donaberis
624 2211 747 2293 hoedo,

377 2313 439 2380 Cui
462 2314 552 2379 frons
577 2314 710 2400 turgida
733 2315 885 2380 cornibus

280 2417 400 2482 Primis
425 2422 458 2482 et
480 2439 631 2482 venerem
655 2422 688 2482 et
710 2417 834 2502 proelia
857 2417 1017 2484 destinat:

284 2521 438 2586 Frustra:
463 2543 541 2585 nam
564 2520 691 2605 gelidos
714 2521 839 2586 infioiet
862 2521 924 2587 tibi

251 2686 404 2738 CARMEN
421 2686 499 2735 xm
688 2666 713 2708 et
733 2675 845 2710 verterem
874 2666 899 2709 et
917 2663 1016 2725 proelia
1032 2664 1150 2711 destinat.
1185 2662 1237 2711 Pro

688 2745 714 2786 et
730 2755 841 2788 venerem
857 2740 883 2788 in
899 2741 956 2791 MS.
974 2741 1048 2792 Voss,
1060 2748 1173 2791 notatum
1185 2744 1237 2790 iam

139 2785 177 2873 0
187 2817 251 2880 foas
268 2819 424 2866 Bandusiae.
454 2817 561 2865 Fontem
578 2816 649 2873 vidit,
689 2834 815 2867 verterem:
841 2820 948 2870 alterum
974 2828 998 2870 et
1027 2822 1053 2869 in
1079 2821 1133 2869 aliis
1158 2820 1236 2871 MSS.

100 2905 125 2946 et
146 2913 179 2946 ex
199 2896 311 2946 versibus
327 2895 471 2944 Horatianis
490 2895 592 2958 agnovit
608 2910 650 2958 po·
689 2897 764 2945 deest.
807 2899 875 2948 Turn
901 2900 1058 2949 scribendum
1083 2907 1159 2949 esset:
1188 2899 1239 2948 Cui

100 2975 196 3039 palaris
210 2990 280 3024 meus
288 2975 478 3038 Groningauus,
490 2974 522 3024 G.
531 2974 563 3022 N.
573 2975 650 3023 Heer-
683 2976 761 3039 frons
782 2982 884 3041 turpida
904 2981 1021 3029 cornibus
1037 2981 1137 3028 Primis
1153 2981 1180 3027 in
1196 2995 1235 3028 ve-

100 3055 201 3104 kensius
217 3055 327 3103 Notabil.
345 3054 366 3103 1.
383 3070 440 3117 pag.
458 3056 503 3103 31:
525 3056 652 3103 Restabat
690 3071 786 3117 neena,
805 3061 900 3120 proelia
921 3060 1041 3107 destinat.
1074 3058 1184 3121 Elegans
1201 3064 1238 3106 est

100 3141 130 3182 ut
140 3134 244 3196 fantem
262 3135 421 3183 Blandusiae
432 3137 576 3183 invenirem.
601 3136 651 3182 Re·
691 3149 784 3183 cornua
809 3137 912 3198 turpida
935 3137 963 3183 in
984 3151 1113 3196 venerem,
1135 3142 1238 3198 turpent

100 3213 192 3275 quisivi
207 3228 224 3259 a
235 3213 365 3261 conatibus
375 3213 448 3270 neme,
464 3213 653 3276 nunmuidfon·
690 3215 718 3261 in
734 3230 858 3272 venerem,
874 3227 920 3277 pro
936 3227 1031 3262 cernua
1047 3215 1070 3261 ei
1086 3219 1188 3276 turpent
1212 3219 1238 3261 et

101 3292 137 3338 iis
161 3292 220 3340 istie
245 3291 292 3340 loci
307 3294 492 3353 evanescerent?
519 3292 651 3355 Coenosee·
691 3294 764 3354 eupit
796 3307 922 3348 aerurem,
951 3291 980 3339 in
1008 3305 1119 3338 aenaem
1137 3291 1237 3354 fertur.

101 3372 174 3417 bant:
192 3383 236 3418 nee
252 3384 269 3416 a
285 3371 419 3418 ruderibus
439 3373 547 3419 multum
562 3375 653 3434 praeut
692 3368 793 3418 Proelia
808 3376 892 3418 autem
908 3375 1008 3433 propter
1021 3384 1137 3418 venerem
1149 3384 1238 3432 gerun-

101 3463 183 3510 aquae
202 3450 268 3496 nitra
288 3449 469 3509 splendidiores
489 3453 553 3499 mibi
572 3457 650 3500 asten-
692 3453 746 3504 tur,
768 3455 798 3495 ut
814 3463 829 3496 a
845 3448 930 3496 tauris.
963 3447 1055 3510 Virgil.
1072 3447 1115 3495 111
1145 3448 1237 3510 Georg.

101 3532 239 3589 suerunt,
263 3543 327 3590 qerae
340 3527 431 3591 frique
451 3531 559 3579 amabile
577 3546 651 3594 prae·
691 3528 747 3576 232.
782 3530 821 3576 Et
838 3533 921 3576 tentat
937 3542 1003 3587 sese,
1022 3532 1098 3588 atque
1114 3529 1194 3577 irasci
1210 3529 1238 3576 in

102 3608 172 3662 beat,
197 3611 222 3655 et
244 3621 307 3668 quas
325 3607 469 3670 flayrautis
492 3615 569 3658 atron
590 3613 652 3659 bera
692 3623 786 3656 cornua
806 3609 890 3656 etheit.
923 3606 1054 3663 Irascitur,
1081 3611 1106 3653 et
1122 3604 1237 3654 cornibus

104 3684 242 3734 Caniculae
266 3687 346 3734 nessii
371 3692 479 3750 tanaere.
515 3689 587 3738 Cava
611 3692 651 3738 de·
692 3687 730 3735 uti
754 3686 845 3750 incipit.
867 3685 902 3735 V.
932 3686 997 3735 Aen.
1020 3684 1074 3734 147.
1109 3687 1239 3747 Pronique

102 3769 209 3812 cantata
224 3765 271 3812 illa
286 3778 363 3823 sana,
382 3767 449 3814 unde
464 3768 578 3829 loquaces
589 3770 651 3830 lym·
691 3769 720 3815 in
743 3769 846 3816 verbim
870 3767 985 3828 pendent.
1028 3764 1159 3815 claudian.
1188 3764 1237 3813 1v.

99 3843 168 3904 piae
180 3843 652 3909 desiliunt,uidere,saiutare,tanaere
692 3845 766 3895 Cone.
787 3846 882 3893 Honor.
901 3844 956 3894 617.
987 3845 1021 3891 In
1039 3845 1117 3892 sivan
1132 3844 1240 3891 rubuere

102 3934 153 3967 non
168 3920 277 3982 suffecit.
311 3923 458 3972 Libaeimus
475 3925 604 3988 iynipieam
620 3927 651 3973 il·
691 3939 774 3986 aenae.
808 3923 892 3973 &nae
918 3924 1019 3982 rubent,
1045 3927 1070 3971 et
1094 3935 1147 3970 esse
1170 3921 1239 3984 eupit

103 4000 183 4061 lisque
198 4015 289 4049 manus
306 4007 331 4050 et
348 4017 396 4050 ara
409 4003 604 4066 perfundentes,
622 4012 652 4053 ut
691 4008 716 4051 et
741 4001 826 4065 incipit
849 4001 918 4050 civis.
954 4002 1013 4051 Huc
1032 4002 1157 4065 pertinent
1176 4015 1237 4050 non-

103 4078 216 4127 Horatio
231 4085 257 4128 et
270 4081 359 4129 Geniis
375 4083 422 4130 inei
439 4083 497 4130 berre
512 4088 584 4143 esset,
594 4098 651 4146 pre·
691 4081 762 4128 nulla
778 4095 864 4130 eorum
881 4093 946 4143 quae
962 4080 1089 4128 annotavit
1106 4079 1192 4128 Heius.
1206 4080 1238 4128 ad

102 4158 230 4205 eabanrur.
264 4158 316 4207 Iter
331 4157 396 4207 illud
414 4159 470 4208 feeit
486 4161 584 4209 saeculo
601 4162 651 4211 fere
691 4161 783 4224 Virgil.
806 4161 839 4209 X.
862 4160 927 4209 Aen.
946 4161 1003 4208 iit.
1019 4166 1044 4207 et
1060 4160 1189 4208 Bentleius
1207 4159 1238 4207 ad

103 4235 195 4294 medio,
212 4237 277 4298 quod
293 4233 424 4300 praeteriit.
538 4272 543 4283 ,
692 4240 780 4288 Manil.
806 4241 842 4288 ΙΙ.
868 4241 924 4288 246.
955 4241 1070 4301 ariesque
1093 4241 1122 4287 in
1143 4253 1238 4288 cornua

139 4315 189 4364 Cui
199 4316 279 4379 frons
296 4320 400 4381 turpida
416 4320 531 4369 cornibus
552 4319 651 4367 Primis
693 4324 786 4367 tore-ree.

1035 4397 1107 4462 15*
