2916 5220
712 326 748 335 ····
1229 314 1299 355 xvir

159 470 333 526 combustae
356 477 426 525 sunt
448 468 590 541 Octavia,
614 470 771 542 Palatina,
796 469 984 546 Capitolina,
1001 473 1088 529 aliae.
1121 473 1224 547 Atque
1240 493 1299 532 me·

158 571 208 620 tus
230 564 438 622 incendiorum
460 573 563 622 tantus
586 574 665 638 erat,
689 575 723 622 ut
745 567 882 624 nonnulli
904 567 996 625 libros
1019 587 1090 626 suos
1112 571 1144 626 in
1166 571 1297 628 thermas

159 667 190 716 et
211 660 322 716 balnea
344 669 516 735 portarent,
538 662 619 734 loca,
643 670 767 737 propter
788 663 920 738 parietes
941 664 1077 738 lapideos
1097 666 1252 722 densiores
1267 676 1298 723 et

158 772 257 828 aquae
280 755 396 830 copiam
417 757 540 813 tutiora.
574 756 675 831 Quare
698 776 840 814 numerus
862 759 1009 814 bonorum
1030 759 1122 819 MSS.
1137 761 1297 835 insigniter

158 850 293 906 minutus
313 858 376 920 est,
399 859 430 906 et
450 869 512 907 una
533 860 631 922 aetas,
654 869 771 926 semper
792 851 889 908 altera
903 852 1002 926 peior,
1019 853 1144 928 stirpem
1159 873 1298 930 procrea·

158 945 204 1001 vit
224 945 422 1015 vitiosiorem,
446 946 544 1018 qualis
565 947 707 1003 universa
727 947 787 1003 iam
810 955 875 1004 erat
896 955 966 1003 ante
988 948 1183 1006 Mavortium.
1224 950 1297 1024 Ipsa

159 1048 262 1096 autem
282 1040 335 1096 illa
356 1041 553 1112 existimatio,
576 1060 636 1115 qua
656 1041 818 1098 Horatium
844 1061 947 1099 omnes
973 1043 1104 1099 omnium
1129 1052 1297 1120 temporum

160 1135 271 1192 eruditi
292 1135 460 1206 habebant,
484 1155 535 1193 eos
557 1137 717 1207 incitabat,
739 1145 774 1193 ut
794 1156 849 1211 pro
865 1138 1025 1213 exemplis,
1041 1139 1159 1195 flamma
1173 1140 1222 1196 vel
1237 1140 1296 1196 alio

159 1230 248 1286 modo
270 1231 400 1302 amissis,
422 1250 514 1303 nova,
537 1233 616 1289 unde
639 1240 777 1306 possent,
800 1228 919 1307 sempe'r
940 1233 1132 1291 instruerent.

202 1324 331 1399 Triplex
352 1334 430 1398 erat,
452 1336 487 1384 ut
507 1327 635 1384 vidimus
664 1326 937 1385 Grammaticorum
962 1329 1104 1400 officium,
1134 1330 1296 1404 scriptores

160 1421 329 1494 explicare,
362 1440 471 1496 pravas
498 1422 644 1479 lectiones
670 1423 835 1497 corrigere,
862 1441 968 1480 versus
994 1424 1179 1480 adulterinos
1205 1425 1293 1482 obelo

159 1515 320 1588 configere.
363 1516 455 1572 Multi
487 1525 588 1574 autem
621 1516 754 1591 singulas
786 1525 903 1573 tantum
929 1526 1031 1591 partes
1057 1519 1184 1592 triplicis
1209 1520 1296 1576 officii

158 1611 328 1666 sumebant.
349 1611 394 1666 M.
409 1610 552 1669 Valerius
566 1612 686 1669 Probus
701 1613 782 1687 apud
794 1611 971 1671 Suetonium
983 1612 1020 1669 de
1031 1612 1147 1670 Illustr.
1161 1613 1295 1673 Gramm.

160 1704 237 1781 Cap.
260 1707 309 1763 24.
337 1706 432 1764 malta
460 1707 643 1784 eaemplaria
663 1705 817 1764 emendare
837 1725 873 1764 ae
898 1706 1077 1785 distinpuere
1099 1717 1128 1765 et
1152 1718 1297 1767 annotare

159 1801 294 1872 curavit,
319 1799 374 1858 soli
395 1801 478 1874 duic,
502 1820 553 1860 nee
571 1801 626 1859 alli
643 1810 801 1879 praeterea
828 1799 1049 1860 Grammatices
1063 1805 1152 1880 parti
1172 1802 1295 1863 deditur.

160 1895 265 1971 Opera
286 1896 430 1952 Mavortii
451 1904 482 1952 et
503 1898 613 1954 Felicis
634 1915 694 1953 non
715 1897 796 1953 ultra
818 1897 1058 1953 emendationem
1079 1898 1126 1954 sui
1147 1899 1298 1974 exempla-

158 1991 202 2048 ris
230 2009 390 2066 progressa
416 2000 471 2048 est.
513 1992 643 2066 Antiqui
677 1989 905 2064 Commentarii,
939 1993 1043 2063 credo,
1077 2012 1137 2049 non
1169 1995 1297 2069 amplius

159 2087 363 2160 apparebant,
387 2087 533 2144 contracti
554 2087 614 2143 iam
636 2095 667 2143 et
687 2086 821 2160 corrupti
842 2087 873 2142 in
894 2087 1082 2144 ieiunitatem
1097 2087 1295 2159 scholiorum,

160 2182 263 2254 qualia
288 2181 351 2239 sere
379 2201 459 2239 nunc
484 2184 643 2255 habemus,
671 2201 748 2256 quae
774 2183 857 2239 Acro
883 2190 914 2238 et
942 2183 1113 2258 Porphyrio
1135 2192 1166 2240 et
1187 2185 1295 2241 deinde

159 2277 214 2333 alii
233 2277 343 2333 iterum
368 2278 400 2333 in
426 2278 635 2352 compendium
661 2279 815 2352 redegere.
857 2278 953 2335 Aetas
976 2278 1056 2334 enim
1078 2286 1234 2336 auctorum
1255 2299 1295 2337 ex

160 2373 291 2432 Scholiis
313 2373 419 2429 confici
440 2393 500 2430 non
521 2382 634 2449 potest,
657 2375 728 2447 quia
749 2373 930 2448 posteriores
946 2392 962 2429 e
977 2374 1128 2448 prioribus
1144 2394 1180 2431 ea
1194 2394 1296 2432 excer-

159 2470 288 2544 pebant,
315 2487 392 2542 quae
417 2469 490 2543 ipsis
513 2469 685 2544 placerent,
712 2487 773 2526 non
799 2468 901 2524 addito
933 2469 1052 2525 nomine
1075 2469 1159 2525 cuius
1181 2481 1295 2541 essent,

159 2565 225 2620 sine
246 2564 358 2621 iudicio
380 2572 411 2620 et
431 2564 564 2620 ratione:
593 2582 670 2637 quae
697 2582 815 2639 semper
840 2563 1023 2619 indoctiores
1044 2563 1083 2620 ad
1103 2563 1222 2620 literam
1248 2565 1297 2621 de·

159 2660 347 2730 scribebant,
370 2659 491 2718 Graeca
511 2659 629 2716 Latinis
649 2660 803 2716 literarum
826 2659 975 2730 ductibus,
993 2667 1137 2732 quantum
1158 2669 1294 2735 possent,

158 2756 383 2812 adumbrantes.

201 2850 331 2924 Antiqui
351 2852 546 2926 interpretes,
570 2870 644 2926 quos
666 2853 784 2909 nomine
803 2860 920 2908 tantum
934 2852 1140 2925 cognovimus,
1157 2850 1241 2909 fuere
1259 2851 1294 2911 Ο.

158 2944 324 3018 Aemilius,
346 2946 372 3002 Ι.
394 2947 565 3019 Modestus,
589 2956 619 3004 et
640 2948 803 3005 Terentius
829 2947 970 3006 Scaurus.
1014 2946 1074 3019 Qui
1101 2948 1137 3004 de
1160 2949 1296 3024 persenis

157 3041 346 3117 scripserint,
378 3059 453 3115 quos
483 3042 868 3117 memoravitPorphyrio,
899 3043 1080 3116 ignoramus.
1122 3041 1230 3115 Neque
1258 3043 1295 3099 dc

158 3134 298 3207 Acrone,
321 3136 546 3212 Porphyrione,
570 3147 600 3194 et
623 3136 864 3196 commentatore
888 3136 1062 3211 Oruquiano
1084 3138 1159 3195 certi
1180 3138 1295 3211 aliquid

159 3239 288 3288 constat.
331 3232 497 3289 Videamus
519 3234 555 3289 de
578 3234 834 3304 emendatoribus,
857 3233 1008 3290 Mavortia
1030 3241 1061 3289 et
1081 3234 1193 3290 Felice.

200 3325 385 3396 Mavortius,
413 3326 551 3384 absoluta
577 3328 740 3385 carminum
766 3328 1002 3384 Horatianorum
1023 3328 1215 3397 recensione,
1238 3329 1296 3384 usi·

158 3429 255 3476 tatam
287 3420 444 3477 formulam
475 3423 644 3479 subiunxit:
675 3423 862 3482 VETTIVS
883 3421 1075 3481 AGORIVS
1096 3420 1294 3481 BASILIVS

158 3514 416 3575 MAVORTIVS
446 3516 487 3572 V.
521 3515 555 3575 O.
589 3516 644 3573 ΕΤ
675 3517 759 3574 INL.
792 3515 953 3576 EXCOM.
980 3515 1085 3575 DOM.
1112 3515 1294 3577 EXOONS.

160 3610 259 3669 ORD.
288 3611 393 3670 LEGI
417 3613 473 3669 ET
498 3614 556 3670 VT
581 3613 715 3673 POTVI
741 3612 982 3671 EMENDAVI.
1010 3611 1295 3672 OONFERENTE

158 3707 263 3763 MIHI
296 3706 519 3768 MAGISTRO
556 3708 709 3768 EELIOE
742 3709 943 3770 ORATORE
975 3708 1101 3768 VRBIS
1133 3710 1294 3769 ROMAE.

161 3802 357 3874 Mavortius,
380 3805 484 3878 quiet
506 3804 879 3883 Mahartiasappellatur
907 3827 945 3863 ex
974 3806 1095 3865 Graeco
1116 3805 1294 3884 Μαβόρτιος,

160 3899 266 3955 consul
287 3898 392 3956 suita.
415 3901 490 3971 527,
517 3900 633 3958 Iustino
656 3911 687 3958 et
706 3903 875 3960 Iustiniana
896 3903 1148 3978 Imperatoribus,
1176 3911 1206 3958 et
1232 3903 1296 3975 qui-

160 3994 230 4049 dem
257 3994 351 4065 solus,
383 4001 478 4073 μόνος.
521 3997 687 4054 Praeterea
717 3999 792 4055 nihil
826 4000 862 4055 de
889 3998 1042 4054 Mavortio
1068 4017 1107 4054 ex
1138 3997 1238 4054 Fastis
1264 4006 1295 4053 et

161 4087 321 4146 Chronicis
343 4090 493 4148 discimus.
516 4111 544 4147 v.
567 4092 697 4150 Relandi
719 4095 800 4150 Fast.
824 4091 949 4151 Consul.
965 4093 1071 4167 psol.
1106 4092 1180 4148 Erat
1194 4091 1294 4162 etiam,

159 4287 359 4338 Christianorum
375 4291 405 4338 de
421 4290 491 4339 libris
508 4292 655 4355 gentilium,
673 4293 737 4351 alia,
760 4293 790 4341 de
806 4293 896 4357 quibus
912 4293 1025 4356 exposuit
1041 4293 1179 4342 Haerenius
1195 4293 1219 4341 in
1238 4292 1295 4340 Hir-

159 4367 225 4415 toria
241 4368 290 4416 Ia't.
312 4368 385 4417 Clam.
403 4370 545 4433 temporibus
563 4371 616 4418 aevi
630 4371 710 4419 medii.
