2916 5220
233 297 303 335 xxti

229 455 463 514 consuetudinem
483 455 609 525 verterit,
642 455 758 531 eiusque
786 454 936 529 irtpcrduru
966 452 1137 531 dicendique
1157 456 1295 529 sortitam
1323 456 1369 512 ito

229 552 377 629 coquort't,
409 559 453 621 ut,
496 549 569 627 quid
601 553 735 622 γνήσιον,
768 547 840 626 quid
872 547 1078 625 ὑποβολιμαῖον
1109 551 1165 620 stt,
1197 551 1306 609 sentire
1342 558 1370 608 et

229 648 314 724 quusi
332 654 454 723 pastore
470 645 573 722 possit.
618 642 703 700 asam
725 661 810 719 saepe
833 641 904 700 hoec
924 642 1091 701 sentiuntur
1102 642 1248 722 facilius,
1277 664 1370 722 quom

230 743 325 800 uerbis
345 741 556 820 explanantur.
596 738 734 816 Denique
754 737 847 795 inulto
865 736 1014 814 pluri-mos
1035 740 1130 797 inscio
1147 759 1223 817 qnae
1239 739 1371 816 puerilis

229 837 345 895 incessit
365 836 551 913 superstitio,
578 842 610 891 ut
632 851 691 891 non
712 832 842 890 audeant
862 852 897 890 ea
918 834 1071 910 supposito
1091 833 1201 907 dicere,
1227 853 1304 913 quoe
1325 843 1370 892 tot

229 932 358 990 homines
377 929 490 988 auditi
512 938 555 987 tot
576 927 698 987 socordis
714 946 774 1004 pro
798 928 874 984 ceris
894 936 921 985 et
933 929 1084 1005 perinanis
1097 927 1273 988 habueruut.
1300 926 1369 1001 Quo

230 1025 381 1084 hominurn
399 1042 518 1102 ponere,
542 1023 650 1092 nescio,
672 1041 711 1080 on
735 1021 846 1079 nullum
866 1023 906 1079 sit
927 1022 1142 1099 impudentius,
1164 1032 1192 1082 et
1206 1023 1304 1082 literis
1318 1044 1370 1082 no·

230 1121 326 1197 bisque
354 1120 449 1196 inopis
474 1117 634 1175 molestum.
683 1115 767 1174 Noni
792 1115 871 1194 quod
896 1119 1051 1195 argutiae
1078 1121 1207 1194 pectoris
1231 1121 1279 1178 sui
1309 1139 1369 1178 non

230 1215 368 1290 copiunt,
390 1231 448 1270 nou
469 1212 562 1270 solutu
581 1212 671 1288 praui
691 1212 848 1287 supercilio
868 1212 1028 1284 durnerunt,
1049 1213 1099 1272 sed
1119 1216 1210 1273 etiarn
1223 1215 1370 1274 invidiose

230 1313 374 1382 clamant,
401 1311 454 1369 doc
474 1310 588 1369 deinum
612 1329 668 1368 esse
689 1329 791 1381 urere,
818 1330 932 1384 secere,
956 1312 1105 1370 mutilare.
1148 1312 1298 1385 Quoniam
1321 1331 1368 1369 me

230 1417 291 1465 tam
318 1407 411 1463 libere
439 1408 475 1463 de
502 1407 560 1463 ista
585 1406 784 1480 interpretum
811 1407 994 1480 negligentia
1021 1409 1107 1479 queri
1134 1427 1193 1464 non
1223 1409 1368 1477 decebat,

230 1504 367 1577 quamvis
388 1503 523 1576 longiora
551 1501 723 1558 Ruhnkenii
751 1504 845 1559 verba
872 1503 969 1559 attuli.
1013 1504 1054 1560 Et
1083 1505 1119 1560 de
1151 1504 1218 1559 aliis
1245 1503 1368 1559 Horatii

231 1599 456 1656 enarratoribus
478 1599 598 1666 taceb0,
630 1616 757 1670 quorum
785 1599 925 1655 laudibus
950 1599 1025 1654 nihil
1051 1599 1171 1655 omnino
1199 1598 1368 1654 detractum

230 1694 333 1763 velim,
357 1704 387 1748 et
411 1693 436 1748 si
463 1693 535 1748 mihi
563 1693 675 1748 dictum
703 1695 863 1763 exciderit,
899 1695 979 1767 quod
1012 1713 1071 1750 non
1105 1695 1178 1751 satis
1200 1696 1368 1751 modestum

230 1791 384 1858 videatur,
413 1805 594 1860 quamquam
615 1788 747 1844 studiose
770 1790 915 1860 caverim,
938 1790 995 1846 hoe
1016 1790 1163 1845 indictum
1184 1789 1289 1862 cupi0;
1313 1790 1368 1844 sed

231 1890 261 1945 in
286 1905 347 1943 uno
370 1885 510 1941 Bentleio
536 1884 655 1940 abunde
679 1885 778 1940 omnia
801 1895 900 1955 erant,
934 1904 1011 1958 quae
1034 1885 1232 1942 Ruhnkenius
1264 1894 1367 1958 postu·

230 1983 328 2050 labat,
363 1989 393 2036 et
420 1980 486 2053 ipse
518 1979 717 2036 Ruhnkenius
746 1981 917 2037 Bentleium
956 2000 1022 2037 cum
1053 1981 1183 2056 losepho
1214 1980 1369 2053 Scaligero

230 2086 260 2134 et
281 2077 321 2133 N.
344 2075 471 2130 Heinsio
492 2075 790 2131 honorificentissime
814 2076 937 2149 excipit.
981 2075 1044 2132 Cur
1066 2076 1110 2132 illi
1132 2076 1223 2149 igitur
1241 2094 1302 2132 non
1326 2074 1368 2131 fe-

231 2182 349 2240 cerunt,
373 2170 423 2243 qui
446 2168 632 2244 potuissent?
671 2170 718 2226 De
748 2171 901 2245 Scaligero
928 2183 957 2228 et
983 2172 1109 2228 Heinsio
1135 2170 1223 2227 facile
1254 2180 1299 2227 est
1321 2190 1368 2226 re·

230 2285 385 2343 sponsum,
424 2282 522 2338 neque
555 2267 592 2322 de
626 2266 765 2322 Bentleio
801 2267 960 2323 admodum
994 2267 1121 2323 difficile.
1170 2265 1305 2339 Scaliger
1339 2276 1368 2321 et

230 2362 374 2419 Heinsius
397 2360 558 2417 Horatium
583 2380 642 2417 non
669 2380 704 2417 eo
734 2361 858 2417 consilio
884 2363 1036 2435 legerunt,
1065 2371 1098 2418 ut
1123 2363 1154 2417 in
1176 2361 1275 2417 lucem
1299 2362 1368 2416 ede-

229 2468 311 2528 rent,
333 2475 431 2529 neque
453 2456 529 2511 adeo
550 2456 671 2512 assidua
692 2456 820 2512 lectione
843 2455 1006 2527 triverunt,
1028 2466 1063 2513 ut
1082 2458 1177 2525 intus,
1201 2456 1282 2527 quod
1297 2456 1369 2511 diei·

230 2563 291 2622 tur,
316 2559 346 2607 et
366 2552 485 2606 incute
507 2551 710 2625 pernoverint.
753 2550 846 2605 Aliud
874 2559 932 2620 est,
961 2551 1165 2606 difficultatem
1192 2549 1250 2605 loci
1277 2549 1367 2606 unius

140 2686 142 2691 -
230 2646 402 2704 felicissima
424 2645 596 2701 coniectura
619 2628 776 2718 expedire,
811 2646 891 2716 quod
920 2645 1019 2700 subito
1046 2646 1094 2714 fit,
1129 2646 1166 2702 ab
1197 2645 1233 2700 iis
1262 2645 1367 2711 etiam,

231 2741 283 2813 qui
309 2740 470 2796 Horatium
497 2757 649 2811 nunquam
671 2747 761 2794 antea
791 2740 934 2812 legerint:
957 2739 1053 2810 aliud,
1077 2740 1219 2796 diuturna
1241 2740 1368 2797 medita-

230 2837 311 2892 tione
333 2834 458 2890 formam
480 2842 510 2889 et
532 2833 778 2890 consuetudinem
802 2833 845 2889 ita
866 2843 969 2890 tenere
992 2843 1179 2908 perceptam,
1203 2843 1237 2891 ut
1251 2836 1367 2892 sentias

231 2929 352 2998 falsum,
375 2928 497 3001 etquid
519 2929 647 2985 solidum
673 2936 790 3001 crepet,
824 2929 896 2999 qnid
928 2946 987 2983 non
1020 2937 1137 3001 erepet,
1166 2947 1237 2984 aure
1265 2929 1370 2985 distin-

232 3043 306 3098 guas
322 3024 342 3079 ¹.
385 3025 542 3080 Bentleius
564 3025 600 3080 de
624 3025 742 3097 seipse
765 3023 921 3095 loquatur:
953 3017 1178 3098 Quatiocunque
1203 3040 1272 3080 uero
1297 3022 1370 3080 lurec

231 3125 312 3188 sunt,
338 3117 457 3175 aestiuis
485 3125 602 3175 tontum
628 3117 770 3174 mansibus
790 3118 849 3192 (ito
871 3124 969 3173 tomen
988 3123 1022 3173 ut
1042 3134 1100 3173 uno
1121 3115 1270 3194 alteroque
1291 3117 1369 3173 biorn

233 3213 283 3270 nio
303 3210 426 3289 suerint
447 3229 573 3288 prorsus
599 3212 793 3284 intermisso),
818 3218 847 3267 et
873 3209 973 3285 ptumo
999 3210 1111 3285 iotpretu
1132 3227 1168 3267 oc
1188 3209 1286 3267 colore
1306 3214 1370 3268 sine

231 3305 304 3365 limo
325 3307 439 3365 curime
458 3293 590 3364 secundis
611 3303 773 3381 descripto,
800 3305 841 3361 sic
867 3301 990 3360 madido
1001 3303 1072 3381 fere
1093 3303 1200 3362 charta
1222 3304 1263 3362 od
1284 3312 1369 3381 typo-

229 3401 359 3479 9ropleos
373 3398 580 3479 destruebantur
593 3399 615 3455 2.
650 3396 864 3457 Commentarii
878 3399 971 3472 igitur
985 3399 1170 3469 Bentleiani,
1187 3417 1369 3471 quamquam

266 3565 272 3595 ¹
292 3564 395 3612 Constat
412 3563 555 3619 Heinsium,
572 3562 663 3625 partim
681 3563 824 3611 auctoritate
836 3563 921 3621 MSS,
938 3565 1029 3627 partim
1041 3565 1193 3621 coniectura,
1210 3565 1302 3612 multos
1315 3580 1369 3613 ver·

233 3659 273 3692 sus
298 3644 324 3691 in
349 3642 450 3698 Ovidio,
475 3643 590 3698 Lucano,
617 3641 691 3698 Silio,
712 3641 863 3699 Claudiano,
884 3643 1008 3691 delevisse.
1044 3643 1147 3705 Scripsit
1163 3658 1186 3690 v.
1204 3658 1224 3691 e.
1242 3628 1370 3692 Gronovio

234 3723 338 3786 Sylloge
354 3721 433 3784 Epist.
450 3721 537 3768 Burm.
556 3721 587 3769 T.
604 3721 660 3778 III,
676 3737 700 3784 p.
718 3722 774 3770 458.
809 3722 857 3769 “In
878 3723 980 3770 Lucano
1001 3737 1086 3770 versus
1106 3723 1198 3770 multos
1216 3723 1370 3770 adulterinos

233 3801 393 3865 deprehendi,
411 3814 471 3862 quos
487 3801 576 3857 miror,
593 3815 719 3848 summum
736 3801 830 3856 virum,
847 3801 981 3863 Hngonem
999 3801 1125 3858 Grotium,
1143 3801 1257 3864 fugisse.”

266 3880 342 3928 ²Vir
366 3880 453 3928 doetus
477 3878 503 3926 in
528 3880 641 3942 Epistola
666 3879 759 3930 Critiea
783 3881 813 3928 de
838 3880 953 3929 Phaedro
978 3882 1126 3930 Bentleiano
1142 3882 1168 3929 in
1185 3882 1242 3930 edit.
1260 3882 1369 3930 Phaedri

233 3964 372 4010 Burmann.
389 3975 412 4023 p.
422 3962 450 4015 5,
467 3961 544 4008 verba
558 3961 606 4008 ista
621 3960 795 4023 interpretatus
812 3968 860 4018 est,
874 3968 901 4008 ut
913 3962 951 4009 ira
963 3968 988 4008 et
1000 3961 1080 4008 studio
1093 3960 1209 4008 commoti
1221 3960 1282 4008 talia
1294 3961 1370 4008 inter-

233 4040 325 4105 pretari
342 4039 432 4088 solent:
449 4039 599 4088 “Horatium
616 4056 666 4089 non
683 4041 723 4089 hie
738 4056 915 4098 commemoro,
936 4056 993 4088 curn
1014 4042 1048 4088 ibi
1065 4049 1116 4088 tam
1133 4041 1267 4089 lentatum
1284 4048 1371 4088 curate
1411 4035 1415 4043 ’

233 4121 272 4167 vir
288 4120 442 4167 doctissimus
459 4120 559 4183 singula
573 4122 713 4185 pensitarit,
738 4130 765 4169 ut
790 4123 827 4170 illi
852 4123 946 4170 edendo
972 4128 1067 4170 tantum
1093 4121 1209 4184 temporis
1230 4122 1370 4185 impensum

235 4198 319 4253 fuerit,
336 4204 456 4260 quantum
473 4202 653 4262 expugnandae
670 4202 783 4250 Troiae.’'
817 4203 945 4250 Bentleius
962 4203 1022 4251 meis
1039 4203 1154 4250 laudibus
1167 4203 1244 4250 maior
1257 4209 1301 4259 est,
1315 4203 1370 4250 lau-

234 4277 307 4324 datus
328 4275 470 4336 praesertim
492 4279 677 4326 aRulmkenio
697 4280 723 4326 in
744 4280 859 4343 Epistola
880 4281 910 4328 ad
927 4281 1067 4343 Hcyninm:
1093 4281 1156 4328 “Est
1172 4280 1326 4328 felicissimus
1343 4290 1369 4329 et

235 4354 431 4416 elegantissimus
448 4356 558 4404 omniurn
576 4357 693 4416 (tuticus,
710 4372 770 4419 quos
788 4373 898 4421 unquam
911 4360 1023 4422 eognovi.
1056 4359 1203 4421 Aliquando
1216 4374 1301 4407 verum
1316 4375 1370 4408 esse
