2916 5220
574 306 747 369 tinnit
793 308 819 368 l.

264 567 265 570 Ἴ
306 492 400 555 asana
421 491 609 556 desiderium
637 514 771 578 curaque
794 515 854 558 non
879 494 970 576 leuis,

348 592 514 677 interfusa
537 597 669 658 nitentes

400 698 485 762 Vites
508 719 644 783 sequere
672 699 836 784 Cyclades.

122 909 201 955 vitum
226 916 250 956 et
270 923 328 955 cum
349 908 430 956 taedio
446 924 489 957 eas
506 915 587 971 partes
604 923 671 958 secu·
717 925 749 958 ex
766 910 820 958 aliis
838 912 1014 975 interpretandi
1030 914 1170 973 conatibus,
1187 917 1264 963 cerni-

122 994 176 1035 tum
194 988 332 1036 ostendere:
350 1001 420 1044 cum,
437 987 457 1034 si
473 986 570 1050 proprie
582 1002 674 1046 sumas,
716 999 769 1049 tur,
785 1006 861 1054 quam
879 991 973 1040 frustra
989 994 1021 1041 ad
1038 994 1147 1055 aliquam
1164 994 1212 1042 loci
1227 995 1263 1042 in-

122 1081 215 1115 nausea
231 1074 255 1114 et
271 1066 373 1129 periculi
390 1073 482 1123 metus,
504 1066 529 1113 in
551 1081 600 1129 quo
622 1065 672 1115 fue-
715 1068 880 1131 telligentiam
888 1077 1017 1132 penetrare
1026 1071 1155 1133 possimus.
1164 1072 1264 1133 Quanto

122 1147 155 1192 rit
172 1145 305 1202 Horatius,
322 1145 440 1207 quamdiu
453 1143 543 1207 ipsein
556 1144 603 1192 hac
615 1146 673 1193 nari
717 1148 843 1195 venustius
860 1147 944 1195 finitur
960 1163 1059 1197 carmen
1077 1150 1102 1196 in
1121 1165 1180 1198 voce
1192 1156 1264 1199 eece!

121 1223 208 1281 suerit,
226 1224 331 1286 pulchre
348 1224 382 1270 sic
399 1225 519 1272 notetur.’'
553 1224 631 1282 Hinc,
649 1232 673 1272 et
716 1225 829 1286 Quatuor
846 1241 930 1274 versus
947 1228 1016 1274 novit
1033 1227 1132 1275 Probus
1149 1243 1172 1290 p.
1193 1230 1263 1277 1420.

615 1388 772 1411 -mfi-

501 1537 747 1602 OARMIIN
792 1538 864 1602 XV.

302 1676 427 1755 Pastor
450 1709 552 1773 quum
576 1689 717 1753 traheret
739 1713 796 1775 per
819 1690 902 1755 freta
925 1692 1063 1756 navibus

304 1792 410 1857 Idaeis
436 1791 598 1856 Helenam
620 1792 763 1876 perfidus
786 1794 970 1879 hospitam,

304 1897 438 1981 Ingrato
462 1894 580 1960 celeres
604 1894 713 1960 obruit
736 1897 803 1962 otio
1055 1888 1058 1894 '

347 1999 490 2079 Ventos,
514 2002 553 2060 ut
575 2003 706 2062 caneret
728 1999 797 2064 fera

301 2103 425 2167 Nereus
449 2101 534 2166 fata:
560 2101 649 2165 Mala
672 2102 763 2169 ducis
788 2104 840 2169 avi
864 2104 1016 2186 domum,

304 2205 410 2284 Quam
433 2204 540 2269 multo
564 2208 689 2289 repetet
712 2205 849 2273 Graecia
871 2207 993 2290 milite,

304 2307 482 2372 Coniurata
506 2312 580 2371 tuas
604 2329 753 2392 rumpere
776 2309 912 2394 nuptias

348 2410 393 2475 Et
415 2431 554 2494 regnum
579 2410 702 2475 Priami
725 2417 828 2477 vetus.

283 2589 435 2639 CARMEN
453 2589 513 2638 XV⁴
689 2563 789 2626 'Epod
820 2565 857 2615 17.
888 2562 949 2610 dicit
970 2577 996 2610 se
1018 2562 1161 2613 observasse
1182 2564 1261 2612 Hora·

193 2686 196 2690 .
712 2643 776 2690 tium
805 2645 831 2691 In
862 2644 967 2702 lambis,
998 2641 1085 2693 Satiris
1114 2649 1139 2690 et
1166 2643 1262 2706 Episto-

156 2685 210 2768 H
206 2721 308 2768 etenum.
342 2719 420 2768 Multi
432 2721 554 2768 Helenen.
573 2717 672 2768 Ouden·
712 2720 743 2768 lis
768 2722 885 2770 Latinam
910 2721 1112 2782 declinationem,
1150 2721 1176 2769 in
1202 2721 1262 2771 Car-

124 2801 191 2862 dorp.
216 2799 357 2847 &marram
376 2799 575 2846 terminationem
592 2797 672 2845 defen·
712 2801 820 2848 minibus
839 2801 962 2851 Graecam
980 2814 1082 2849 amasse.

124 2881 161 2927 dit
176 2894 209 2927 cx
225 2879 389 2942 virgitvss.
408 2878 541 2927 nenati.
558 2877 672 2940 Propert.
746 2881 845 2929 Nereus
872 2880 943 2943 futu.
994 2879 1118 2942 Porphyr.
1141 2882 1261 2927 Proteus.

124 2959 145 3006 1.
162 2960 186 3007 2.
204 2961 243 3007 42.
262 2959 334 3009 Ovid.
347 2958 423 3006 XIII.
442 2958 544 3006 Metam.
555 2958 612 3005 200.
630 2957 672 3004 ubi
713 2958 780 3006 Nam
796 2965 910 3021 corrupte
922 2959 1015 3022 legitur
1029 2964 1156 3022 protenus.
1174 2959 1209 3006 Iit
1228 2958 1262 3005 sic

123 3036 150 3084 in
167 3037 243 3088 MSS.
260 3037 334 3085 nulla
350 3043 386 3085 est
403 3037 515 3086 varietas.
548 3037 605 3100 Ipse
622 3037 673 3085 Hc·
713 3035 757 3083 alii
779 3035 942 3094 scholiastae,
962 3050 1025 3088 v.,e.
1051 3039 1083 3085 ad
1100 3038 1175 3088 Statii
1199 3039 1261 3086 VII.

123 3124 171 3165 rat.
188 3118 210 3165 Ι,
228 3117 281 3166 Sat.
298 3117 321 3165 3.
351 3117 404 3168 107.
422 3117 443 3165 Ι.
464 3115 548 3165 Carm.
573 3117 596 3164 3.
612 3116 673 3179 fru-
714 3115 792 3164 Theb.
818 3116 874 3163 330.
899 3121 925 3163 et
950 3116 1042 3164 Nestor
1066 3117 1092 3165 in
1117 3131 1176 3165 voce
1201 3120 1261 3166 evis.

124 3203 176 3245 tres
193 3198 318 3252 Helenae,
335 3209 385 3244 non
404 3197 520 3244 Helenes.
538 3196 635 3244 Auson.
648 3196 674 3243 in
715 3195 794 3258 Saepe
814 3195 966 3243 vaticinandi
986 3202 1068 3257 partes
1089 3195 1181 3243 Proteo
1202 3196 1261 3243 dan-

124 3274 236 3324 Centone
251 3290 285 3324 ex
301 3274 335 3323 X.
346 3273 438 3337 virgil.
450 3273 589 3322 Aeneidos:
607 3277 673 3323 “Or·
714 3279 763 3331 tur,
781 3273 819 3319 uti
835 3271 902 3320 dedit
917 3272 1044 3334 Virgilius
1061 3272 1087 3320 in
1104 3273 1151 3322 IV.
1170 3273 1260 3337 Georg.

123 3360 203 3403 nutus
228 3356 337 3418 Arpieue
358 3354 495 3402 Harenas·
532 3352 674 3402 Restituen-
714 3350 820 3400 Ovidius
844 3353 870 3399 in
896 3351 981 3400 fabula
1003 3352 1070 3400 Iovis
1091 3359 1116 3400 et
1137 3353 1261 3409 Thetidis,

123 3434 185 3480 dum
207 3433 253 3482 hoc
273 3434 352 3482 eidem
376 3432 403 3480 in
423 3431 528 3495 Grypho
549 3446 585 3479 vs.
606 3433 675 3481 10.e
714 3445 746 3479 ex
775 3431 881 3494 antiquis
906 3432 1061 3495 Mythologis
1086 3438 1184 3490 tamon,
1212 3432 1260 3480 XI.

125 3509 185 3560 cod.
203 3513 277 3561 Voss.
294 3511 433 3562 veterrimo.
455 3509 581 3559 Videntur
593 3512 676 3560 Latini
714 3509 819 3558 Metam.
836 3510 893 3558 255.
928 3511 1042 3558 Dixerat
1062 3513 1122 3560 hirec
1142 3515 1262 3568 Proteia,

124 3590 150 3636 in
168 3591 215 3638 hac
230 3604 290 3639 voce
306 3605 376 3638 suam
389 3588 589 3638 terminationem
605 3605 674 3653 prac-
714 3594 739 3637 et
755 3591 865 3638 cedidit
881 3605 986 3653 ueqame
1001 3592 1108 3639 vulture.
1136 3592 1212 3639 Itaet
1224 3591 1261 3640 Si-

125 3669 219 3719 tulisse.
252 3670 322 3718 Haec
339 3668 536 3731 Oudendorpius.
570 3669 609 3717 De
626 3670 674 3717 dis·
714 3667 762 3715 lius
780 3667 838 3717 Ital.
855 3669 917 3717 VII.
930 3670 986 3718 435.
1005 3668 1068 3719 Stat.
1078 3669 1099 3717 I.
1117 3670 1211 3718 Achill.
1221 3673 1260 3719 32.

123 3748 227 3797 crimine
251 3748 338 3797 literae
362 3764 379 3796 e
404 3754 428 3796 et
453 3763 466 3796 e
491 3747 516 3795 in
536 3747 675 3797 istiusmodi
716 3749 826 3809 Aqrcesco
842 3750 951 3797 nwnitue
967 3757 992 3797 et
1010 3753 1106 3800 Protea
1122 3767 1181 3799 veru
1198 3753 1261 3799 loeis-

124 3828 251 3876 voeabulis
280 3842 354 3891 cgere
379 3827 472 3876 Markl.
501 3829 533 3875 ad
559 3828 621 3878 Stat.
639 3829 674 3877 V.
714 3829 776 3872 turn.
811 3825 896 3875 Sidon.
921 3827 1006 3890 Apoll.
1032 3828 1095 3876 VII.
1121 3829 1203 3877 Carm.
1220 3830 1260 3879 27.

125 3909 187 3959 silv.
206 3910 229 3957 3.
247 3909 286 3956 93.
304 3906 398 3970 etquis
415 3911 480 3954 non?
513 3905 622 3954 Difficile
638 3913 675 3955 est
713 3909 801 3952 vatam
817 3906 955 3953 certissime
974 3907 1071 3953 Protea
1090 3907 1181 3954 Certen
1196 3922 1260 3954 eras.

124 3996 244 4047 statuere,
265 3987 326 4051 quid
343 4000 429 4035 verum
447 3985 486 4034 sit.
520 3985 552 4033 In
569 4000 599 4034 ea
614 4001 673 4048 quo·
715 3982 763 4032 Sed
779 3991 804 4032 et
814 3983 909 4032 Nereus
921 3989 974 4031 erat
985 3983 1169 4046 antiquissimus
1184 3991 1261 4042 vates,

124 4083 173 4130 que
195 4083 221 4117 rc
243 4066 344 4116 auribus
366 4066 460 4127 aliquid
480 4065 591 4113 dandum
608 4065 672 4113 vide-
714 4061 784 4123 eique
805 4060 894 4108 melius
916 4060 1075 4108 conueniebat
1092 4060 1180 4108 fluctus
1196 4075 1260 4108 eom-

123 4156 171 4194 tur.
207 4147 269 4194 Alia
285 4146 347 4194 ratio
363 4151 412 4201 est,
429 4146 449 4192 si
466 4144 576 4192 Mettum
593 4151 672 4192 osten·
713 4153 810 4203 protere.
844 4139 903 4187 Noti
922 4141 952 4187 dc
968 4153 996 4188 eo
1009 4141 1260 4189 suntversusllesio-

123 4226 178 4281 dat,
196 4225 256 4287 quid
274 4225 323 4286 legi
341 4232 461 4287 apameam
480 4231 508 4272 ut
525 4239 595 4271 mox:
615 4226 672 4273 Noa,
714 4221 764 4278 dcl,
778 4234 837 4282 qrros
855 4220 962 4283 respexit
979 4219 1101 4268 Aelianus
1110 4220 1185 4268 XIV.
1199 4221 1259 4269 Vur.

124 4305 287 4362 Leirtiudera
298 4307 409 4353 emittunt.
423 4303 528 4353 Bentlei.
541 4304 572 4351 ad
581 4304 670 4352 XVII.
713 4301 776 4348 llist.
788 4301 828 4349 28.
848 4303 945 4349 Nereus
957 4301 1018 4364 legit
1026 4301 1147 4350 Priscian.
1164 4317 1186 4363 p.
1204 4302 1259 4351 765.
