2916 5220
528 329 705 392 LIBER
752 330 811 392 lV.

325 517 523 582 Nascentem
547 516 677 601 placido
701 516 826 580 lumine
851 516 989 598 viderie,

282 619 383 684 Illum
407 641 473 684 non
497 620 588 684 labor
612 620 772 684 Isthmius

326 721 472 787 Olarabit
494 722 662 806 pugilem,
688 744 754 786 non
779 743 880 806 equus
905 721 1045 806 impiger

282 823 387 889 Curru
411 825 509 889 ducet
530 823 675 889 Achaico

324 927 508 1008 Victorem,
533 948 638 1011 neque
662 948 711 991 res
736 925 855 991 bellica
880 925 985 990 Deliis

281 1030 442 1095 Ornatum
465 1030 555 1095 foliis
579 1030 715 1112 ducem,

326 1134 419 1212 Quod
442 1156 557 1219 regum
582 1133 725 1199 tumidas
751 1134 936 1199 contuderit
959 1135 1086 1216 minas,

280 1236 441 1303 Ostendet
465 1238 647 1322 Capitolio:

325 1340 388 1405 Sed
412 1363 494 1426 quae
518 1342 617 1405 Tibur
641 1363 744 1424 aquae
767 1340 874 1405 fertile
897 1341 1100 1426 praefluunt,

279 1442 324 1507 Et
348 1444 473 1529 spissae
496 1464 668 1509 nemorum
692 1465 802 1508 comae

321 1546 466 1632 Fingent
488 1547 605 1612 Aeolio
628 1546 771 1613 carmine
795 1547 951 1613 nobilem.

276 1653 411 1733 Romae,
430 1655 596 1736 principis
618 1649 760 1732 urbiam,

320 1755 485 1842 Dignatur
508 1754 628 1819 suboles
652 1758 735 1818 ister
760 1753 909 1819 amabiles

94 1890 139 1937 ris.
183 1891 267 1939 Simul
292 1897 446 1951 nascentem,
478 1891 567 1951 εὐθὺς,
591 1891 643 1954 ἅμα
684 1891 738 1936 mul
759 1888 834 1940 fuisse
854 1891 880 1938 in
903 1891 1023 1953 exemplis
1045 1892 1235 1954 antiquioribus,

95 1968 256 2031 γιγνόμενον,
266 1969 350 2017 statim
360 1984 438 2033 quum
449 1970 503 2032 quis
513 1975 586 2017 natus
598 1974 643 2017 est.
684 1967 786 2018 conficio
795 1984 827 2018 ex
835 1970 993 2019 annotatione
1001 1969 1140 2021 Comment.
1150 1971 1235 2035 Cruq.:

94 2044 213 2110 Plerique
235 2049 376 2110 scriptores,
401 2049 431 2097 de
454 2055 519 2097 sorte
539 2048 643 2096 homini·
686 2049 778 2106 Semel,
804 2063 869 2096 moa.
902 2049 970 2097 Nam
1000 2065 1056 2098 oros
1081 2058 1119 2098 est
1143 2053 1235 2108 sinim,

94 2125 141 2174 bus
159 2128 280 2175 destinata
296 2127 438 2190 loquentes,
463 2142 512 2176 non
528 2128 643 2191 simplici·
684 2142 733 2175 non
750 2131 831 2176 senrel.
865 2128 999 2178 Horatium
1026 2138 1108 2178 autem
1134 2145 1179 2178 sua
1203 2146 1235 2179 ex

94 2210 131 2252 ter
148 2209 307 2255 nascentibus
323 2207 470 2254 destinatam
487 2205 584 2266 dicunt,
601 2207 643 2255 sed
684 2207 785 2256 Graecis
797 2207 905 2255 fontibus
917 2207 1024 2266 duxisse,
1033 2208 1155 2256 dicentem
1164 2225 1235 2271 quem

94 2283 190 2347 aliquid
207 2285 313 2343 addunt,
338 2301 388 2349 quo
405 2287 572 2349 significatur,
597 2286 644 2334 hoc
681 2288 783 2346 placido
803 2287 899 2334 luni-irre
920 2287 1025 2342 mdeste,
1050 2287 1101 2334 iam
1127 2289 1235 2335 animad-

94 2363 180 2412 eodem
197 2373 322 2414 momento
338 2365 399 2414 fieri.
432 2366 534 2415 Homer.
553 2365 643 2429 Odyss.
685 2372 793 2413 verterat
817 2365 933 2413 Muretus
958 2365 1021 2414 Var.
1039 2367 1108 2415 Lect.
1126 2368 1175 2416 IV.
1194 2368 1234 2416 20.

94 2443 128 2492 H.
149 2444 203 2494 197.
234 2445 366 2506 Πείσεται,
384 2446 451 2493 ἅσσα
469 2445 492 2493 οἱ
506 2447 575 2506 αἶσα,
588 2451 642 2493 Κα-
685 2444 728 2492 ubi
737 2451 807 2492 vetus
816 2446 896 2507 pocta,
905 2458 955 2507 quo
964 2445 1060 2506 respicit
1077 2445 1233 2504 Eustathius,

95 2521 224 2579 τακλῶθές
235 2541 261 2572 τε
271 2521 373 2587 βαρεῖαι
386 2522 523 2587 Γεινομένῳ
538 2523 644 2583 νήσαντι
686 2531 723 2572 cst
752 2522 898 2573 Theocritus
927 2523 1004 2586 Idyll.
1024 2523 1073 2572 IX.
1102 2525 1143 2572 36.
1177 2525 1235 2573 Huc

95 2600 172 2663 λίνῳ,
191 2599 231 2649 ὅτε
250 2619 294 2664 μιν
316 2600 367 2650 τέκε
383 2602 472 2666 μήτηρ.
507 2603 644 2650 Menander
686 2603 759 2651 etiam
777 2602 840 2650 refer
851 2601 993 2649 Mamertin.
1004 2600 1119 2649 Genethl.
1129 2601 1234 2651 Maxim.

95 2681 162 2743 apud
179 2680 308 2729 Ammian.
325 2681 439 2731 Marcell.
456 2683 531 2731 XXI.
550 2699 573 2745 p.
587 2683 643 2732 214.
688 2685 725 2731 19.
761 2685 900 2731 Nosceutes
925 2697 973 2738 ros,
999 2684 1034 2730 ud
1057 2697 1114 2744 opes
1138 2686 1235 2744 gener-ts

91 2763 205 2808 ’Ἀπαντι
229 2759 326 2824 δαίμων
347 2760 420 2825 ἀνδρὶ
442 2762 645 2826 συμπαρίστσται
687 2764 799 2821 humani,
811 2764 873 2809 bonu
885 2764 969 2809 sidera
980 2767 1005 2809 et
1017 2764 1099 2810 artrica
1110 2764 1234 2811 ciderunt.

96 2839 180 2896 Εὐθὺς
197 2840 330 2904 γενομένῳ.
363 2840 465 2890 Gallim.
489 2841 522 2889 H.
539 2841 645 2899 Dianae,
687 2840 757 2901 Quae
773 2841 900 2904 exempla,
917 2842 943 2888 ni
961 2839 1048 2897 fallor,
1065 2839 1188 2898 efficiunt,
1208 2849 1235 2888 ut

95 2918 135 2967 22.
153 2915 197 2983 ἧσί
213 2937 243 2983 με
259 2924 344 2984 μοῖραι
363 2920 517 2985 Γιγνομένην
527 2921 556 2969 τὸ
574 2926 643 2984 πρῶ·
686 2920 820 2968 Horatium
834 2934 884 2969 non
895 2923 969 2968 sernel
977 2919 1019 2968 sed
1027 2921 1103 2968 simol
1110 2920 1236 2982 scripsisse

96 3015 143 3046 τον
174 2997 352 3064 ἐπεκλήρωσαν
382 2999 492 3064 ἀρήγειν,
540 3000 643 3048 Lauacr.
686 3006 811 3062 putemus

96 3075 164 3125 Pell.
184 3078 238 3127 104.
272 3077 326 3126 ἐπεὶ
351 3080 444 3142 μοιρᾶν
466 3077 507 3127 ὧδ’
529 3077 645 3127 ἐπένευσε
720 3080 773 3126 Res
794 3079 890 3126 bellica.
925 3076 1064 3126 Comment.
1081 3077 1169 3142 Oruq.:
1195 3095 1236 3131 res

95 3154 170 3216 λίνα,
196 3153 282 3204 ‘Avira
304 3156 333 3205 τὸ
356 3156 457 3221 πρῶτόν
478 3175 520 3206 νιν
536 3158 643 3223 ἐγείναο.
686 3158 793 3220 publica.

96 3233 258 3296 PropertII.
274 3235 297 3281 2.
308 3236 348 3282 33.
385 3237 454 3284 Num
472 3237 519 3285 tibi
533 3241 646 3287 surrenti
723 3237 795 3293 Quae
814 3236 895 3282 Tibur
912 3250 998 3296 aquae.
1033 3233 1122 3282 Inveni
1138 3235 1164 3281 in
1182 3237 1234 3298 qui·

93 3315 200 3375 primis,
226 3324 280 3362 mea
296 3316 361 3375 vita,
387 3317 588 3364 discordaretis
604 3333 644 3364 ur·
687 3314 792 3361 busdam
813 3313 890 3362 MSS.
913 3329 972 3374 qua.
1006 3313 1164 3374 Proficiunt
1183 3328 1232 3362 non

95 3397 185 3452 eretum
200 3396 312 3442 sternuit
327 3408 397 3442 oeten
412 3397 498 3442 Amor.
523 3394 644 3443 Manilius
686 3394 834 3441 mutandum
851 3393 877 3439 in
891 3392 1032 3453 perfluunt.
1065 3391 1146 3452 Vide,
1161 3394 1234 3442 nede

95 3471 132 3520 11.
153 3473 206 3522 126.
240 3473 280 3520 Et
299 3475 398 3534 primas
418 3488 480 3536 ques
501 3474 565 3522 daut
584 3477 646 3536 leues
686 3472 851 3528 uindicem,
873 3471 1056 3519 annotationem
1073 3470 1233 3519 Rittorshusii

96 3553 254 3600 nascentibus
269 3556 349 3600 astra.
367 3551 403 3600 11.
416 3551 474 3600 832.
501 3553 646 3615 Qualiaque
687 3554 718 3601 ad
736 3550 860 3603 Guntheri
878 3548 966 3612 Ligur.
984 3548 1020 3598 V.
1036 3549 1093 3600 281.

95 3631 225 3692 exagium
255 3636 385 3680 nascentes
413 3636 525 3692 tempora
550 3633 644 3692 prima.
719 3634 759 3681 Et
775 3633 875 3693 spissae.
917 3629 947 3676 In
973 3628 1061 3677 iisdem
1084 3629 1161 3679 MSS.
1184 3647 1234 3692 qua

96 3709 192 3759 Statius
217 3709 252 3760 11.
282 3708 346 3759 Silv.
370 3710 394 3760 7.
437 3710 537 3757 Natum
562 3716 645 3772 prete·
685 3715 787 3775 spissus.

95 3803 146 3837 nus
161 3816 194 3824 -
211 3791 313 3838 Blando
332 3790 445 3853 Calliope
464 3789 523 3837 mnu
544 3792 644 3852 recepit.
720 3793 828 3853 Romae,
844 3792 968 3853 principis
984 3790 1091 3837 arbium.
1122 3787 1235 3848 Quatuor

96 3867 130 3916 V.
148 3870 171 3917 3.
205 3870 335 3918 Pretorius
358 3874 445 3917 exorto
469 3869 587 3915 dextrum
610 3872 644 3918 ri·
686 3884 772 3919 versus
796 3885 846 3918 non
872 3869 935 3917 vidit
960 3867 1110 3925 Scholiasta,
1136 3882 1168 3915 cx
1185 3881 1234 3929 quo

96 3960 150 3995 sere
169 3962 266 3997 sereres
292 3947 406 3996 Aonides.
440 3947 603 4010 Epigramma
619 3948 644 3995 in
686 3949 784 3999 Comm.
804 3950 880 4012 Cruq.
903 3948 949 3995 hoc
965 3952 1141 4009 argumentum
1158 3947 1233 3995 totius

95 4025 253 4090 Anthologia
276 4027 369 4076 Latina
392 4028 529 4075 Burmann.
556 4027 586 4075 T.
609 4028 645 4076 11.
685 4030 799 4077 carminis
816 4028 884 4076 feeit:
911 4029 1035 4090 affirmat
1056 4027 1141 4074 studio
1155 4026 1233 4087 poiti-

95 4120 152 4168 pag.
181 4106 234 4157 173.
278 4106 320 4156 Sic
349 4111 440 4156 etenim
469 4109 564 4156 duxere
587 4109 645 4156 olim
685 4124 724 4158 ces
740 4109 861 4166 deditum,
875 4107 941 4155 nulli
954 4119 1023 4168 posse
1039 4105 1233 4153 aliireileudu-

93 4188 236 4246 primordia
262 4189 373 4245 Parcae,
399 4189 438 4236 Et
463 4203 549 4236 uenere
569 4202 646 4249 super
686 4188 770 4235 biliter
786 4201 884 4234 vocure.
908 4187 974 4233 Iride
989 4185 1117 4245 sribiuapit
1135 4186 1233 4232 larrdem

94 4267 163 4316 vobis
173 4265 276 4329 satalia
285 4266 350 4329 fila,
380 4266 444 4317 Cum
464 4268 575 4329 prienam
594 4268 644 4313 La·
686 4265 851 4328 Melpomenes
874 4264 980 4319 Musae,
1005 4279 1062 4312 cum
1089 4264 1234 4325 pretiorum

94 4345 154 4394 ciac
170 4346 243 4394 daret
261 4345 387 4407 lucenique
403 4346 567 4408 arrirnumque.
605 4345 644 4394 Si·
685 4347 788 4396 actione.
821 4344 901 4393 Roma
919 4342 1042 4406 appellata
1056 4344 1175 4404 princeps
1191 4357 1233 4390 ur·
