2916 5220
595 342 769 404 LIBER
816 343 859 404 ll.

335 527 458 594 Omnes
482 527 597 593 codem
622 527 787 612 cogimur:
813 527 960 591 omnium

335 632 493 697 Versatur
516 654 598 695 urna
622 631 725 696 serius
749 631 839 696 ocius

379 735 454 800 Sors
478 735 605 800 exitura
633 740 666 799 ct
692 757 752 800 nos
776 735 811 798 in
835 740 1004 798 aeternum

423 837 572 902 Exilium
595 838 791 922 impositura
814 837 958 921 cymbae.

153 949 706 1014 Wakefieldumdistinxisse:Divcsneprisco
748 952 846 1000 Sortem
862 953 961 1011 dicitis,
978 950 1044 1012 quod
1053 951 1162 998 detetur.
1191 950 1296 997 Etenim

157 1034 181 1076 et
199 1035 278 1078 natus
294 1032 327 1078 ab
343 1032 453 1092 Inacho,
471 1032 520 1079 Nil
536 1032 656 1090 interest,
672 1047 707 1079 an
746 1031 814 1078 velut
835 1045 902 1078 urna
916 1028 1001 1092 ferali
1021 1042 1076 1076 sors
1091 1029 1214 1087 uoluitur,
1230 1029 1296 1089 peri·

157 1123 256 1171 pauper
277 1114 302 1156 et
319 1109 406 1171 infima
430 1109 568 1171 drepente:
589 1111 634 1157 sub
650 1111 707 1157 diac
747 1110 801 1156 turi
817 1110 936 1157 debituris
958 1108 1050 1156 luania
1070 1108 1199 1168 simplicio.
1233 1107 1295 1154 Am-

159 1189 265 1236 maara
290 1190 399 1237 Victima
415 1190 453 1237 nit
470 1189 618 1236 numanatis
637 1189 705 1237 Orci.
747 1185 822 1234 mian.
840 1186 980 1234 Marcellin.
998 1185 1074 1233 XIV.
1087 1200 1144 1247 pag.
1155 1186 1196 1233 33.
1215 1187 1297 1243 Haec,

162 1263 267 1314 Pulchre
284 1269 402 1326 moraris,
413 1267 524 1330 quia,ut
537 1265 625 1315 Cicero
636 1265 707 1324 dicit,
746 1270 777 1312 ut
799 1267 885 1328 regina
906 1279 1053 1314 caussarum
1082 1271 1107 1312 et
1134 1266 1235 1313 arbitra
1259 1279 1296 1312 rc-

165 1345 263 1393 Naturn
280 1346 321 1394 hio
332 1346 400 1394 nobis
412 1348 491 1394 lacum
502 1347 571 1393 dedit
581 1347 708 1402 morandi,
747 1358 818 1400 runa,
836 1346 895 1392 haec
912 1344 1078 1405 disceptata-ic
1089 1359 1181 1390 urnam
1191 1343 1297 1390 sortium

164 1437 208 1470 non
223 1425 364 1472 habitandi.
397 1425 544 1472 Etrrmrari
565 1425 708 1486 provicare
749 1428 879 1485 temperat.
914 1421 997 1471 Schol.
1016 1421 1089 1470 Statii
1105 1420 1168 1468 VII.
1181 1421 1260 1468 Theb.
1272 1423 1295 1469 6.

165 1501 285 1549 usitatum.
313 1500 387 1552 Ovid.
405 1502 439 1549 X.
457 1503 560 1551 Metam.
578 1503 618 1551 32.
646 1504 705 1551 Om-
748 1500 841 1549 “Plato
850 1501 946 1548 inducit
957 1499 1051 1548 scelera
1059 1498 1189 1546 hominum
1198 1499 1222 1546 in
1232 1515 1299 1547 urna

165 1582 204 1628 nia
218 1583 334 1630 debemur
350 1583 429 1637 actm,
441 1584 594 1645 paulumque
607 1584 707 1640 nrornti,
748 1581 853 1629 versari:
870 1586 895 1628 ct
911 1596 978 1628 urum
995 1579 1098 1636 (licitur,
1121 1580 1146 1625 in
1168 1594 1218 1641 qua
1234 1592 1297 1626 mor-

167 1660 247 1709 Serius
272 1666 319 1708 aut
343 1662 419 1708 citius
440 1661 521 1708 sedem
540 1675 707 1723 properantur
749 1666 851 1708 tuorum
884 1661 1013 1709 hominum
1046 1674 1102 1707 ossa
1133 1660 1298 1708 conduntur.''

167 1740 197 1786 ad
210 1755 294 1787 unam.
328 1739 402 1788 Unde
418 1738 533 1786 scelestus
550 1739 656 1787 Neronis
673 1740 706 1786 io·
749 1738 830 1800 Quem
847 1738 929 1787 locum
945 1740 981 1787 ita
991 1738 1062 1788 facile
1074 1737 1228 1787 emendabis:
1244 1739 1296 1786 Ho-

166 1829 204 1865 cus
219 1817 250 1866 de
265 1823 346 1865 morte
362 1816 474 1875 Claudii,
492 1820 587 1866 inarari
603 1835 658 1866 euru
670 1821 707 1866 in·
749 1821 834 1868 ratius
846 1820 922 1877 dicit,
938 1824 1029 1868 sortem
1046 1820 1173 1868 lwrrrinum
1189 1819 1218 1865 in
1233 1832 1300 1865 urna

168 1900 202 1944 ter
217 1898 325 1945 homines
350 1898 457 1954 desiisse,
481 1896 602 1959 producta
627 1896 709 1958 prima
750 1900 854 1946 amsani.

166 1975 265 2037 syllaba.
299 1974 359 2023 Via
385 1974 486 2024 Sueten.
507 1974 533 2022 in
550 1975 650 2023 Nerone
666 1977 706 2024 25.
784 1979 823 2024 Et
839 1991 883 2025 nos
898 1978 926 2024 in
942 1982 1073 2025 aeternum
1090 1975 1298 2034 Exiliamimpo-

167 2053 316 2102 Munokerns
337 2053 369 2100 ad
389 2053 520 2116 Hyginum
545 2053 643 2101 Fabula
669 2055 708 2102 52.
750 2059 835 2104 situra
851 2057 961 2118 cymbae.
989 2053 1075 2102 Multa
1091 2052 1168 2102 MSS.
1186 2053 1299 2100 easdam.

166 2131 272 2198 etCort.
289 2132 321 2179 ad
338 2131 404 2180 Plin.
421 2132 469 2180 VI.
487 2131 566 2194 Epist.
585 2133 623 2180 18.
752 2134 775 2182 l}
796 2135 886 2182 nostris
907 2147 1005 2196 quoque
1033 2147 1118 2180 unum.
1161 2131 1299 2181 Comment.

198 2213 323 2258 Versatur
353 2226 419 2258 arran
447 2213 526 2259 serius
555 2212 622 2260 aciem
649 2214 711 2262 Sors
751 2212 866 2276 “Cymbe
889 2212 1034 2269 charontis,
1058 2218 1098 2271 ut,
1121 2212 1147 2259 in
1173 2217 1302 2260 aeternum

164 2290 271 2336 exitura.
304 2287 365 2337 Sors
387 2295 499 2337 versatur
516 2289 541 2336 in
560 2305 631 2338 urna.
656 2291 708 2339 Do·
753 2291 845 2353 dirigat
869 2291 996 2340 exilium.”
1037 2290 1196 2352 Lugendum,
1218 2290 1301 2337 credo:

163 2368 212 2416 cuit
228 2368 304 2416 etiam
316 2366 455 2415 Gronovius
472 2369 503 2415 ad
516 2368 624 2418 Senecae
635 2371 710 2419 Herc.
753 2369 867 2433 “Cymbe
884 2368 1029 2425 Charontis,
1047 2375 1076 2415 ut
1087 2369 1113 2414 in
1125 2374 1254 2415 aeternum
1267 2368 1301 2414 di-

162 2447 223 2494 Fur.
242 2446 296 2493 191.
330 2445 409 2508 quue
429 2447 479 2494 iam
499 2446 607 2497 fecerant
623 2449 712 2498 Douza
754 2452 819 2512 rigat
836 2448 962 2497 exilium.‘'
996 2448 1078 2496 Locus
1100 2461 1167 2494 nunc
1183 2447 1300 2508 suspicie-

162 2524 260 2574 Oomm.
271 2538 323 2588 cap.
334 2527 357 2574 6.
370 2533 394 2574 et
402 2526 520 2588 Rutgera
535 2528 603 2576 Leet.
616 2528 711 2578 Venus.
754 2543 810 2575 nem
827 2528 932 2584 excitat,
949 2525 1020 2588 quasi
1037 2527 1068 2573 sit
1078 2538 1135 2588 pars
1147 2523 1302 2587 pentametri,

162 2605 185 2652 5.
224 2605 373 2653 Ambrosius
399 2605 473 2668 Oper.
501 2607 530 2654 T.
558 2607 578 2654 I.
604 2623 628 2670 p.
655 2609 711 2656 595.
754 2621 786 2655 ex
802 2607 875 2669 po'e'ta
893 2605 976 2668 aliquo
993 2604 1111 2652 desumta.

656 2747 818 2775 ...000—

550 2889 798 2955 OARMEN
844 2888 901 2952 IV.

345 3026 405 3104 Ne
429 3039 474 3104 sit
496 3039 635 3104 ancillae
659 3039 719 3104 tibi
744 3061 835 3105 amor
857 3040 990 3126 pudori,

345 3143 494 3207 Xanthia
518 3143 664 3207 Phoceu!
690 3143 786 3207 Prius
811 3143 1008 3209 insolentem

346 3245 445 3309 Serva
470 3245 591 3309 Briseis
616 3244 711 3310 niveo
734 3245 840 3311 colore

436 3347 543 3412 Movit
566 3347 741 3413 Achillem.

347 3449 455 3514 Movit
477 3449 614 3514 Aiacem
637 3450 812 3514 Telamone
835 3455 952 3513 natum

351 3552 471 3616 Forma
493 3552 641 3637 captivae
665 3552 836 3617 dominum
859 3553 1063 3618 Tecmessae:

346 3654 440 3720 Arsit
461 3654 596 3720 Atrides
619 3654 728 3720 medio
752 3655 787 3720 in
812 3655 979 3741 triumpho

436 3758 573 3843 Virgine
595 3765 708 3843 rapta,

347 3859 518 3925 Barbarae
533 3869 705 3946 postquam
728 3862 864 3927 cecidere
887 3871 1008 3926 turmae

337 4046 490 4098 CARMEN
509 4049 558 4097 lv·
762 4022 805 4085 qui
820 4021 918 4081 herotis,
935 4027 960 4068 et
973 4020 1024 4082 ipse
1033 4020 1209 4082 Agamemnon
1220 4021 1246 4070 in
1257 4036 1307 4071 me.

762 4100 803 4149 dio
819 4099 951 4162 triumpho.
977 4099 1047 4148 Illud
1058 4101 1086 4147 in
1094 4103 1172 4149 predio
1181 4103 1309 4164 triurrrphc

204 4144 721 4241 Barbaraepostquamcecidereturmae.
762 4178 860 4228 suffieit.
902 4179 971 4227 Nihil
1001 4179 1088 4228 attinet
1116 4195 1216 4229 caussas
1241 4182 1309 4230 illius

170 4259 231 4308 Non
248 4263 297 4314 cst,
314 4258 380 4320 quod
397 4263 434 4315 te,
451 4271 466 4304 ο
483 4257 598 4306 Xanthia
610 4258 721 4316 Phoceu,
763 4258 884 4321 triumphi
900 4272 1098 4310 commemorare.
1123 4259 1308 4310 Hoeetabar-

171 4337 264 4386 amoris
281 4338 318 4387 tui
334 4339 433 4401 pudeat.
468 4338 508 4387 Ita
529 4344 644 4388 amarunt
661 4339 723 4387 anti-
764 4345 894 4402 gumento,
910 4346 935 4388 et
951 4345 1003 4389 tam
1020 4339 1089 4389 brevi
1105 4345 1179 4404 atque
1192 4341 1311 4390 concinno

1158 4425 1176 4484 9
