2916 5220
643 299 960 363 (lllltllllNUM

409 484 453 547 Et
479 484 677 549 iudicantem
702 485 845 551 vidimus
870 486 1016 550 Aeacum

453 587 616 672 Sedesque
639 588 796 653 discretas
820 589 950 674 piorum
973 596 1006 653 et

496 691 621 755 Aeoliis
647 691 768 757 fidibus
793 698 983 777 querentem

410 794 541 878 Sappho
564 794 685 878 puellis
711 795 751 860 de
774 796 1005 880 popularibus,

407 896 453 961 Et
477 903 509 961 te
533 906 705 961 sonantem
728 898 860 982 plenius
885 920 999 980 aureo,

453 1002 593 1084 Aleum,
618 1003 742 1086 plectro
768 1004 849 1067 diua
873 1003 986 1083 navis,

498 1105 589 1169 Dura
612 1105 709 1190 fugae
733 1106 836 1187 mala,
861 1107 943 1171 dura
965 1106 1059 1170 bellil

411 1209 594 1293 Utrumque
619 1230 708 1273 sacro
733 1209 834 1294 digna
858 1209 990 1275 silentio

406 1312 569 1376 Mirantur
593 1313 727 1378 umbrae
750 1313 872 1390 dicere3
898 1314 954 1378 sed
978 1313 1084 1397 magis

451 1415 584 1499 Pugnas
609 1422 643 1480 et
665 1422 796 1480 exactos
821 1421 978 1500 tyrannos

497 1518 644 1583 Densum
668 1518 812 1583 humeris
837 1518 923 1583 bibit
945 1541 1022 1583 aure
1045 1520 1175 1604 vulgus.

407 1621 494 1701 Quid
517 1621 654 1703 mirum,
679 1622 737 1685 ubi
759 1621 826 1686 illis
851 1622 1050 1687 carminibus
1074 1626 1210 1706 stupens

229 1774 253 1821 in
272 1775 429 1835 Proserpina
447 1773 478 1820 ab
495 1772 550 1820 aliis
563 1773 780 1836 productmrript
820 1775 876 1823 205.
925 1776 1013 1823 Vocem
1042 1775 1116 1836 adyti
1141 1774 1244 1835 dipsium
1269 1775 1375 1832 templo,

228 1860 311 1901 tamen
330 1868 345 1900 a
364 1852 457 1902 Seneca
474 1852 547 1901 Herc.
565 1853 626 1901 Fur.
644 1852 700 1900 548.
725 1903 729 1910 ,
821 1869 953 1915 orarentque
967 1854 1094 1913 probatae.
1128 1851 1199 1899 Pers.
1220 1850 1273 1901 Sat.
1291 1852 1314 1899 Ι.
1332 1852 1373 1900 56.

262 1934 384 1993 sedesque
409 1933 537 1979 discretas.
575 1929 640 1980 Cum
666 1929 780 1978 Bentleio
823 1931 905 1980 Cedro
921 1935 998 1995 dipem
1015 1935 1101 1983 locuti.
1121 1931 1255 1982 Caeterum
1270 1930 1374 1979 maluis-

227 2009 416 2072 praeferendum
429 2010 529 2057 videtur
543 2008 615 2056 alteri
631 2011 778 2071 descriptae.
821 2025 885 2067 sem,
917 2012 1038 2061 Horatius
1071 2026 1171 2060 carmen
1200 2011 1323 2060 linivisset
1347 2009 1374 2057 in

227 2088 301 2149 Quod
315 2095 397 2136 tamen
412 2087 779 2151 probatBroukhusiusiuven·
822 2092 899 2139 Dura
919 2090 998 2153 fuya,
1024 2093 1093 2139 atain
1117 2092 1183 2138 dura
1201 2090 1265 2138 belli.
1301 2087 1375 2148 Quae

196 2187 199 2192 ·
227 2174 281 2214 tum
305 2183 402 2230 quoque
424 2167 450 2215 in
471 2167 527 2217 MS.
551 2166 641 2217 Graev.
680 2168 778 2215 Brouk-
821 2177 972 2232 sequuntur,
989 2183 1039 2218 non
1055 2169 1174 2217 concinne
1187 2168 1304 2216 necastis
1318 2174 1374 2230 apte

227 2247 314 2294 husius
331 2247 419 2295 laudat
436 2246 519 2296 Gifan.
536 2247 561 2294 in
578 2246 663 2294 Indice
679 2247 778 2295 Lucret.
821 2262 878 2296 cum
904 2249 1105 2297 antecedentibus
1131 2248 1271 2296 cohaerent.
1310 2247 1374 2302 His,

228 2324 326 2375 Oviul.
350 2327 454 2376 Metam.
469 2327 508 2374 96.
530 2325 642 2373 Plin.II.
662 2326 742 2388 Epist.
755 2329 777 2375 6.
799 2354 801 2393 j
821 2328 915 2375 dudum
932 2328 1041 2390 scriptis,
1059 2343 1091 2377 ex
1108 2325 1267 2374 annotatione
1278 2326 1373 2374 Meine-

227 2405 323 2453 Victor.
346 2406 378 2453 ad
399 2405 502 2454 Ciceron
533 2404 595 2453 XII.
617 2405 695 2467 Epist.
716 2405 736 2450 l.
755 2410 779 2451 et
799 2436 801 2507 y
820 2407 896 2454 kiana
912 2406 995 2463 video,
1012 2406 1032 2454 I.
1051 2408 1081 2455 Il.
1100 2405 1254 2454 Ellendtium
1270 2404 1297 2451 in
1312 2404 1374 2454 Pro·

227 2484 317 2534 Graev.
351 2485 383 2533 ad
413 2485 492 2548 Epist.
522 2485 554 2532 ad
584 2484 663 2533 Attio.
693 2483 728 2532 II.
758 2484 777 2531 1.
821 2501 926 2548 gramm.
944 2486 1128 2548 Regimontano
1145 2500 1166 2532 a.
1182 2484 1254 2532 1853.
1271 2489 1323 2531 tres
1337 2485 1374 2531 ul·

227 2562 424 2612 Addeemultis
439 2562 777 2625 Prudent.Hamartig.953.
820 2564 892 2611 timus
914 2565 1027 2626 strophas
1048 2565 1073 2611 iu
1096 2563 1189 2611 bandis
1207 2562 1374 2624 suspicionem

228 2645 319 2692 Malta
345 2647 373 2691 in
401 2644 526 2692 thesauris
551 2644 645 2690 Patria
670 2647 706 2689 eat
735 2642 777 2688 ltu·
820 2643 958 2699 vacavisse,
979 2657 1065 2701 usum,
1082 2641 1162 2690 iudice
1179 2640 1319 2699 Meinekio,
1337 2655 1374 2688 ar-

228 2724 328 2780 bitatio,
357 2723 468 2776 Cirriste,
493 2721 648 2781 Disperibas
668 2721 777 2768 discreta
820 2722 959 2784 gumentis,
979 2736 1030 2770 non
1046 2720 1145 2769 invictis
1163 2720 1277 2783 quidem,
1295 2725 1322 2767 at
1339 2720 1373 2766 di-

227 2802 293 2849 lacio.
821 2800 876 2862 gnis
901 2807 1000 2859 tamen,
1031 2815 1095 2863 quae
1124 2799 1256 2861 diligenter
1282 2813 1374 2861 expen-

262 2881 340 2928 Sncro
357 2880 433 2940 dipsa
449 2878 556 2925 silentio.
590 2876 686 2924 Veram
703 2876 777 2923 inter-
820 2881 918 2927 dantur.

227 2958 390 3020 pretationem
413 2955 521 3004 servavit
545 2956 614 3004 Acro
635 2960 660 3002 et
681 2952 777 3004 Comm.
856 2959 970 3006 Danaum
992 2959 1103 3005 berneris
1119 2959 1182 3005 otta
1198 2971 1262 3005 aare
1278 2959 1374 3018 scalpus.

227 3035 303 3100 Oruq.
341 3038 413 3094 Quae
434 3036 548 3084 carticina
565 3037 600 3083 sic
610 3034 690 3097 facta
706 3037 777 3090 eant,
821 3035 940 3084 Heinsius
953 3038 1056 3085 derasam
1069 3038 1156 3084 ditari.
1178 3034 1308 3084 Bentleius
1321 3038 1374 3084 αυὶ-

228 3121 257 3161 at
282 3117 355 3177 adyti
379 3116 488 3163 (iliardae
518 3119 676 3175 putarentur
702 3112 779 3173 dipna
820 3119 861 3164 da.
897 3115 946 3164 Sed
960 3118 1125 3174 attrebibere,
1142 3116 1194 3164 sine
1207 3114 1302 3163 adiecto
1316 3113 1373 3162 sub·

226 3200 325 3243 secreto.
368 3192 440 3242 Conf.
463 3192 532 3242 Serv,
554 3191 586 3240 ad
614 3190 707 3253 Virgil.
730 3189 778 3238 VI.
820 3194 922 3242 stantivi
940 3192 1061 3256 epitheto,
1081 3193 1145 3242 bene
1160 3192 1253 3242 Latine
1270 3192 1372 3241 dicitur:

226 3271 292 3320 Aen.
309 3273 366 3320 264.
401 3273 578 3334 “Urnbrneque
594 3271 703 3318 arastes.
736 3267 778 3318 Se·
820 3289 843 3322 v.
862 3287 883 3321 e.
901 3271 973 3322 Ovid.
986 3271 1036 3319 III.
1055 3272 1164 3320 Tristii.
1195 3274 1233 3320 Et
1251 3272 1373 3320 lucrinum

227 3359 293 3399 creta
310 3350 459 3408 inferorum,
477 3364 572 3412 semper
589 3348 693 3397 silentia.
711 3348 779 3396 Nam
821 3366 922 3403 cernens
937 3353 965 3399 in
981 3352 1081 3412 singula
1092 3353 1167 3400 verim
1178 3352 1303 3410 cadentes,
1323 3353 1375 3398 Ore

227 3428 355 3477 hominum
368 3429 470 3477 umbrae
481 3429 628 3490 loquuntur.
646 3428 714 3476 Hinc
729 3434 778 3475 cst:
821 3446 872 3479 mm
890 3431 1022 3486 lacrimae,
1040 3430 1146 3478 curdus
1161 3431 1209 3477 illa
1225 3431 1283 3477 titt.
1306 3429 1375 3477 Vide

230 3508 303 3565 Quae
327 3524 402 3557 sucro
429 3509 531 3556 silentia
555 3508 673 3557 norant.’'
708 3506 778 3554 Haec
821 3507 953 3556 Prieaeum
971 3507 1002 3554 ad
1019 3506 1116 3570 Appul.
1128 3507 1231 3556 Metam.
1243 3507 1265 3555 Ι.
1279 3523 1337 3570 pag.
1353 3510 1373 3555 l.

227 3587 340 3636 Servius.
375 3587 442 3636 Sunt
462 3586 540 3648 igitur
561 3585 649 3634 Alcaei
671 3593 695 3633 et
717 3584 778 3646 Sap*
827 3591 921 3650 Vulpes
947 3588 1056 3635 lanzata
1081 3589 1195 3643 mnam,
1220 3586 1296 3648 quale
1312 3587 1373 3635 olim

226 3666 290 3729 phus
304 3666 416 3713 earmina
429 3664 506 3726 digua
520 3664 565 3711 tali
580 3664 687 3723 silentio,
704 3663 779 3726 quale
821 3665 887 3715 bella
904 3666 990 3728 gessit,
1007 3670 1031 3712 et
1049 3679 1114 3712 nunc
1130 3664 1211 3712 libens
1228 3664 1305 3712 audit.
1333 3665 1371 3715 Si-

226 3758 279 3792 esse
300 3743 361 3792 solet
382 3744 406 3790 in
428 3743 488 3791 locis
510 3741 669 3790 sanctissimis
689 3741 778 3791 infero·
820 3746 875 3794 mul
892 3745 1001 3792 indicare
1014 3750 1094 3805 potest
1107 3746 1246 3802 robustum,
1262 3744 1373 3808 μείζονες

228 3837 296 3881 rum,
318 3823 383 3885 quod
401 3829 467 3871 certe
484 3822 562 3869 maius
579 3830 628 3883 est,
645 3836 720 3884 quarn
737 3823 777 3870 vel
821 3823 933 3872 εἰσιδέειν
951 3824 991 3870 καὶ
1010 3822 1151 3883 πάσσονες,
1173 3828 1198 3871 et
1214 3820 1295 3884 εὐρέες
1312 3823 1374 3885 ὦμοι

229 3903 367 3950 maximum
392 3902 531 3958 silentium,
556 3902 621 3964 quod
642 3909 731 3964 regnat
751 3903 777 3949 in
821 3903 888 3965 apud
906 3902 1056 3958 Homerum,
1074 3903 1183 3961 tepentes
1208 3906 1233 3948 ct
1258 3901 1308 3947 lati
1326 3901 1372 3946 tu-

227 3981 316 4039 sacris,
335 3997 398 4044 qnae
414 3983 439 4029 in
458 3989 525 4030 terra
541 3982 611 4028 fiunt.
630 3981 669 4028 De
681 3981 777 4028 dicendi
822 3985 884 4030 trieri
916 3980 983 4043 apud
1008 3979 1133 4027 Romanos
1158 3980 1243 4042 poetas
1268 3978 1373 4026 militem

227 4060 348 4118 formula,
373 4061 461 4110 similis
486 4069 523 4110 est
540 4061 600 4108 haec
617 4057 710 4120 Virgil.
727 4058 776 4106 VI.
819 4061 1001 4110 commendant.
1047 4057 1107 4107 Vid.
1134 4057 1227 4106 Markl.
1255 4057 1287 4104 ad
1318 4055 1373 4106 Sta-

227 4139 292 4187 Aen.
309 4139 366 4187 662.
403 4143 500 4190 Phoebo
517 4141 593 4202 dican
612 4139 696 4188 locuti.
722 4138 776 4185 Lu·
820 4141 848 4188 tii
865 4140 915 4188 III.
943 4138 1004 4187 Silv.
1034 4139 1054 4186 l.
1077 4137 1116 4185 36.
1156 4135 1187 4183 In
1210 4135 1293 4198 glossa
1313 4134 1372 4184 MS·

225 4232 279 4264 can.
298 4218 346 4265 IX.
362 4220 417 4266 564.
452 4218 576 4280 Effundit
589 4217 777 4279 dipnuendptis
819 4219 928 4280 legitur:
955 4217 1015 4278 qnia
1045 4217 1123 4276 mepte
1148 4216 1250 4263 demum
1276 4217 1375 4273 buntcri

226 4313 240 4343 c
262 4303 360 4358 pectere
387 4312 459 4345 sores.
494 4296 605 4344 Iuvenal.
629 4296 680 4344 Sat.
699 4294 776 4343 XIII.
820 4297 918 4343 stende.
