2916 5220
558 297 873 362 CARMINUM

239 485 306 550 Nee
330 490 477 551 tenerum
502 485 647 569 Lycidan
671 485 846 566 mirabere,
868 505 931 568 quo
954 483 1040 549 calet
1060 483 1213 549 iuventus

284 588 379 653 Nunc
403 589 525 670 omnis,
549 596 582 653 et
598 610 676 653 mox
699 588 844 672 virgines
868 587 1034 672 tepebunt.

149 740 204 786 666.
239 740 356 787 Exilium
373 741 480 803 qaedam
496 746 604 802 tempore
617 741 696 788 Tibur
773 740 888 801 Lycidan
913 740 1041 787 mirabere.
1079 739 1134 787 Alii
1157 741 1290 801 Lycidaru.

149 824 213 866 erat.
239 818 260 866 Ι.
290 818 357 866 Fast.
383 817 439 866 tto.
483 819 568 871 Falla,
593 819 695 866 exilium
739 817 810 865 Illud
826 817 918 865 habeut
933 816 1037 866 meliora
1053 817 1130 866 MSS.
1146 816 1205 865 Vid.
1220 817 1291 866 Cort.

149 901 190 945 rui
207 901 274 946 166111
290 899 333 947 itte
342 897 408 960 suit.
741 897 772 943 ad
789 897 882 945 Lucan.
901 896 949 944 111.
967 897 1024 944 636.
1049 897 1083 944 V.
1100 897 1157 947 705.

638 1096 791 1117 *Quo*-

546 1256 791 1323 CARMEN
836 1257 874 1320 V.

329 1415 417 1498 Quis
441 1427 548 1492 multa
570 1425 701 1510 gracilis
726 1432 759 1490 tc
781 1448 861 1510 puer
885 1426 919 1490 in
943 1448 1015 1491 rosa

331 1529 486 1596 Perfusus
509 1528 644 1614 liquidis
668 1534 787 1613 urguet
805 1520 961 1593 odoribus

376 1635 496 1716 Grato,
522 1633 663 1717 Pyrrha,
688 1633 749 1697 sub
773 1635 887 1697 antro?

420 1736 481 1802 Oui
503 1735 622 1800 flavam
646 1735 764 1820 religas
788 1757 932 1818 comam,

333 1838 480 1923 Simplex
503 1838 698 1903 munditiis?
745 1839 834 1902 Heu!
859 1839 986 1923 quoties
1010 1839 1108 1904 fidem

331 1943 541 2027 Mutatosque
565 1941 651 2006 Deos
675 1940 784 2023 flebit,
809 1945 842 2006 et
865 1964 979 2027 aspera

374 2043 486 2128 Nigris
507 2065 646 2127 aequora
668 2043 776 2108 ventis

420 2145 623 2211 Emirabitur
639 2145 804 2228 insulana,

322 2340 474 2389 CARMEN
492 2339 525 2388 V·
744 2311 826 2358 titur!
843 2319 868 2359 et
884 2312 1019 2360 Horatium
1036 2311 1124 2359 liberat
1141 2325 1211 2367 voce,
1229 2325 1295 2373 quae

743 2402 868 2451 nusquam
894 2389 953 2436 alibi
978 2389 1122 2451 reperiatur.
1165 2389 1221 2450 Ego
1246 2403 1295 2450 po-

239 2472 279 2519 ata
305 2472 387 2520 rualta
410 2472 521 2534 crucilia.
564 2468 596 2516 In
620 2468 697 2518 MSS.
744 2468 793 2516 tius
826 2469 925 2516 credam
954 2483 1012 2516 eum
1045 2468 1167 2530 scripsisse
1199 2466 1295 2516 illata-

151 2547 258 2596 Franck.
283 2565 298 2596 a
324 2549 472 2606 Scholiasta,
497 2548 540 2611 qui
565 2547 595 2594 dc
615 2545 699 2594 metris
746 2553 831 2610 torque
847 2549 915 2596 Deos
927 2548 1017 2609 flebit!
1035 2556 1065 2598 at
1086 2562 1178 2608 aspera
1204 2547 1297 2608 styra

152 2627 294 2675 Horatianis
310 2629 425 2677 libellum
442 2627 590 2689 composuit,
602 2625 626 2671 h.
636 2623 653 2671 l.
665 2624 700 2671 ita
745 2641 853 2688 aequora
874 2628 954 2675 cartu
988 2626 1151 2674 Enriralritar
1172 2628 1293 2674 1616161161

152 2703 264 2753 refertur.
301 2707 456 2763 Quirinalia
472 2706 581 2766 crucilia.
615 2703 649 2750 Et
666 2702 700 2750 sic
746 2702 837 2752 Postea
857 2704 908 2752 vidi
927 2703 993 2752 idem
1011 2703 1133 2766 placuisse
1150 2703 1296 2767 Cuningha-

152 2783 202 2831 iam
231 2784 291 2831 alios
315 2784 442 2841 malmsse,
474 2783 533 2830 dicit
558 2781 700 2832 Chahotius.
746 2795 793 2830 mo.
828 2784 947 2831 Eratrari
967 2783 1068 2845 quidem
1090 2783 1161 2832 hodie
1181 2798 1230 2830 non
1253 2799 1296 2846 ap-

152 2863 240 2925 Neque
250 2864 297 2910 hoc
307 2863 367 2911 mihi
377 2863 493 2925 diaplieet.
511 2861 636 2909 Tollenda
645 2867 701 2908 tum
745 2867 816 2921 paret
840 2862 866 2908 in
890 2861 1037 2909 editionibus
1062 2868 1174 2911 veterum
1195 2863 1296 2925 scripto-

153 2946 212 2988 sunt
228 2940 397 3002 interrogandi
411 2941 495 3003 signa,
512 2946 537 2988 ct
547 2955 607 2988 mox
617 2939 701 3002 legen·
746 2953 816 2998 rum,
837 2939 884 2988 nisi
900 2940 967 3003 quod
988 2940 1119 2989 Muneker.
1137 2942 1170 3006 in·
1180 2941 1296 2991 Lactant.

153 3019 227 3066 dum:
244 3021 341 3067 1161611111
358 3026 490 3069 6111116611
509 3022 629 3069 Fallacia
652 3019 701 3080 Qui
748 3017 842 3067 Placid.
859 3035 883 3081 p.
900 3020 957 3068 251.
975 3033 989 3067 c
1006 3018 1083 3069 MSS.
1100 3020 1179 3068 61611.
1197 3019 1298 3070 Veneta

153 3110 216 3158 puer
229 3103 253 3144 16
265 3103 366 3159 urguet,
383 3097 424 3145 cni
435 3112 530 3145 comam
541 3098 641 3160 religas
652 3098 702 3147 hen
748 3098 821 3147 dedit.
853 3099 902 3148 Sed
918 3099 983 3146 idem
1000 3097 1065 3145 illud
1081 3099 1185 3147 amirari
1202 3101 1296 3162 conspi-

153 3175 248 3237 quoties
265 3176 308 3223 ille
325 3175 399 3224 fidem
416 3182 441 3224 et
457 3176 524 3224 Deos
540 3181 649 3224 mutatos
661 3175 701 3224 fle·
747 3177 812 3224 citur
828 3177 854 3225 in
871 3183 908 3225 tot
924 3177 993 3225 bonis
1012 3176 1090 3227 MSS.
1108 3184 1136 3224 ut
1152 3177 1205 3226 sine
1221 3179 1297 3227 dnbio

154 3252 201 3301 bit!
236 3253 304 3302 Puer
329 3255 356 3302 in
381 3270 450 3314 rosa,
476 3261 504 3301 ut
524 3255 614 3303 Alexis
636 3254 702 3317 apud
748 3267 819 3317 saepe
839 3254 1019 3303 restituendum
1040 3254 1084 3311 sit,
1105 3255 1148 3304 nbi
1168 3261 1296 3306 1111116611-

153 3334 247 3382 Α111611.
265 3333 313 3381 ΙΧ.
322 3335 362 3382 25.
390 3332 558 3398 011161161τεῖ,
568 3338 704 3397 περιπατεῖ
748 3332 1121 3395 11111161116116111111116111116
1138 3351 1162 3382 v.
1174 3336 1296 3387 Burman.

152 3413 181 3461 ἐν
198 3417 251 3470 τοῖς
268 3411 410 3476 στεφάνοις.
440 3414 528 3474 Qualis
545 3414 640 3461 dicendi
655 3413 702 3460 for·
749 3413 780 3460 ad
798 3412 889 3474 virgil.
902 3413 936 3461 V.
954 3412 1020 3460 Aen.
1033 3412 1089 3460 555.
1101 3420 1125 3460 et
1137 3411 1296 3478 Oudendorp.

153 3490 222 3538 mula
238 3493 312 3539 etiam
329 3492 454 3540 illustrata
468 3501 505 3541 est
516 3494 541 3540 in
550 3493 704 3542 Bibliotheca
749 3493 781 3538 ad
798 3491 894 3554 Appul.
903 3491 937 3539 V.
955 3491 1057 3540 Metam.
1075 3506 1132 3554 pag.
1141 3493 1197 3544 274.
1220 3492 1297 3541 Prae-

154 3569 246 3618 Critica
261 3570 334 3618 Nora
350 3571 410 3619 Vol.
428 3572 478 3620 III.
496 3588 553 3634 pag.
570 3572 627 3623 237.
749 3571 836 3634 positio
864 3586 895 3619 ea
916 3577 944 3617 ut
970 3569 1067 3618 Graeca
1088 3570 1114 3619 ἐκ
1140 3571 1297 3634 significatio-

190 3650 281 3709 Grata,
299 3650 416 3711 Pyrrha,
430 3650 477 3696 aab
488 3654 569 3696 antro.
591 3650 703 3696 Gratum
748 3665 806 3700 uem
826 3649 960 3698 verborum
979 3663 1082 3697 suorum
1099 3650 1212 3709 intendit,
1229 3654 1297 3715 qnod

153 3727 214 3774 mihi
235 3729 332 3776 videtur
353 3728 478 3789 epitheton
499 3728 571 3775 nimis
588 3735 662 3776 tenue
679 3734 704 3776 et
750 3744 821 3792 saepe
830 3730 876 3776 viri
885 3729 949 3776 docti
957 3729 1164 3777 demonstrarunt.
1183 3727 1297 3780 Oudeud.

153 3820 290 3854 commuue.
325 3807 378 3855 Vix
395 3808 467 3855 credo
483 3822 535 3856 esse
552 3807 660 3865 Horatii,
678 3807 703 3855 in
750 3810 767 3858 l.
793 3810 810 3857 1.
836 3810 1026 3871 interpretatur:
1063 3808 1169 3869 Crebro,
1193 3824 1250 3858 cece
1274 3817 1299 3859 et

153 3886 263 3935 carmine
280 3892 332 3934 tam
348 3887 446 3936 Latino.
749 3894 820 3951 aesta
841 3889 1032 3936 aderriratr'orrerrr
1050 3887 1163 3948 prodere.
1192 3888 1228 3936 Et
1243 3889 1298 3938 Ab·

201 3966 365 4014 Enarrabttar
391 3968 506 4016 insolens.
551 3967 601 4028 Qui
633 3968 703 4015 toties
749 3969 827 4017 resch.
849 3968 874 4015 in
896 3966 998 4017 Observ.
1015 3964 1155 4015 Miscellan.
1172 3964 1231 4013 Vol.
1250 3966 1298 4015 VI.

153 4044 215 4092 vidit
234 4059 326 4108 aequor
342 4046 468 4108 placidum
485 4048 577 4095 mutari
592 4048 618 4094 in
635 4062 702 4110 66116-
749 4064 805 4111 pag.
822 4048 879 4097 285.
897 4047 1007 4096 cateruis
1017 4046 1096 4108 1191161
1106 4045 1299 4094 adrnirationem

153 4139 223 4179 rum,
248 4139 298 4172 non
323 4126 430 4174 insolens
443 4127 529 4183 -videt,
555 4141 634 4189 neque
651 4141 702 4173 am·
748 4143 871 4176 samrrram
888 4128 1022 4175 retardare.
1056 4123 1117 4173 Alio
1133 4123 1209 4185 plane
1225 4125 1300 4173 modo

153 4203 220 4264 plius
237 4203 320 4251 mirari
336 4212 421 4267 potest.
448 4207 584 4268 Propterea
604 4221 703 4270 qnoque
748 4208 799 4270 egit
815 4208 942 4256 llertelius
959 4207 990 4254 ad
1007 4204 1087 4253 Taciti
1101 4203 1214 4264 Agricol.
1222 4219 1245 4265 p.
1258 4205 1297 4251 55.

154 4281 259 4329 Bentlei.
277 4297 321 4344 pro
342 4285 701 4347 66111116111111611111111111111-
748 4288 891 4345 Interdum,
915 4287 960 4345 nit,
981 4283 1127 4349 praeposit-io
1148 4298 1179 4330 ca
1201 4283 1298 4331 init-ium
