2916 5220
543 322 717 385 Llllllll
764 324 808 384 ll.

284 509 441 574 Demittit
465 516 551 572 atras
575 508 685 572 bellua
708 508 872 593 centiceps

134 687 259 734 Dernittit
275 691 348 732 ntrne
366 685 446 731 bellun
460 684 580 744 centiceps
598 685 649 729 Au-

100 779 148 812 res.
182 765 258 812 Modo
269 749 387 826 legimus:
405 763 467 810 bibit
478 777 546 810 eure.
570 760 650 821 Quem

99 857 152 891 non
168 842 269 892 offendit
286 842 370 891 statim
383 841 473 889 iterata
483 840 569 889 eadem
586 844 651 888 vox?

101 922 190 985 Neque
198 938 292 985 magna
303 927 340 970 est
348 919 562 982 ealausSapphus
571 926 595 968 et
604 920 650 969 Al·

100 1003 165 1058 caei,
182 1003 203 1050 si
219 1000 341 1052 Cerberus
359 999 390 1047 ad
407 997 518 1046 carmina
534 1004 586 1046 tam
597 999 651 1061 pul-

100 1081 162 1128 chra
178 1095 254 1129 auree
270 1079 391 1128 demittat.
425 1078 492 1126 Nam
515 1094 591 1127 aures
612 1080 650 1127 de·

99 1161 202 1209 mittere
226 1160 332 1208 habetur
356 1155 477 1205 indicium
502 1158 603 1207 inertiae
627 1163 651 1206 et

100 1238 209 1295 timoris,
236 1245 264 1286 ut
289 1241 373 1287 tollere
394 1238 486 1300 vigoris
503 1245 528 1285 et
544 1237 660 1285 virtutis

100 1316 190 1365 Horat.
199 1317 220 1364 Ι.
240 1316 292 1365 Sat.
305 1317 329 1364 9.
337 1317 378 1365 20.
413 1317 528 1364 Deruitto
547 1318 651 1364 aurion-

100 1398 141 1443 lnr
158 1401 188 1442 ut
204 1396 305 1456 iniquae
322 1396 412 1443 nuntie
427 1396 527 1442 asellus.
556 1393 651 1443 Statius

102 1474 150 1522 XI.
174 1472 253 1522 Theb.
280 1474 336 1524 745.
363 1473 393 1522 de
418 1473 554 1521 leoncium
571 1478 651 1521 aetate

100 1553 222 1602 eonfeem:
241 1555 319 1602 Etsi
335 1555 554 1602 remunerantur
570 1555 650 1616 irrupi·

101 1639 145 1681 tua
161 1634 197 1680 ad
212 1647 298 1691 auree,
317 1630 446 1694 Eripitur.
480 1631 612 1680 Claudiau.
630 1632 651 1679 Ι.

100 1711 206 1774 Eutrop.
227 1711 280 1759 136.
301 1725 378 1773 quum
395 1711 494 1758 tardior
510 1712 574 1758 idern
593 1712 652 1758 Inna

99 1790 183 1838 scabie
203 1791 299 1838 lucerua
319 1789 408 1837 deecit
427 1790 544 1836 sordidus
569 1803 651 1836 aurea.

100 1867 261 1919 Contrarium
278 1867 336 1916 huie
353 1872 389 1915 est
406 1881 477 1915 aures
495 1869 593 1926 tollere,
611 1883 652 1915 nr·

99 1951 193 2010 ripere,
214 1963 309 1996 acuere.
347 1945 434 1994 Horat.
455 1944 504 1993 VI.
526 1946 604 2008 uper.
628 1949 651 1994 5.

100 2031 172 2076 Num
188 2031 272 2090 qualis
288 2032 336 2075 ant
354 2024 489 2082 Molossus,
506 2029 652 2088 antjnlczu

100 2109 199 2164 Lnron,
222 2108 303 2168 Apum
323 2120 368 2167 per
386 2105 453 2151 altus
470 2119 533 2152 aure
549 2106 651 2152 stillata

99 2188 182 2244 nivea,
221 2186 388 2245 Quaecunque
418 2183 554 2241 praecedat
580 2183 650 2246 feru.

100 2266 153 2316 Ubi
170 2265 268 2315 Comm.
291 2260 399 2325 “alioqui
420 2262 560 2310 timentium
578 2277 651 2311 aures

101 2345 224 2393 demissae
233 2342 313 2391 suut.‘'
330 2342 493 2389 Burmannus
501 2341 533 2387 ad
542 2339 652 2388 Phaedri

101 2424 123 2471 1.
146 2422 207 2470 Fab.
228 2423 265 2470 ll.
287 2419 384 2467 dubitat
405 2434 437 2466 an
462 2419 551 2467 Latine
572 2419 652 2466 dicere

101 2502 178 2550 liceat
198 2515 272 2548 cures
295 2501 380 2548 tollere
400 2512 446 2560 pro
467 2499 566 2559 eripere.
601 2496 652 2544 Ηο-

102 2582 181 2628 ratius
198 2579 287 2627 docuit.
321 2577 480 2639 Quamquam
500 2578 613 2637 arripere
628 2583 653 2623 et

102 2662 197 2722 wipere
208 2657 288 2720 magle
299 2657 419 2705 usitatum
431 2656 469 2703 sit.
487 2654 579 2716 Virgil.
589 2655 652 2704 XII.

104 2739 170 2786 Aen.
198 2738 254 2786 618.
298 2740 419 2784 Arrectur
443 2735 545 2796 inrpulit
570 2749 652 2782 aures.

106 2819 201 2868 Seneca
225 2817 299 2866 Herc.
317 2816 376 2865 Fur.
394 2815 450 2867 790.
476 2815 507 2862 de
533 2813 651 2862 Cerbero:

103 2900 182 2946 sensit
199 2903 229 2945 nt
247 2902 326 2944 uictus
341 2895 554 2957 pedrrrri,dttollit
571 2895 653 2940 lzirtns

104 2992 185 3038 rrnque
200 2978 298 3025 οῖῦναΐο
314 2988 408 3034 comus,
421 2974 579 3034 Missnrnque
594 2987 652 3033 anp-

106 3062 147 3103 tnt
163 3072 225 3105 nure
241 3057 356 3104 οιιονεοίο
366 3068 459 3102 sotium.
477 3049 651 3100 VidGronov.

106 3135 220 3197 Propert.
251 3134 299 3182 III.
324 3135 347 3180 5.
392 3132 524 3192 suspensis
548 3132 653 3178 auribus

104 3218 157 3262 istu
168 3216 256 3262 αι’ὔονι.
271 3213 355 3261 Aures
364 3217 455 3260 nonius
466 3209 528 3256 dixit
533 3208 653 3256 Horatius

106 3295 141 3342 Π.
160 3293 245 3344 Carm.
268 3292 305 3338 19.
339 3289 422 3337 Plura
441 3288 490 3335 huc
506 3287 654 3350 pertinentia

106 3374 224 3436 leguntur
244 3371 310 3434 apud
328 3367 533 3429 Oudendorpium
551 3367 582 3413 ad
599 3368 651 3430 Ap·

107 3453 159 3516 pul.
181 3452 283 3501 Metam.
305 3465 329 3512 p.
347 3448 404 3498 477.
431 3456 456 3494 et
476 3445 603 3495 Drakeub.
622 3446 653 3492 ad

106 3534 162 3583 Liv.
180 3533 215 3580 II.
238 3531 277 3578 et.
311 3527 414 3576 Homer.
436 3523 526 3587 Odyss.
548 3530 576 3573 P.
594 3525 651 3574 291.

103 3612 151 3661 Ἂν
167 3611 192 3660 δὲ
209 3610 275 3659 κύων
291 3604 402 3671 κεφαλήν
416 3622 442 3653 τε
459 3604 500 3652 καὶ
511 3603 592 3652 οὔατα
604 3604 652 3652 κεί-

105 3708 181 3751 μενος
198 3691 278 3751 ἔσχεν.
304 3685 404 3736 Gallim.
421 3682 516 3745 Hymn.
528 3682 584 3730 Del.
595 3681 652 3730 228.

108 3771 184 3818 Κύων
201 3771 235 3827 ὣς
251 3765 401 3832 Ἀρτέμιδος,
419 3763 475 3823 ἥτις
492 3779 517 3810 τε
534 3763 597 3821 θοῆς
612 3760 654 3809 ὅτε

108 3849 231 3898 παύσεται
252 3847 344 3911 ἄγρης,
362 3844 423 3900 ’Ίζει
442 3842 576 3906 ἓηρὴτειρα
593 3840 653 3906 παρ’

106 3929 218 3990 ἴχνεσιν,
237 3927 318 3976 οὔατα
341 3925 362 3974 δ’
386 3926 467 3986 αὐτῆς
491 3923 570 3988 '0de
594 3920 653 3987 μάλ’

106 4005 161 4055 αι’ὲν
182 4006 269 4069 ἑτοῖμα
289 4007 349 4065 θεῆς
371 4003 512 4068 ὑποδέχθαι
533 4001 653 4066 ὁμοκλὴν.

106 4086 173 4134 Vide
195 4085 374 4134 Ruhnkenium
395 4083 475 4146 Epist.
497 4081 558 4132 Crit.
576 4081 612 4128 Π.
630 4095 652 4142 p.

111 4166 164 4214 159.
199 4165 318 4228 Apollon.
339 4165 421 4214 Rhod.
444 4164 465 4212 Ι.
482 4164 578 4225 Argon.
597 4163 653 4210 513.

107 4244 207 4308 Orpheo
224 4251 333 4294 cessante
349 4258 448 4303 canere,
460 4245 497 4292 ἔτι
510 4243 653 4306 προῦχοντα

107 4324 202 4388 κάρηνα
231 4322 331 4381 Πάντες
360 4323 439 4386 ὁμῶς,
471 4322 584 4385 ὀρθοῖσιν
616 4319 654 4367 ἐπ’

693 683 782 730 οὔασιν
805 681 953 746 ἠρεμέοντες
976 684 1114 748 Κηληθμῷ.
1149 684 1240 734 Cerbe-

692 775 735 809 rus
751 776 812 824 ergo
833 762 864 809 ad
886 761 1040 810 dulcissimos
1061 764 1150 826 plectri
1171 777 1241 812 sonos

692 840 796 888 debebat
812 854 884 888 aures
907 854 957 887 non
977 842 1117 900 detinuere,
1138 843 1193 900 sed,
1215 852 1242 890 ut

693 917 843 981 Pamphilus
861 920 1037 976 Terentianus,
1055 922 1172 984 err-ripere.
1206 923 1242 970 Et

692 998 727 1045 sic
743 998 875 1048 Claudiae.
889 998 910 1046 Ι.
926 999 999 1061 Rapt.
1018 998 1133 1062 Proscrp.
1150 1001 1186 1048 12.
1198 1017 1241 1049 un·

691 1093 749 1139 ques
769 1079 918 1139 Triptolemi
934 1079 1060 1133 stridunt,
1083 1087 1108 1127 et
1124 1093 1242 1141 οηιοαοιοο

691 1157 774 1204 eureis
793 1156 865 1205 Colla
883 1157 966 1204 levant
984 1158 1078 1204 attritu
1095 1158 1173 1219 ιάρίι,
1186 1159 1240 1220 lnp-

691 1248 769 1297 suque
785 1250 871 1285 sereno
888 1237 980 1285 Erectl
995 1250 1080 1284 roseus
1091 1238 1198 1285 tendunt
1209 1239 1243 1285 nd

691 1316 807 1362 cnrunr'nn.
822 1317 923 1363 cristus.
949 1313 1070 1376 Equidem
1088 1320 1147 1377 puto
1158 1315 1242 1378 legen·

692 1391 763 1441 dum:
781 1394 891 1442 derrrdtit
916 1398 988 1440 utros
1013 1395 1095 1440 bellna
1119 1398 1242 1457 centiceps

694 1472 798 1519 Fauces.
832 1469 949 1528 Animal,
964 1469 1028 1531 quod
1041 1471 1138 1518 assiduo
1149 1471 1241 1520 latratu

691 1550 746 1598 loca
762 1550 860 1599 inferna
880 1557 1006 1613 personat,
1028 1565 1094 1598 nuuc
1115 1551 1197 1614 capita
1218 1560 1242 1601 et

692 1627 774 1677 fauces
799 1630 918 1692 demittit,
948 1636 1030 1692 stupet
1060 1636 1085 1678 et
1109 1632 1240 1679 auscultat.

692 1706 784 1769 Virgil.
807 1708 855 1756 IV.
878 1708 968 1771 Georg.
992 1709 1047 1757 483.
1082 1707 1181 1772 Orpheo
1202 1725 1241 1757 ca-

692 1793 778 1844 nente,
790 1790 872 1837 tenuit
883 1789 987 1837 inhians
996 1790 1048 1837 ίτῦα
1060 1789 1181 1838 Cerberus
1189 1805 1240 1838 oro.

691 1865 787 1915 Contra
812 1867 889 1918 Silius
914 1868 977 1916 XII.
1005 1869 1042 1916 10,
1073 1869 1116 1916 ubi
1141 1883 1241 1932 serpens

691 1945 758 1994 efflat
775 1948 869 1998 saniem
881 1950 1003 2011 faucibus
1014 1953 1128 2000 notatu.
1154 1949 1240 1998 Boeth.

692 2023 791 2074 Cousol.
809 2026 859 2074 III.
877 2028 952 2077 Metr.
977 2029 1014 2077 12.
1051 2031 1143 2092 Stupet
1166 2034 1241 2091 terpe-

692 2105 775 2153 nn‘nus
800 2121 861 2154 novo
885 2108 985 2169 Captus
1006 2110 1117 2158 carutine
1137 2110 1240 2158 innitor.

692 2183 821 2233 Ennodius
837 2187 863 2233 in
880 2187 943 2235 Vita
960 2188 1091 2250 Epiphanii
1109 2205 1165 2252 pag.
1184 2190 1240 2239 373.

695 2263 746 2311 Cui
770 2270 795 2312 et
815 2267 911 2314 bellnae
932 2267 1036 2315 rubidae
1056 2269 1120 2316 eolla
1136 2270 1240 2315 subrisit-

693 2347 759 2389 tunt.
785 2343 820 2391 Et
830 2343 951 2406 fannion
967 2345 993 2392 in
1005 2346 1098 2393 latratu
1110 2347 1242 2409 praecipue

694 2419 722 2466 fit
739 2422 837 2469 mentio.
862 2422 955 2485 Virgil.
967 2423 1015 2471 VI.
1028 2423 1093 2472 Aen.
1107 2425 1163 2475 417.
1191 2427 1241 2472 Ln-

695 2504 767 2547 tratu
793 2516 869 2561 νοραα
901 2501 1010 2564 trifauci
1035 2505 1170 2551 Personat.
1204 2503 1242 2552 Si-

693 2576 743 2624 lius
760 2577 795 2626 ΙΙ.
813 2580 869 2626 551.
896 2581 1037 2642 Forrnnque
1053 2581 1161 2644 trifauci
1178 2585 1241 2629 Per·

693 2664 767 2705 senat
783 2660 902 2706 insomnis
919 2660 1067 2708 locrlruoeue
1084 2663 1181 2710 ianitor
1197 2678 1241 2710 an-

694 2737 741 2784 Ioe.
776 2736 925 2798 Interprctcs
946 2737 1074 2799 vulgatam
1095 2739 1121 2786 in
1138 2739 1243 2788 Horatio

694 2814 824 2863 lectionem
842 2816 876 2862 ita
900 2817 1039 2880 explicant,
1065 2828 1094 2865 ut
1119 2818 1242 2868 Cerberus

694 2894 795 2942 auribus
812 2896 923 2946 demissis
944 2898 1065 2948 feritatem
1088 2897 1197 2957 exuisse,
1218 2905 1243 2946 et

693 2973 774 3020 mitior
791 2973 870 3022 factus
880 2990 933 3025 esse
944 2978 1106 3041 intelligatur.
1133 2978 1182 3027 Sed
1197 2978 1243 3025 hoc

693 3051 740 3099 nisi
761 3054 844 3102 audito
868 3057 976 3105 carmine
1001 3063 1026 3106 et
1051 3063 1146 3106 arrecta
1170 3072 1242 3114 aure,

693 3130 746 3178 fieri
771 3146 821 3179 non
846 3135 933 3196 potuit.
968 3136 1021 3184 Nec
1050 3150 1108 3183 vero
1137 3135 1243 3183 arbitror

694 3225 843 3274 quemquam
868 3213 930 3261 mihi
950 3228 1002 3262 esse
1022 3212 1177 3260 obiecturum
1198 3212 1243 3260 illa

694 3288 798 3339 Homeri
816 3289 905 3354 Odyss.
923 3297 950 3340 P.
968 3307 1004 3341 vs.
1016 3292 1072 3340 301.
1093 3291 1134 3338 ubi
1146 3292 1242 3353 Argus,

694 3369 779 3431 agnito
797 3368 901 3431 Ulysse,
919 3371 989 3435 Οὔρῇ
1005 3369 1051 3435 μέν
1067 3369 1088 3434 ρ’
1106 3368 1144 3434 ὅγ’
1161 3371 1241 3431 ἔσηνε,

694 3448 735 3496 καὶ
744 3448 823 3496 οὔατα
835 3447 971 3510 κάββαλεν
982 3447 1063 3513 ἄμφω.
1080 3447 1149 3496 Nam
1159 3445 1242 3508 imago

694 3525 795 3576 Cerberi
816 3526 979 3584 blandientis,
1000 3527 1100 3588 qualem
1121 3525 1242 3574 Horatius

695 3606 820 3668 proposuit
837 3605 886 3654 III.
905 3605 990 3656 Carm.
1010 3607 1047 3654 ll.
1074 3605 1131 3654 huic
1146 3606 1202 3654 loco
1218 3613 1242 3654 ct

695 3684 733 3733 his
751 3687 831 3735 verbis
851 3702 902 3735 non
924 3687 1045 3736 convenit.
1084 3686 1169 3748 Atque
1192 3686 1242 3734 Ho-

695 3765 814 3812 mericum
830 3766 894 3813 illud
912 3767 983 3825 ἔσηνε
1001 3765 1062 3814 mihi
1078 3765 1119 3813 hic
1135 3765 1161 3812 in
1175 3778 1242 3812 men-

695 3849 744 3892 tem
772 3851 843 3892 vocat
872 3850 1014 3906 corruptam
1044 3844 1191 3905 scripturam
1216 3843 1241 3888 in

694 3923 808 3985 Epistola
820 3924 899 3986 prima
912 3922 1027 3985 Apostoli
1035 3921 1111 3969 Pauli
1124 3922 1156 3968 ad
1164 3921 1242 3969 Thes·

695 4002 738 4049 sal.
752 4003 801 4051 ΙΙΙ.
816 4003 839 4051 2.
854 4004 877 4050 3.
896 3999 1061 4065 Ἐπέμψαμεν
1072 3998 1195 4062 Τιμόθεον
1207 3997 1241 4054 εἰς

695 4083 723 4131 τὸ
754 4080 870 4143 στηρίξαι
900 4078 967 4143 ὑμᾶς
996 4079 1037 4125 καὶ
1067 4076 1241 4140 παρακαλέσαι

697 4161 761 4225 ὑμᾶς
780 4160 843 4223 ὑπὲρ
861 4162 907 4218 τῆς
926 4157 1032 4214 πίστεως
1050 4156 1133 4220 ὑμῶν,
1146 4158 1183 4220 τῷ
1192 4175 1241 4220 μη-

695 4239 755 4290 δένα
781 4239 910 4288 σαίνεσθαι
936 4239 963 4286 ἐν
986 4241 1042 4294 ταῖς
1059 4236 1162 4300 &libros
1180 4238 1242 4285 ταῦ-

696 4339 759 4378 τοις.
793 4319 935 4382 Vulgatus:
962 4324 990 4365 ut
1016 4333 1085 4367 nenio
1107 4323 1241 4366 moventur.
