2916 5220
617 328 642 389 t
676 328 684 388 Ι
717 329 742 390 ll
770 327 795 390 n
824 329 852 389 ll
1235 330 1294 394 381

344 514 433 594 Quae
456 515 563 579 finis?
586 519 644 579 aui
667 516 753 600 quod
777 538 829 580 me
854 522 965 581 manet
989 515 1214 600 stipendium?

344 617 469 681 Effare:
495 618 601 682 iussas
625 640 701 682 cum
724 618 788 683 fide
803 640 924 704 poenas
941 619 1053 700 luam,

342 721 481 785 Paratus
497 721 647 806 expiare,
670 744 728 786 seu
744 721 930 807 poposceris

345 821 486 887 Centum
510 823 681 905 iuvencos,
707 823 775 888 sive
798 823 952 888 mendaci
975 823 1048 908 lyra

342 924 441 989 Voles
467 925 594 991 sonari:
619 926 666 989 Tu
689 926 829 1010 pudica,
855 932 891 991 tu
915 927 1017 1010 proba

343 1028 590 1093 Perambulabis
615 1033 704 1093 astra
728 1029 818 1093 sidus
842 1051 985 1094 aureum.

343 1131 481 1197 infamis
506 1133 652 1198 Helenae
676 1133 793 1199 Castor
818 1133 961 1199 offensus
986 1133 1071 1215 vice,

344 1234 521 1320 Fraterque
544 1236 658 1321 magni
683 1235 846 1318 Castoris,
871 1236 951 1302 victi
974 1260 1088 1322 prece,

342 1336 487 1403 Ademia
509 1340 579 1404 vati
603 1339 771 1404 reddidere
795 1339 941 1404 lumina:

341 1440 386 1505 Et
409 1447 463 1524 iu,
488 1449 582 1528 potes
608 1464 707 1524 nam,
734 1443 823 1507 solve
846 1465 899 1508 me
924 1443 1108 1526 dementia,

341 1543 368 1610 Ο
392 1568 451 1611 nec
474 1546 619 1631 paternis
645 1547 793 1611 obsoleta
816 1547 984 1629 sordibus,

342 1648 410 1713 Nec
435 1648 471 1712 in
496 1649 654 1734 sepulcris
678 1671 859 1734 pauperum
882 1649 1024 1734 prudens
1049 1673 1131 1716 anus

340 1752 562 1818 Nouendiales
588 1752 750 1837 dissipare
778 1754 945 1838 pulveres!

341 1858 413 1922 Tibi
436 1859 600 1944 hospitale
622 1866 737 1944 pectus
761 1865 794 1924 et
818 1882 917 1944 purae
941 1882 1057 1925 manus
1070 1887 1078 1938 ;

161 2021 260 2069 volebat
270 2021 308 2068 vir
316 2020 468 2084 ingeniosae,
476 2029 505 2069 ut
514 2029 599 2084 postea
609 2035 709 2082 novam,
752 2031 829 2072 nante
846 2023 958 2086 proxime
976 2023 1070 2071 accedit
1080 2039 1179 2082 sonare,
1199 2031 1228 2072 ut
1243 2025 1299 2072 scri-

160 2100 245 2148 itidem
254 2099 463 2162 elegantissimam
473 2101 708 2162 coniecturampro-
750 2108 822 2164 ptum
847 2108 885 2150 est
906 2103 931 2150 in
953 2103 1039 2151 multis
1057 2102 1135 2152 Codd.
1168 2105 1226 2152 Siue
1242 2107 1300 2166 lyra

160 2177 225 2227 ferre
241 2185 334 2241 posset:
356 2181 428 2239 Tua,
448 2181 523 2227 donee
540 2181 644 2228 mnm-
658 2179 697 2226 Ca
751 2184 816 2229 voles
841 2181 972 2244 respondet
993 2183 1205 2230 antecedentiam
1225 2197 1299 2244 popa·

159 2259 304 2306 letuanem'a
318 2258 421 2320 officina
441 2259 574 2307 Colchicis.
599 2256 638 2307 Sit
656 2272 706 2306 me·
750 2261 827 2308 acerra
843 2262 967 2309 iuvencis:
993 2268 1021 2308 ut
1038 2262 1063 2308 in
1082 2262 1160 2309 altero
1185 2261 1300 2323 exemplo

159 2336 263 2400 taphora
280 2336 354 2396 dura,
372 2352 525 2400 quamquam
543 2337 589 2384 hoc
605 2352 656 2385 non
672 2337 707 2384 vi·
749 2353 792 2386 aeu
812 2344 901 2399 porcat
916 2351 986 2402 aqna
1002 2367 1033 2376 -
1060 2355 1104 2389 acu
1121 2342 1195 2388 niatit
1218 2341 1298 2387 hoedo.

159 2414 213 2471 deo,
229 2413 261 2461 sit
277 2414 386 2477 plebeia3
403 2415 485 2478 Epodi
502 2415 563 2464 talia
572 2430 623 2463 non
634 2417 708 2463 modo
750 2417 861 2465 Sonunte
877 2419 935 2479 lyra
952 2425 989 2465 est
1005 2424 1030 2466 et
1046 2418 1072 2464 in
1089 2418 1171 2480 Epod.
1187 2417 1236 2466 IX.
1256 2418 1298 2465 So-

159 2506 209 2540 non
227 2499 400 2555 aspernantur,
418 2495 460 2542 sed
477 2501 562 2541 amant
573 2494 655 2543 etiam.
673 2495 708 2542 Et
749 2501 827 2542 nante
836 2497 942 2543 nuatum
954 2498 1022 2545 tibiia
1036 2512 1136 2546 cnrnren
1150 2498 1215 2558 lyra.
1225 2494 1295 2546 Couf.

159 2573 250 2621 rectius
277 2572 362 2621 Varus
388 2573 478 2621 dicitur
499 2575 580 2623 catere
605 2572 707 2621 venenis
749 2574 855 2624 Bentlei.
882 2576 913 2622 ad
938 2576 1028 2624 Manil.
1055 2576 1089 2624 V.
1120 2577 1176 2624 329.
1213 2576 1297 2623 Etiam

158 2651 296 2713 Colchicis,
317 2666 393 2714 quam
417 2650 529 2700 Canidia.
565 2651 635 2700 Haec
657 2667 707 2699 non
747 2655 860 2702 mendaci
879 2661 1025 2717 corruptum
1046 2670 1098 2704 esse
1114 2661 1187 2718 puto.
1221 2654 1299 2702 Ludit

158 2732 214 2794 ipsa
229 2732 258 2779 iis
275 2733 387 2790 calebat,
410 2731 452 2778 sed
474 2731 573 2778 Varum
590 2731 705 2780 incende·
748 2732 848 2794 quidem
866 2731 1009 2794 Canidiam,
1032 2735 1138 2790 sedita,
1156 2738 1185 2781 ut
1202 2733 1298 2792 onmia,

158 2811 210 2860 bat.
240 2809 350 2858 Pulchre
375 2809 449 2856 etiam
478 2810 553 2857 caica.
592 2809 659 2857 Nam
682 2810 707 2858 iu
749 2824 812 2872 quae
828 2810 910 2858 adhuc
927 2811 1002 2868 dixit,
1020 2813 1135 2861 astolida
1152 2828 1202 2861 anu
1214 2813 1239 2860 in
1257 2812 1297 2860 bo·

157 2888 281 2952 praesenti
298 2894 408 2949 tempore
433 2901 505 2950 saepe
530 2887 568 2935 vis
584 2894 622 2937 est
638 2903 707 2952 prae·
749 2904 807 2938 narn
833 2896 930 2952 partem
956 2892 1035 2954 accipi
1064 2893 1169 2955 possint,
1195 2898 1298 2954 excepta

158 2967 238 3025 teriti,
255 2966 345 3023 futuri,
363 2972 388 3014 et
404 2968 540 3029 praesentis
557 2968 640 3016 simul.
659 2968 708 3025 Ita,
749 2968 796 3016 hac
827 2984 878 3016 una
907 2971 963 3032 lyra
988 2974 1109 3020 attenuari.
1151 2972 1297 3034 Legeudum

157 3053 255 3108 praeter
266 3047 335 3103 alios,
350 3045 516 3109 frequentavit
525 3047 638 3097 Plautus.
647 3047 707 3095 Vid.
750 3062 836 3096 censeo
853 3051 943 3098 ueraci.
961 3049 1031 3109 Quae
1049 3056 1086 3097 est
1101 3051 1186 3098 Ironia
1203 3065 1297 3098 amara.

159 3123 273 3174 Perizon.
300 3126 331 3173 ad
350 3125 445 3174 Sanctii
462 3126 568 3175 Minerv.
587 3127 608 3175 1.
628 3127 665 3174 13.
684 3128 708 3175 4.
785 3128 807 3174 0
830 3142 875 3174 nec
897 3129 1017 3187 paternis
1043 3130 1151 3176 obsoleta
1175 3131 1297 3177 sordibus.

158 3205 195 3253 Ut
212 3206 326 3266 ffeina,
351 3204 386 3251 sic
404 3207 509 3252 taberna
530 3203 623 3266 legitur
641 3206 708 3268 apud
749 3206 796 3253 Est
813 3205 874 3252 haec
891 3204 1035 3263 Palinodia;
1055 3218 1121 3252 nnnc
1138 3205 1222 3253 veraci
1238 3207 1296 3270 lyra

160 3284 258 3332 Ausou.
275 3285 308 3332 V.
334 3284 414 3346 Epist.
435 3283 489 3332 101.
523 3286 578 3333 Hic
602 3292 639 3333 eat
665 3285 709 3332 ille
749 3285 913 3343 canit,autca
923 3284 1043 3333 cecinerat
1054 3283 1218 3342 mendaci,in
1229 3285 1297 3333 huuc

162 3365 258 3421 Tbeon,
276 3363 353 3425 poeta
368 3363 472 3425 salsus,
491 3366 621 3413 Bonorum
639 3365 708 3412 mala
749 3363 852 3410 modurn
869 3363 983 3412 fortasse:
1004 3365 1026 3411 0
1044 3367 1086 3430 tu,
1103 3365 1218 3424 paternis
1229 3367 1295 3413 obso-

159 3444 301 3491 enrminum
319 3445 431 3491 taberna.
750 3443 802 3491 leta
818 3445 944 3500 sordibus,
967 3444 1006 3491 Et
1022 3443 1051 3490 in
1064 3443 1184 3504 repuleris
1198 3458 1294 3505 paupe·

196 3522 304 3571 Centum
319 3524 446 3581 iuuencas,
457 3523 508 3570 siue
523 3521 638 3570 mendaci
650 3521 708 3581 lura
749 3537 805 3569 ram
821 3523 933 3583 prudens
950 3536 1015 3570 anua
1033 3523 1200 3570 Nouendialea
1217 3524 1291 3571 disai-

164 3603 236 3650 Volea
249 3602 342 3649 sonari.
356 3601 452 3664 Lyram
469 3606 542 3649 vocat
555 3600 707 3656 mendacem,
746 3616 811 3663 pare
826 3602 954 3662 pulverea!
983 3601 1108 3661 Ospreta
1127 3602 1214 3648 nautia
1231 3603 1294 3648 mut·

159 3695 223 3743 quae
240 3681 307 3742 prius
324 3679 371 3728 suit
392 3680 513 3737 mendax,
530 3693 586 3727 cum
605 3683 630 3724 te
644 3676 707 3723 vitu·
749 3685 802 3728 tum
819 3684 844 3728 et
863 3680 1039 3727 institoribus!
1074 3678 1130 3725 Tibi
1146 3679 1297 3739 indemitate

158 3765 263 3821 peraret.
274 3759 380 3806 Bentlei.
391 3759 416 3806 in
433 3757 495 3807 Cod.
506 3756 598 3806 Battel.
614 3756 708 3804 invenit
747 3764 842 3821 pertua,
868 3759 994 3818 improbae
1020 3770 1118 3805 titanus.
1159 3757 1297 3819 Fabiisque

158 3839 275 3886 tarvennis.
290 3837 378 3897 Qualis
387 3837 538 3885 constructio
545 3843 583 3884 est
591 3835 613 3883 1.
622 3833 705 3883 Canu.
747 3843 833 3885 uenter
850 3837 1029 3891 Pactumeius,
1047 3841 1072 3882 et
1089 3836 1179 3882 rubras
1200 3833 1296 3882 Cruore

161 3916 199 3963 ll.
226 3918 275 3966 Seu
290 3923 378 3979 poscat
397 3933 474 3979 aqna,
492 3918 543 3964 aive
562 3917 636 3963 malit
650 3915 704 3962 bae·
747 3931 796 3964 nan
815 3920 858 3962 tua
874 3915 997 3962 verrente
1012 3927 1109 3975 pannos
1124 3913 1194 3960 lauit.
1232 3914 1296 3961 Pam

158 3998 197 4044 da.
231 3995 302 4056 Quae
318 3996 392 4044 lectio
409 3995 429 4042 si
447 4009 506 4043 vera
523 3992 665 4057 sit‚quidni
682 3997 707 4039 et
740 3994 823 4057 sortia
839 4008 983 4056 unquamne
1000 3991 1241 4054 eucilitpnerpera?

159 4074 265 4122 alteram
291 4075 426 4122 sententiae
451 4079 546 4136 partem
565 4072 650 4121 eadam
668 4086 703 4118 ra>
783 4072 975 4134 Tibibaapitaie
995 4075 1085 4131 pectus
1102 4075 1126 4119 et
1146 4085 1227 4134 purae
1243 4086 1294 4118 mn·

160 4153 225 4201 tione
234 4153 404 4212 informemus,
413 4154 585 4215 legenteszaeu
591 4165 705 4215 poposce·
747 4166 801 4200 nus.
823 4150 893 4198 Ante
910 4149 978 4198 hunc
996 4163 1095 4197 versum
1112 4149 1174 4196 haec
1191 4162 1242 4196 esse
1253 4164 1295 4212 po·

158 4234 194 4279 ria
208 4232 315 4281 Centum
327 4233 509 4289 inconcinnae
523 4232 636 4280 mendaci
647 4231 706 4291 lyra
746 4231 829 4279 nenda
845 4229 969 4278 dicebam:
991 4230 1109 4277 Oamata
1126 4229 1215 4276 natatis
1232 4232 1295 4277 mid-

164 4313 417 4371 Volea:aonante,tn
432 4311 525 4374 pudica
538 4324 574 4372 sq.
608 4307 651 4356 Ad
668 4323 704 4357 ao·
746 4315 800 4357 tum
825 4313 849 4356 et
875 4309 1040 4356 institoribus.
1078 4306 1148 4354 Illud
1173 4307 1194 4354 0
1220 4308 1293 4356 etiam
