2916 5220
127 302 187 343 ΧΗ*
678 320 712 328 -

167 463 228 521 Sed
260 461 406 519 llorutius
430 462 589 537 legebatur
613 464 644 518 in
672 462 804 521 Scholis.
831 481 958 536 eumque
986 465 1270 540 interpretabantur

126 578 187 616 trun
207 559 296 615 modo
318 558 530 625 Grammatiei,
552 576 655 613 verum
677 558 768 613 etiam
790 558 953 615 Rhetorcs.
976 574 1123 632 quantum
1143 564 1269 636 quidem

126 654 240 711 faceret
259 654 299 711 ad
321 652 508 710 formandum
529 666 693 721 oratorem,
710 653 796 709 cuins
817 655 861 710 rei
883 654 1045 712 utilitatem
1065 675 1157 731 saepe
1170 657 1268 731 Quin·

125 748 248 805 tilionns
263 749 294 804 in
300 748 546 804 Institutionibus
559 748 701 817 ostendit,
717 759 747 804 et
755 748 880 806 Tacitus
895 749 932 805 de
940 748 1121 808 Oratoribus
1132 771 1199 828 cap.
1212 756 1264 811 20.

126 842 278 922 Erigitur
303 846 366 903 ium
396 844 436 901 ab
460 852 581 902 oratore
606 847 696 903 etium
723 846 856 922 poiticus
883 843 984 915 dcem,
1014 865 1071 903 uou
1104 846 1189 905 Attii
1206 856 1264 906 out

126 936 262 997 Pacuvii
280 947 399 997 veterno
420 940 608 1016 inquinatus,
628 938 679 997 sed
697 958 736 996 er
756 936 889 996 Horatii
908 949 936 996 et
957 938 1081 1018 Virgilii
1098 951 1127 1000 et
1142 940 1265 1000 Lucoui

122 1034 261 1090 sacrario
282 1032 432 1109 prolutus.
473 1033 522 1088 lta
554 1033 694 1089 Titianus
726 1047 756 1089 et
789 1032 919 1103 Calvus,
947 1046 980 1090 nt
1007 1037 1111 1092 scribit
1136 1036 1263 1095 Servius

125 1128 164 1184 ad
185 1128 306 1202 Virgilii
328 1128 369 1184 X.
392 1130 471 1184 Aen.
497 1128 543 1183 ts.
565 1127 696 1184 tlteutoto
717 1128 817 1185 omniu
837 1127 875 1185 de
899 1127 1030 1205 Vtrqtlto
1042 1130 1218 1201 elicuerunt,
1232 1140 1263 1189 et

124 1220 386 1301 cerasorumceruut
411 1221 454 1280 od
477 1221 595 1281 dicendi
620 1242 719 1294 amm,
738 1232 767 1281 et
789 1224 820 1281 iu
840 1222 972 1300 exemplo
992 1227 1263 1284 controversiarum

122 1324 285 1394 posueruut
305 1316 359 1375 ltus
378 1316 581 1390 allocutiones,
603 1317 744 1392 diceutes,
776 1317 914 1375 Venerem
939 1337 1027 1395 opere
1045 1328 1128 1377 statu
1147 1320 1263 1379 obsolu-

125 1411 202 1480 tieo,
224 1409 372 1469 Iunonem
392 1413 452 1469 uiti
471 1421 553 1471 stetu
573 1411 710 1471 relativo.
746 1413 796 1469 Ex
817 1413 923 1469 eodem
943 1412 1050 1471 Servio
1070 1415 1109 1469 ad
1124 1415 1164 1470 X.
1179 1418 1261 1471 Aen.

126 1504 196 1562 532.
219 1506 361 1563 discimus
382 1508 548 1577 rhetorem,
571 1508 675 1580 quiin
697 1508 858 1582 Virgilium
879 1508 1113 1565 declamationes
1128 1511 1260 1584 scripsit.

125 1603 163 1659 de
184 1602 251 1659 loco
270 1603 330 1658 isto
350 1603 393 1659 sic
414 1604 514 1659 dicere
536 1622 575 1659 ex
596 1622 727 1677 persona
746 1606 887 1659 Aeneae:
909 1600 1071 1679 Improbus
1083 1623 1126 1676 er,
1141 1604 1193 1681 qui
1206 1612 1262 1661 out

124 1700 189 1777 repi
208 1698 309 1769 douo,
330 1709 386 1758 aut
396 1700 484 1777 filios
504 1699 688 1759 exhaeredes.

166 1795 336 1869 Praecipue
362 1804 462 1852 autem
488 1796 706 1869 interpretandi
732 1813 840 1852 munus
860 1796 918 1852 sibi
940 1796 1133 1853 vindicabant
1155 1797 1263 1857 Gram-

125 1891 241 1960 matici,
257 1891 444 1966 explicantes
458 1892 705 1966 significationem
720 1892 895 1961 verborum,
911 1893 1091 1948 sententiam
1105 1911 1261 1961 versuum,

126 1986 353 2062 mythologium,
375 1987 544 2058 historiam,
566 1987 794 2061 geographiam,
816 1998 958 2056 metrum,
981 1988 1018 2042 de
1040 1988 1149 2060 quibus
1170 1991 1262 2046 rebus

126 2082 303 2157 plerumque
325 2081 490 2138 dictabant.
533 2081 594 2140 Sed
625 2081 716 2136 iidem
748 2079 947 2139 Grammatici
978 2081 1131 2139 faciebant
1151 2092 1182 2139 et
1202 2085 1263 2158 ipsi

127 2177 289 2253 poeticam,
312 2185 343 2232 et
363 2177 522 2234 docebunt.
565 2177 613 2232 Ita
634 2174 673 2248 Q.
696 2174 847 2233 Caecilius
869 2176 1011 2250 Epirota.
1034 2178 1085 2249 qui
1100 2178 1262 2251 Virgilium

126 2280 158 2330 et
182 2290 276 2328 novos
302 2278 407 2346 poetas
435 2273 548 2348 primus
575 2272 739 2346 praelegit,
766 2291 784 2328 a
806 2271 945 2328 Domitio
966 2272 1069 2328 Marso
1091 2274 1265 2347 appellatur

126 2365 297 2425 tenellorum
328 2367 481 2425 nutricula
505 2376 625 2426 cotum:
651 2375 680 2425 et
710 2365 849 2424 Valerius
877 2364 955 2426 Coto
981 2369 1059 2424 risus
1083 2377 1125 2424 est
1141 2369 1263 2445 perido-

126 2480 196 2520 neus
211 2470 390 2539 praeceptor
409 2463 540 2521 mamete
559 2461 602 2519 ad
617 2463 767 2539 poeticum
786 2460 980 2531 tendentibus,
1001 2462 1037 2517 de
1053 2480 1112 2535 quo
1126 2463 1264 2521 fereban-

126 2567 175 2617 tur
195 2560 226 2616 hi
248 2559 389 2617 versiculi
411 2561 492 2634 apud
513 2560 690 2619 Suetonium
713 2561 749 2616 de
771 2559 885 2615 Illustr.
909 2557 1076 2616 Grammat.
1092 2558 1150 2615 XI.
1184 2557 1263 2618 Cute

129 2651 358 2713 Gremuwtr'cus
389 2651 506 2711 Latine
539 2651 644 2725 Siren,
681 2649 743 2725 Qui
762 2652 840 2710 solus
871 2651 954 2728 epit,
985 2660 1014 2709 et
1036 2652 1121 2726 ,fecit
1149 2656 1262 2729 poetes.

126 2748 267 2821 Magistri
289 2748 445 2823 discipulis
467 2749 607 2824 exemplo
628 2749 801 2823 praeibant,
825 2757 859 2803 ut
878 2747 1001 2803 Horatii
1021 2758 1104 2804 recte
1124 2749 1263 2805 imitandi

126 2844 246 2898 modum
260 2844 465 2900 ostenderent.
509 2842 663 2900 Ausonius
679 2843 710 2899 in
725 2841 859 2899 Profess
875 2842 1001 2916 Burdig.
1018 2844 1066 2898 21.
1083 2844 1120 2898 de
1137 2841 1262 2917 Crispo:

130 2933 269 2997 &reditus
289 2937 359 2995 olim
370 2935 495 3015 serrere
515 2946 623 3010 metro,
648 2936 689 2996 Ut
715 2937 840 3013 Virpz'ttt
861 2935 1022 3015 Flaccique
1042 2937 1113 2994 locis
1132 2936 1263 2996 Aemula

115 3030 228 3109 serres.
269 3033 310 3089 Et
331 3033 446 3090 Atilius
468 3035 704 3090 Fortunatianus
730 3052 798 3108 pag.
821 3032 910 3089 2685.
933 3031 1005 3110 quid
1025 3029 1128 3110 refert,
1149 3033 1261 3105 inquit,

125 3124 202 3183 buteo
218 3128 338 3202 puttam
360 3127 494 3200 imitari,
516 3136 627 3200 tenere,
648 3127 787 3206 diligere,
812 3128 839 3185 si
859 3146 918 3184 eeu
938 3145 1036 3184 ornnes
1056 3127 1180 3184 virtutes
1201 3128 1264 3185 eius

122 3220 242 3297 pesitus
262 3221 450 3299 cognoveris?
491 3223 634 3280 Varietas
662 3224 749 3280 metri
771 3223 874 3298 Lyrici
896 3240 947 3278 eos
968 3222 1130 3297 praecipue
1152 3222 1264 3278 allicie-

125 3316 193 3384 bat,
222 3323 253 3372 et
277 3316 335 3373 sibi
360 3316 542 3374 videbantur
570 3317 673 3373 felices
700 3325 846 3388 erantque
867 3316 899 3372 in
919 3335 1029 3390 magna
1049 3316 1261 3387 admiratione,

125 3410 151 3465 si
173 3418 204 3466 ct
224 3409 296 3484 ipsi,
318 3429 396 3484 queo
424 3412 550 3481 vellent,
581 3412 720 3467 versibus
752 3408 970 3467 Choriambicis
996 3419 1027 3466 et
1052 3411 1185 3466 Alcaicis
1213 3431 1263 3466 cx·

124 3576 259 3625 Buchclius
284 3577 309 3623 in
334 3577 413 3639 Epist.
439 3576 471 3623 ed
495 3575 613 3623 Vossium
629 3591 654 3638 p.
671 3575 711 3623 62.
736 3582 823 3623 narrat
838 3589 864 3623 se
880 3575 972 3623 habere
987 3575 1045 3625 MS.
1062 3575 1161 3624 Horatii
1176 3579 1262 3641 po'etae

125 3656 255 3713 lucraris,
281 3656 312 3704 de
327 3656 507 3719 conspiratione
524 3662 610 3704 contra
625 3656 758 3704 Nicolaum
774 3655 801 3704 V
818 3654 910 3704 Pontis.
928 3655 1076 3704 Maximum.
1111 3657 1158 3705 Est
1174 3659 1261 3721 Epigr.

125 3734 215 3783 Felicis
232 3735 341 3783 Ennodii
360 3736 414 3785 tls.
432 3737 462 3785 de
478 3736 579 3797 quodam
597 3735 684 3792 stulto,
702 3734 744 3797 qui
765 3734 880 3797 erilius
898 3733 1031 3782 dicebatur.
1056 3737 1084 3784 A
1100 3736 1262 3800 Philargyrio

124 3815 267 3863 nominetur
283 3815 373 3878 aliquis
389 3815 518 3863 Homerus:
532 3815 588 3862 vide
604 3814 761 3878 Wagnerum
776 3815 801 3862 in
819 3815 933 3878 Epistola
948 3816 979 3863 dc
992 3814 1161 3878 Philargyrio.
1178 3816 1261 3866 Vetus

126 3894 275 3943 Scboliestcs
299 3894 376 3943 Ibidis
402 3892 518 3943 Ovidiani
543 3893 613 3942 affert
637 3908 723 3943 versus
740 3894 879 3957 Propertii,
897 3894 989 3951 Ennii,
1005 3894 1130 3950 Lucretii,
1147 3894 1260 3953 Tibulli,

124 3974 167 4037 qui
192 3988 276 4023 omncs
301 3981 359 4023 sunt
382 3975 546 4023 recentiorum
567 3974 704 4022 bominum.
737 3974 853 4022 Fortasse
869 3974 927 4021 hinc
943 3973 1089 4021 iudicandus
1105 3981 1143 4022 est
1159 3973 1260 4023 libellus

124 4053 243 4115 Appuleii
256 4054 286 4103 de
295 4052 486 4117 Orthograpbia.
520 4053 586 4102 Fieri
603 4059 686 4101 tamen
703 4058 798 4115 potest,
815 4059 843 4100 ut
859 4053 900 4100 hic
915 4052 967 4100 illic
983 4066 1072 4100 nomen
1089 4052 1188 4101 Horatii
1201 4055 1259 4102 Vir·

125 4131 178 4193 gilii
196 4146 281 4179 verum
299 4132 373 4181 fucrit
389 4132 472 4190 illius,
498 4133 541 4196 qni
566 4147 593 4180 sc
616 4132 653 4179 ita
677 4132 827 4194 appellavit,
852 4133 921 4194 isque
945 4146 1019 4179 suum
1036 4146 1113 4194 genus
1130 4147 1145 4179 a
1161 4133 1259 4195 magnis

125 4210 202 4273 poetis
218 4210 355 4260 deduxerit.
388 4212 447 4260 Fuit
471 4213 537 4260 enim
562 4211 683 4260 Romanis
699 4213 787 4274 ingens
804 4212 913 4259 studium
929 4211 1071 4259 nobilitatis.
1105 4212 1219 4274 Apparet
1235 4229 1258 4261 v.

125 4304 145 4337 c.
162 4304 194 4338 ex
211 4289 323 4340 Aeneide
339 4290 449 4354 Virgilii.
482 4291 517 4338 Et
541 4290 642 4338 Tacitus
667 4290 805 4353 Imperator
831 4305 908 4354 genus
933 4291 1052 4340 deducere
1074 4291 1259 4354 gloriabatura

125 4366 241 4417 Cornelio
257 4367 358 4425 Tacito,
376 4369 515 4418 Annalium
532 4369 655 4432 scriptore.
