2916 5220
551 293 881 362 (tnrtMINUM

376 487 507 553 Oblitus
539 492 752 569 aeternaeque
775 482 912 562 Vestae,

420 590 584 656 Incolumi
608 590 685 653 Iove
708 592 742 652 et
765 585 844 651 urbe
867 585 994 648 Roma?

331 696 403 760 Hoc
426 700 555 760 caverat
577 714 669 758 meus
693 689 829 775 provida·
852 685 989 772 Reguli,

330 797 566 865 Dissentientis
589 792 834 862 conditionibus

373 901 491 965 Foedis
522 905 556 965 et
580 896 729 982 exemplo
753 893 897 960 trahenti

418 1003 601 1068 Perniciem
624 1000 758 1066 veniens
783 999 817 1062 iu
841 1018 977 1078 aevum,

150 1146 200 1193 ual.
224 1146 263 1193 14.
299 1142 532 1200 serenaretur,
555 1145 698 1200 taruqaam,
739 1137 764 1184 iu
782 1151 846 1184 arca
862 1148 955 1182 censeo.
990 1132 1075 1194 Turpe
1096 1137 1150 1180 erat
1166 1130 1290 1189 Romano,

149 1227 290 1288 desperatis
312 1225 397 1280 rebus,
421 1223 579 1269 Parthorum
600 1219 635 1267 cd
654 1218 699 1265 nri·
719 1264 721 1271 ,
740 1216 807 1278 quod
824 1215 912 1263 vivum
934 1227 960 1262 se
977 1213 1032 1275 capi
1048 1215 1183 1273 pateretur.
1220 1209 1290 1258 mte-

149 1306 314 1354 serr‘cordiam
325 1302 444 1365 fuceret,
461 1300 575 1348 antean
592 1298 699 1345 additas.
740 1294 793 1343 rius
818 1296 840 1343 ci
864 1308 915 1341 non
944 1296 1040 1355 poterat
1064 1289 1145 1337 obiici.
1186 1288 1290 1338 Celebat

150 1385 194 1433 Aa
228 1381 420 1432 miscricordiam
455 1375 699 1438 Carthaginiensium
740 1391 817 1432 arva,
840 1380 869 1422 ut
893 1376 993 1422 servus?
1034 1370 1089 1418 Hoc
1114 1382 1201 1417 omnes
1226 1368 1291 1417 servi

150 1477 223 1511 nemo
240 1462 368 1511 Romanus
386 1458 489 1520 digeret.
523 1456 637 1518 Denique
654 1455 700 1502 hoc
734 1454 864 1502 -faciebunt
881 1458 919 1511 et,
940 1449 1059 1514 quamdiu
1075 1449 1291 1498 nonredimeren·

151 1549 225 1604 urget
241 1539 381 1590 Bentlcius:
401 1538 491 1596 “Quin
508 1537 566 1584 olim
584 1535 651 1582 arvis
668 1536 700 1582 te·
740 1539 794 1589 tur,
819 1547 860 1581 eos
884 1531 964 1579 facere
989 1544 1034 1592 par
1050 1535 1114 1587 erut,
1131 1529 1200 1592 quod
1217 1529 1291 1576 herus

150 1626 241 1683 perant
251 1625 345 1668 cetam
357 1618 528 1676 scholiastae,
544 1630 650 1677 quarum
660 1615 701 1663 hic
741 1611 886 1675 postularet
930 1609 979 1660 Sed
1009 1610 1056 1657 hoc
1080 1608 1196 1656 Romano
1220 1607 1292 1657 obiici

151 1702 353 1760 interpretatur:
374 1695 464 1743 oblitos
480 1693 608 1742 Romanae
622 1693 700 1739 virtu·
720 1724 722 1747 .
741 1697 849 1754 poterat,
873 1691 939 1754 quod
960 1689 1067 1738 nominis
1088 1687 1125 1735 sui
1147 1687 1291 1743 immemor,

152 1776 184 1824 tis
201 1776 267 1838 apud
285 1775 393 1824 Parthos
410 1773 539 1830 resedisse,
553 1773 631 1819 alter:
649 1771 700 1818 rel·
720 1752 722 1845 l
741 1786 786 1834 pro
803 1771 918 1819 Romano
940 1770 1014 1819 fiebat
1035 1767 1146 1816 Parthus
1168 1766 1236 1813 etin
1254 1781 1291 1814 ar·

152 1861 181 1902 ut
213 1854 318 1918 propriis
347 1853 373 1900 in
399 1851 495 1900 sedibus
524 1864 622 1898 ornnem
651 1849 701 1896 iam
720 1856 722 1913 t
742 1851 789 1898 mis
816 1863 957 1898 socerorum
979 1845 1175 1895 consenescebat.
1210 1845 1292 1893 Arma

156 1939 263 1983 aetatem
293 1939 400 1995 agerent.
439 1932 511 1990 Quae
536 1934 603 1978 certe
626 1930 701 1976 verba
720 1918 722 1991 l
743 1937 767 1978 ct
784 1929 896 1976 habitum
917 1927 1076 1990 peregrinum
1101 1939 1217 1981 sumere,
1242 1925 1292 1972 iarn

153 2028 201 2062 nan
218 2029 275 2062 cum
292 2011 367 2059 armis
384 2013 428 2059 sca
445 2009 510 2057 urvis
528 2009 702 2057 conceniurrt.''
743 2011 824 2072 ipsum
850 2008 987 2056 habebatur
1016 2020 1144 2054 summum
1177 2005 1292 2053 dedecus.

152 2093 187 2140 Et
210 2092 251 2139 hic
272 2105 318 2153 ego
334 2089 484 2138 contrariam
501 2087 648 2137 sententiam
666 2102 701 2135 se·
743 2088 862 2136 Horatius
873 2087 921 2136 IX.
931 2087 1012 2150 Epod.
1024 2087 1061 2134 15.
1079 2088 1205 2146 Interque
1212 2086 1293 2146 uaria,

153 2184 222 2233 quor.
260 2169 328 2217 Nam
354 2167 416 2214 illud
441 2169 561 2216 resedisse
585 2172 610 2214 et
634 2168 703 2214 celat
743 2170 967 2230 turpetnir'tttarta
980 2166 1292 2227 Scladspicitconopiurn.

151 2249 265 2311 propriis
285 2251 313 2295 in
335 2249 446 2306 sedibus,
470 2245 577 2308 pertinet
603 2244 635 2290 ad
660 2258 701 2293 cx·
743 2247 836 2296 Pottae
856 2247 903 2295 hoc
927 2246 1021 2294 factum
1038 2243 1145 2294 Antonii
1160 2243 1293 2305 reprehen-

153 2328 297 2391 plicandum
314 2325 420 2373 verbum
441 2326 602 2374 conseruare.
638 2323 701 2372 Con·
744 2326 828 2374 dentes
849 2327 927 2373 sistra
948 2331 1075 2387 opponunt
1095 2322 1197 2370 fulmini
1214 2323 1293 2379 Iovis,

152 2408 257 2455 senescit
274 2404 362 2467 aliquis
379 2404 405 2452 in
422 2403 487 2459 loco,
504 2403 530 2449 iu
541 2417 590 2465 quo
600 2403 703 2460 residet,
745 2412 855 2454 monstra
874 2407 985 2454 Deorum
1007 2403 1224 2467 Aegyptiacorum
1245 2417 1292 2450 uu-

155 2500 229 2547 quam
245 2498 295 2532 non
312 2489 406 2543 mutat,
424 2497 487 2545 quae
503 2480 703 2544 propriacstvcl
744 2484 852 2531 minibus
881 2484 1015 2532 Romanis:
1044 2483 1094 2530 vid.
1124 2483 1227 2544 interpr.
1262 2483 1293 2530 al

157 2563 186 2609 lit
203 2563 242 2610 illi
258 2563 335 2611 seiles.
369 2561 426 2609 Liv.
444 2560 562 2609 XXXII.
580 2561 603 2609 3.
640 2561 703 2609 Con·
745 2563 906 2626 Propertium
932 2561 982 2610 III.
1007 2562 1031 2609 9.
1059 2561 1098 2608 40.
1123 2559 1217 2608 Florus
1243 2559 1293 2608 IV.

154 2645 261 2691 senuisse
278 2644 324 2689 sub
341 2642 421 2688 arrntr
438 2642 466 2687 in
484 2641 582 2699 Sicilia,
602 2639 703 2701 Africa,
748 2642 784 2689 ll.
820 2645 957 2696 Antonius,
972 2642 1077 2704 patriae
1097 2640 1204 2699 oblitus,
1227 2644 1295 2687 tatur

156 2723 316 2771 Macedonia.
349 2720 442 2769 Vellei.
465 2720 562 2767 Patere.
588 2719 623 2767 II.
649 2720 702 2768 102.
745 2723 773 2769 in
789 2726 927 2769 nronstrurn
941 2721 1049 2768 illudat
1061 2719 1295 2779 merite,itaanirnc

157 2802 210 2848 Per
232 2815 296 2861 quac
317 2815 345 2848 eo
365 2802 455 2847 ductus
476 2803 545 2857 erat,
566 2803 596 2844 ut
617 2799 644 2845 in
665 2800 703 2846 ul-
744 2806 880 2863 quoquest
897 2801 969 2848 cultu
986 2800 1130 2847 desciuerat.
1163 2797 1246 2845 Tacit.
1257 2796 1295 2846 11.

156 2881 217 2927 tinio
242 2895 272 2928 ac
296 2880 459 2927 rernatiseirne
485 2884 613 2926 terrarum
638 2880 704 2927 astris
745 2879 810 2926 Hist.
828 2880 868 2927 20.
904 2880 1031 2927 Ornatam
1050 2879 1170 2926 Caecinae
1186 2879 1293 2926 munici-

156 2961 247 3020 anpato
264 2973 442 3014 consenescere,
461 2959 703 3019 quaruRomarnre·
743 2960 789 3020 pia
814 2963 839 3006 et
859 2959 967 3006 coloniae
991 2959 1019 3005 in
1042 2957 1185 3019 superbiam
1207 2957 1294 3005 trahe-

155 3038 227 3098 predr'
243 3038 337 3085 ruallet.
372 3035 462 3084 Aurel.
484 3035 572 3084 Victor
588 3036 704 3097 Epitome
746 3039 820 3085 bant:
838 3038 904 3098 quod
914 3037 1061 3084 versicolore
1071 3035 1170 3096 samaa,
1181 3036 1296 3094 braccas,

157 3130 210 3178 cap.
228 3116 268 3164 32.
304 3117 456 3164 Valerianus
472 3116 499 3162 in
518 3114 704 3176 Mesopotamia
746 3122 840 3178 tearnen
856 3117 993 3164 barbaram
1010 3115 1127 3171 indatus,
1145 3118 1243 3174 topatus
1257 3116 1295 3161 al-

156 3196 246 3243 betlunr
272 3209 373 3257 cerens,
397 3210 413 3242 a
441 3193 537 3256 Sapore
563 3195 704 3244 Persarum
746 3196 895 3257 loqueretur.
934 3191 1066 3242 claudian.
1092 3190 1115 3238 Ι.
1141 3190 1229 3240 Rufin.
1254 3192 1295 3243 78.

155 3288 211 3336 repe
235 3279 384 3336 superatus,
414 3288 472 3321 rison·
496 3274 574 3322 etiam
598 3278 704 3335 captus,
746 3273 806 3335 Ipse
829 3274 898 3321 inter
922 3274 1025 3330 medias,
1052 3286 1083 3318 nc
1107 3285 1158 3331 qua
1174 3271 1206 3319 de
1219 3277 1297 3332 parte

156 3355 226 3415 repud
251 3354 364 3401 Parthos
384 3352 486 3414 ianubiie'
506 3352 628 3400 seruitute
649 3366 704 3400 can-
724 3328 726 3454 i
745 3354 875 3414 relinquat
897 3352 1066 3407 Barbariem,
1088 3354 1188 3398 revocat
1202 3351 1296 3412 salvas

155 3433 246 3480 senuit.
282 3429 434 3481 scholiastes
456 3435 540 3478 sutem
557 3428 646 3492 legisse
663 3445 703 3476 ar·
744 3431 771 3478 in
786 3437 889 3493 pectora
902 3432 988 3492 pelles.
1022 3429 1091 3478 Haec
1108 3429 1129 3476 si
1145 3427 1231 3491 turpia
1246 3428 1296 3477 Ro·

156 3512 214 3567 neis,
240 3515 308 3571 patet
332 3523 346 3556 e
370 3508 464 3565 verbis,
489 3523 552 3570 quac
577 3508 704 3556 Bentlcius
745 3524 819 3557 mano
840 3510 1002 3568 haberentur,
1024 3514 1117 3572 quanto
1140 3508 1254 3571 turpius,
1270 3509 1296 3556 iu

155 3588 245 3636 omisit.
278 3588 359 3636 Acro:
385 3590 504 3636 incolum-i
532 3588 659 3649 Capitolio
680 3594 705 3637 et
746 3589 821 3636 arinis
843 3596 867 3637 et
889 3589 985 3637 Partho
1004 3587 1091 3636 habitu
1108 3591 1297 3638 consenescere?

158 3670 219 3716 urbe
244 3669 341 3727 Roma,
365 3666 541 3726 turpissimum
567 3672 604 3714 est
621 3681 701 3716 conse-
779 3670 903 3731 Erenrplo
926 3669 1039 3716 manenti
1061 3670 1215 3716 Perniciem.
1238 3667 1296 3718 MS.

156 3759 253 3794 crescere
281 3746 326 3792 cub
352 3745 483 3792 lwstilibus
508 3747 596 3792 aranu.
630 3744 704 3793 Com·
747 3749 880 3797 trahentis.
898 3746 1107 3796 UndeBentleius
1118 3746 1179 3808 legit
1187 3749 1297 3809 enenrpli

156 3829 245 3871 ment:
278 3825 331 3871 Sub
361 3823 492 3870 hostilibus
519 3826 600 3871 araris
624 3826 705 3873 vitam
747 3830 886 3888 trahentis,
903 3827 1015 3875 hocest:
1032 3825 1213 3874 conditionibus
1231 3842 1297 3889 quac

157 3919 235 3966 ripere.
270 3903 395 3962 Tandem,
411 3903 432 3950 si
448 3903 571 3963 Romani,
587 3911 616 3952 ut
632 3907 705 3961 cerci,
745 3907 931 3969 madescerent,
953 3913 979 3956 et
1003 3921 1067 3968 quae
1091 3912 1163 3953 erant
1186 3906 1297 3969 exempli

156 3997 217 4030 arva
241 3983 361 4039 colerent,
386 3997 437 4030 non
463 3984 602 4032 residebant
626 3998 706 4046 neque
746 3986 867 4035 trahentis
892 3987 1034 4048 perniciem.
1069 3985 1192 4034 Canterus
1212 3999 1296 4032 emen·

157 4061 234 4110 vitam
251 4062 359 4124 agebant
380 4063 450 4111 velut
471 4064 497 4111 in
518 4063 623 4126 propriis
644 4064 705 4112 sedi·
746 4062 815 4111 davit
827 4066 947 4112 trahenti.
964 4065 1006 4112 Ita
1020 4069 1045 4112 et
1060 4063 1199 4113 Commeat.
1211 4065 1296 4111 “Pra-

157 4140 217 4190 bus:
235 4156 294 4188 nam
311 4142 375 4190 servi
391 4141 455 4189 nihil
473 4142 576 4199 habent,
594 4143 659 4206 quod
677 4143 706 4190 iis
747 4144 828 4199 lunii,
850 4143 970 4191 adserenti
986 4144 1012 4190 in
1030 4142 1143 4190 futurum
1160 4141 1296 4204 perniciem

158 4220 284 4283 proprium
305 4227 349 4268 cst.
384 4221 470 4282 Atque
495 4221 534 4269 his
559 4222 589 4269 do
614 4222 705 4270 caussis
746 4221 1296 4284 reipublicae.”EtiamGogaviusPractcrm.

159 4301 224 4360 apud
246 4301 380 4348 Horatium
399 4317 471 4348 arrua
488 4315 538 4348 non
555 4303 704 4350 mutandum
746 4315 804 4362 pag.
821 4300 860 4348 30.
879 4299 941 4362 legit
966 4302 1092 4358 trahenti,
1117 4300 1191 4362 idque
1215 4300 1295 4348 nemi-
