2916 5220
587 312 762 374 Lililili
812 311 863 372 lV.

339 499 630 583 DoctorArgivae
653 497 772 561 fidicen
798 497 946 579 Thaliae,

337 603 486 684 Phoebe,
512 601 568 686 qui
592 601 727 664 Xantho
751 599 834 665 lavis
859 622 954 665 amne
978 601 1101 683 eritrea,

337 705 486 769 Dauniae
510 704 647 770 defende
671 705 768 768 decus
794 703 972 786 Camenae,

428 808 525 873 Levis
549 807 687 892 Agyieu.

336 914 494 997 Spiritum
517 909 661 974 Phoebas
683 909 775 990 milri,
799 908 944 975 Phoebas
965 919 1065 975 ortem

338 1015 499 1079 Carminis
522 1033 688 1097 nomenque
710 1011 798 1076 dedit
815 1018 939 1097 poitur.

346 1119 509 1204 Viryinnni
527 1121 657 1201 primae
678 1119 838 1200 puerique
861 1115 959 1181 elaris

427 1218 583 1284 Patribus
605 1222 684 1300 orti,

157 1378 297 1426 minentem.
306 1375 395 1423 Horat.
410 1375 489 1437 Epod.
498 1377 547 1426 IX.
556 1377 597 1428 37.
609 1377 706 1426 Caram

157 1461 299 1517 metamque
311 1454 429 1503 Caesaris
443 1471 529 1503 rernm
547 1458 619 1510 ineat
629 1456 708 1504 Dnlot'

156 1535 243 1596 Lyaeo
258 1535 357 1582 solone.

190 1613 265 1660 Lena
282 1613 385 1673 Agyieu.
403 1612 489 1674 Eurip.
508 1611 638 1660 Phoeniss.
649 1612 706 1659 634.

157 1691 208 1739 Kal
222 1690 252 1739 σὺ
267 1689 340 1752 Φοῖβ’
360 1691 427 1746 ἄναξ
440 1689 544 1755 Ἀγυιεῦ.
561 1691 620 1740 Vid.
630 1690 707 1738 Valc-

156 1769 214 1818 ken.
244 1770 315 1816 Levis
331 1768 356 1817 h.
373 1769 390 1818 l.
413 1774 497 1818 tuetur
521 1769 654 1818 Santonius
676 1771 707 1818 ad

157 1846 259 1896 Terent.
278 1845 398 1896 Maurum
415 1863 473 1910 pag.
485 1847 543 1896 249.
563 1848 618 1897 Alii
636 1851 707 1906 lenis,

157 1927 248 1975 laetas.

190 2007 307 2069 Spiritus
319 2008 437 2055 Phoebas
448 2007 521 2065 mibi,
539 2009 655 2057 Phoebus
664 2023 706 2056 ar-

157 2091 214 2135 tem.
248 2087 380 2148 Quomodo
396 2086 423 2133 hi
440 2101 538 2143 versus,
559 2102 619 2150 quos
636 2088 708 2136 obelo

156 2166 262 2224 confixi,
276 2180 334 2214 cum
345 2166 545 2215 antecedentibus
563 2173 707 2214 connectan-

159 2251 209 2301 tur,
235 2260 282 2307 cgo
299 2260 339 2294 me
355 2246 448 2294 nescire
469 2245 553 2293 fateor.
588 2246 708 2295 Horatius

157 2322 240 2370 adhuc
256 2323 404 2371 laudaverat
420 2324 580 2387 Apollinem,
598 2331 622 2373 et
637 2325 707 2388 hym·

157 2417 220 2451 uum
236 2404 273 2452 ita
290 2403 384 2462 finivit,
402 2410 430 2452 ut
447 2419 517 2452 suam
536 2406 638 2454 laudem
654 2407 708 2455 Deo

157 2483 375 2532 commendaverit.
392 2485 440 2533 Est
456 2484 503 2532 hoc
518 2486 644 2547 integrum
656 2500 708 2533 car·

157 2577 229 2620 men,
246 2563 316 2610 cuius
333 2563 396 2611 ratio
414 2571 438 2613 et
456 2565 586 2613 consilium
608 2565 633 2611 in
651 2565 708 2614 luce

157 2643 290 2690 manifeste
315 2651 441 2705 apparent.
477 2645 552 2693 Nunc
577 2645 658 2693 subito
682 2647 706 2693 in

157 2723 271 2772 tenebras
296 2729 321 2772 et
345 2721 505 2771 difficultates
526 2723 708 2781 transferimur,

157 2817 220 2864 quas
245 2817 277 2850 ne
301 2809 355 2849 tum
380 2802 481 2865 quidem
507 2802 591 2861 tolles,
613 2804 708 2851 sicum

159 2880 293 2930 Sanadono
319 2881 358 2929 hic
384 2881 482 2929 initium
508 2883 565 2930 rrovi
591 2883 708 2930 carminis

158 2960 241 3009 facias.
280 2962 400 3010 Horatius
428 2962 563 3025 hymnum,
589 2968 618 3009 ut
645 2963 708 3011 dice-

158 3040 229 3098 bam,
248 3040 340 3103 finivit‚
358 3055 431 3089 crans
446 3040 604 3104 Apollinem,
622 3047 651 3088 ut
668 3042 707 3089 de-

747 1377 894 1426 ·benaficium
909 1379 970 1436 Dei,
987 1391 1062 1442 aquo
1074 1384 1137 1427 esset
1147 1379 1298 1435 interfectus,

749 1462 774 1503 et
792 1456 926 1505 coniuncta
944 1463 1003 1505 sunt
1023 1472 1080 1506 cum
1106 1459 1226 1507 memoria
1246 1460 1298 1508 Ve-

749 1535 814 1583 neris
830 1545 856 1584 et
872 1536 986 1594 Aeneae,
1004 1538 1071 1585 unde
1094 1537 1202 1586 Βοπιαῃί
1227 1539 1298 1588 duoe-

749 1619 803 1661 rent
818 1613 947 1676 originem.
979 1615 1052 1676 Quod
1071 1630 1151 1679 neque
1168 1617 1194 1664 in
1216 1632 1298 1666 saecu

749 1691 796 1741 lari
812 1692 929 1742 Carmine
949 1694 1038 1743 omisit.
1073 1693 1170 1757 Operae
1190 1697 1297 1758 pretium

750 1779 786 1822 est
798 1773 883 1821 audire
895 1775 1029 1831 Acronem,
1044 1775 1089 1837 qui
1101 1774 1148 1822 hoc
1162 1789 1297 1836 argumen-

750 1860 803 1899 tum
819 1853 959 1915 proposuit:
976 1855 1126 1915 “Hyrnnarn
1136 1855 1175 1902 hio
1184 1855 1299 1915 Apollini

750 1932 826 1990 dieii,
842 1937 867 1979 et
883 1933 1037 1980 carantaniae
1046 1934 1162 1979 oarnrina
1178 1947 1227 1981 ena
1242 1948 1296 1983 sae-

750 2012 879 2059 cularibus
896 2011 987 2059 ladis.”
1011 2011 1107 2060 Eadem
1123 2010 1174 2060 fere
1191 2014 1298 2074 reperias

750 2089 815 2150 apud
832 2089 940 2152 reliquos
959 2089 1119 2139 Scholiastas.
1153 2090 1239 2154 Atque
1252 2093 1298 2140 hoc

750 2175 926 2229 argumentum
952 2169 1004 2217 sine
1028 2169 1104 2217 dubio
1132 2171 1242 2218 manavit
1266 2186 1297 2220 ax

750 2247 930 2309 antiquioribus
955 2249 1145 2299 Commentariis
1167 2255 1192 2296 et
1212 2263 1296 2297 exem-

749 2325 807 2388 plo,
826 2341 876 2374 non
893 2327 977 2389 plures
994 2341 1069 2390 quam
1085 2327 1175 2389 viginti
1191 2334 1298 2391 quatuor

750 2419 836 2452 versus
855 2407 1001 2454 continente.
1036 2408 1091 2455 Iam
1113 2406 1298 2455 Grammaticus

751 2483 851 2546 aliquis,
868 2484 932 2533 lecto
949 2485 994 2533 tali
1010 2491 1164 2547 argumento,
1177 2485 1298 2548 imprimis

750 2562 862 2611 animum
882 2564 987 2612 advertit
1009 2564 1040 2611 ad
1058 2565 1127 2611 ludos
1143 2567 1298 2622 saeculares,

750 2647 774 2688 et
792 2641 946 2702 praeclaram
963 2642 1107 2690 ostendendi
1122 2643 1216 2705 ingenii
1229 2658 1298 2691 occa·

750 2719 844 2767 sionem
861 2735 886 2768 se
903 2728 1004 2769 nactum
1021 2721 1156 2780 arbitrans,
1176 2723 1299 2772 nonnulla

750 2798 780 2845 de
801 2801 875 2848 choro
899 2799 994 2848 adiecit.
1027 2799 1125 2848 Auctor
1145 2803 1299 2862 argumenti,

750 2878 816 2940 quod
828 2893 896 2926 nunc
907 2879 1001 2928 Acroni
1017 2877 1144 2938 tribuitur,
1163 2879 1211 2927 ista
1228 2880 1296 2927 addi-

750 2964 861 3005 tamenta
881 2973 930 3007 uon
950 2959 1020 3007 vidit.
1054 2959 1255 3022 Porphyrionem
1274 2970 1299 3010 et

750 3036 977 3086 commentatorem
1002 3038 1092 3086 vidisse
1117 3039 1220 3098 diceres,
1250 3039 1298 3089 nisi

158 3133 202 3168 cus
221 3119 347 3169 Camenae
359 3119 475 3169 Dauniae
492 3117 641 3174 defenderet,
662 3119 708 3167 hoc
750 3123 885 3173 constaret,
898 3118 1008 3174 Scholia,
1020 3132 1084 3181 quae
1099 3118 1231 3177 habemus,
1243 3132 1299 3166 con·

158 3204 207 3255 cst,
229 3205 258 3246 ut
278 3199 386 3249 Carmen
408 3213 483 3246 suum
501 3197 626 3246 saeculare
653 3198 707 3247 Au·
750 3194 809 3243 flata
825 3210 877 3244 esse
892 3202 917 3244 et
932 3197 1066 3245 identidem
1081 3197 1108 3243 in
1123 3197 1298 3258 compendium

159 3283 234 3340 gusto
260 3284 284 3326 et
308 3277 428 3326 Romanis
453 3277 569 3339 placeret.
609 3276 709 3324 Horatii
750 3275 850 3323 redacta
866 3290 898 3323 ex
917 3275 992 3322 variis
1011 3276 1137 3323 variorum
1158 3282 1298 3336 temporum

159 3355 240 3416 gloria
260 3357 285 3404 in
304 3357 350 3404 illo
368 3356 491 3405 saeculari
513 3355 631 3405 Carmine
651 3371 708 3418 age·

160 3434 241 3483 batur.
276 3435 408 3498 Augustus
429 3449 486 3483 eum
508 3434 614 3482 scribere
630 3434 706 3483 iusse-

159 3519 210 3561 rat:
236 3513 290 3561 ludi
307 3521 453 3576 agerentur,
478 3527 539 3576 quos
565 3528 616 3561 uua
642 3520 708 3562 aetas

158 3592 236 3641 semol
249 3593 360 3656 adspicit.
386 3593 465 3642 Pueri
477 3599 502 3641 et
519 3592 617 3654 puellae
628 3592 708 3655 impu·

158 3671 201 3721 bes
217 3672 244 3720 in
262 3672 384 3736 Capitolio
400 3678 530 3722 canerent:
548 3687 640 3735 magna
655 3680 709 3721 erat

159 3752 272 3800 omnium
297 3753 328 3800 de
351 3754 425 3815 poen
449 3752 611 3814 exspectatio,
637 3752 708 3800 cuius

159 3832 236 3880 verba
252 3832 341 3882 deinde
357 3833 512 3895 legerentur,
535 3847 585 3894 qua
600 3831 651 3880 late
666 3847 708 3894 pa·

159 3917 223 3959 taret
239 3912 346 3960 Romam
366 3913 506 3976 imperium.
540 3913 611 3962 Haec
626 3915 709 3961 omnia

159 3990 280 4040 sentiebat
302 3992 429 4042 Horatius.
464 3992 547 4054 Igitur
571 3992 640 4040 finito
657 4008 708 4041 sae·

159 4070 239 4118 eulari
257 4070 386 4130 Carmine,
408 4072 434 4119 in
450 4072 497 4120 hoc
518 4072 612 4134 hymno
629 4072 708 4135 Apol·

158 4149 236 4197 linem
248 4157 371 4211 precatur,
383 4158 411 4199 ut
430 4151 499 4198 illius
515 4151 630 4198 carminis
646 4157 709 4199 tute-

160 4227 212 4276 lam
229 4228 353 4291 suscipiat.
376 4229 446 4290 Quae
463 4229 488 4276 in
511 4229 605 4292 hymno
623 4230 709 4292 legun·

160 4313 202 4354 tar
222 4306 252 4356 de
269 4305 360 4356 ferocia
378 4308 499 4367 Achillis,
525 4324 553 4357 ea
574 4316 596 4357 et
618 4316 710 4371 erigent

750 3354 1003 3417 interpretationibus:
1019 3354 1083 3410 fere,
1104 3360 1132 3401 ut
1148 3353 1173 3400 in
1188 3354 1298 3416 Didymo

750 3434 882 3482 Homerico
899 3434 992 3481 accidit.

784 3514 911 3575 Spiritum
922 3515 1043 3562 Pinebae.
1051 3513 1164 3562 Ductum
1173 3510 1298 3560 exHorat.

751 3590 786 3641 H.
799 3592 882 3642 Carm.
895 3594 932 3641 16.
948 3594 1074 3655 Spiritum
1087 3593 1183 3641 Graiae
1200 3597 1298 3639 tenuem

754 3672 879 3722 Conuenae
896 3676 984 3722 Parca
1000 3687 1050 3721 non
1070 3671 1180 3719 tuendae
1197 3670 1273 3717 dedit.

785 3755 928 3814 lt'onrenqne
938 3753 1005 3800 dedit
1021 3751 1116 3813 po'e'tae.
1143 3747 1247 3796 Humilo
1259 3748 1297 3794 di·

751 3838 827 3879 ctum.
861 3831 954 3879 Melius
982 3829 1070 3878 Horat.
1094 3828 1142 3876 IV.
1165 3826 1248 3876 Carm.
1274 3829 1298 3875 3.

754 3912 845 3959 Totum
877 3911 987 3958 asanais
1005 3910 1049 3956 boc
1077 3909 1116 3955 iai
1132 3911 1187 3963 est,
1224 3907 1299 3963 Quod

751 3995 876 4039 rrronstror
901 3989 978 4050 digito
999 3986 1217 4048 praetereuntium
1245 3986 1297 4032 Ro·

752 4085 841 4118 manae
854 4068 950 4130 fidicen
967 4069 1046 4128 lyrae.
1085 4064 1123 4112 At
1143 4064 1208 4112 idem
1233 4069 1299 4112 recte

751 4148 777 4195 iu
803 4147 890 4197 Satiris
909 4153 934 4194 et
957 4144 1077 4208 Epistolis
1100 4160 1187 4193 nonren
1211 4143 1300 4206 podiae

752 4235 776 4276 et
794 4227 901 4276 nominis
914 4226 990 4272 baina
1008 4225 1123 4273 honorem
1138 4223 1227 4285 posuit.

790 4307 922 4368 Virpinarn
955 4304 1060 4364 primae.
1103 4302 1182 4350 Poeta
1215 4301 1299 4351 Carm.
