2916 5220
576 313 751 376 LIBER
797 315 822 374 l.

482 539 729 603 OARMEN
775 541 900 604 XXVI.

307 691 424 770 Musis
447 706 572 771 amicus
597 705 768 771 tristitiam
797 714 831 771 et
853 713 961 771 metus

306 807 443 872 Tradam
466 809 626 892 protervis
651 808 685 872 in
709 831 798 874 mare
820 809 984 874 Oreticum

352 911 485 976 Portare
508 912 633 992 venua,
659 911 731 996 quis
756 913 817 976 sub
841 913 942 976 Arcto

395 1014 466 1078 Rex
488 1015 616 1098 gelidae
640 1021 805 1079 metuatur
828 1037 920 1097 orae,

307 1116 394 1196 Quid
417 1118 582 1182 Tiridaten
606 1124 743 1200 terreat,
768 1120 864 1184 unice

307 1221 455 1286 Securus.
505 1221 552 1304 Ο,
578 1243 660 1306 quae
684 1221 831 1287 fontibus
856 1223 993 1310 integris

351 1323 501 1407 Gaudes,
525 1324 651 1410 apricos
676 1331 770 1390 necte
792 1325 905 1409 flores,

394 1427 496 1492 Necte
519 1449 592 1492 meo
617 1427 749 1493 Lamiae
773 1450 942 1511 coronam,

263 1658 416 1708 CARMEN
433 1657 535 1706 XXVI.

164 1756 244 1865 Quis
261 1791 307 1838 aab
322 1791 408 1837 Arcto.
430 1789 489 1836 Duo
500 1788 577 1838 MSS.
590 1792 674 1834 nostra

124 1870 176 1930 qni.
208 1868 292 1918 Bentl.
309 1869 407 1917 volebat
424 1869 485 1931 quis.
519 1869 591 1917 Idem
610 1867 673 1915 Bur-

124 1962 245 2006 mannus,
265 1947 407 2009 intelligens
424 1961 508 2010 regem
526 1947 674 2002 Persarum,

123 2026 168 2088 qui
185 2026 287 2089 Scythis
303 2033 328 2075 et
341 2026 470 2075 Armeniis
487 2025 607 2073 inhiabat.

161 2106 232 2164 Quid
243 2107 377 2156 Tiridaten
389 2112 491 2155 terreat.
509 2105 604 2168 Tangit
614 2119 674 2167 quo-

123 2184 231 2232 tidianos
259 2184 387 2232 hominurn
416 2197 549 2232 sermones.
590 2182 672 2231 Theo-

123 2263 218 2323 phrast.
242 2262 318 2313 Char.
341 2264 400 2312 mh.
417 2263 495 2311 VIII.
531 2262 583 2311 Ubi
600 2262 673 2326 λογο-

124 2341 199 2399 ποιός
219 2348 305 2389 narrat
330 2342 364 2399 ὡς
381 2340 572 2405 Πολυσπέρχων
593 2341 633 2387 καὶ
659 2339 672 2387 ὁ

121 2419 243 2481 βασιλεὺς
268 2420 339 2485 μάχῃ
361 2421 483 2481 νενίκηκε,
509 2421 550 2467 rai
572 2418 671 2467 Κάσαν-

122 2498 182 2562 δρος
199 2498 342 2564 ἐζώγρηται.
368 2498 480 2547 Iuvenai.
495 2498 547 2548 Sat.
556 2498 604 2546 VI.
614 2497 670 2545 402.

122 2579 198 2626 Haec
218 2579 302 2625 eadem
322 2580 404 2638 novit,
424 2579 487 2640 qnid
507 2582 558 2625 toto
572 2577 626 2638 fiat
644 2579 671 2624 in

121 2658 191 2713 orbe,
213 2657 283 2714 Quid
291 2657 374 2713 Seres,
384 2657 448 2718 quid
459 2656 570 2703 Thraces
585 2661 670 2717 npnnt.

122 2735 218 2797 Gogav.
245 2735 382 2784 Praeterm.
407 2749 464 2797 pag.
485 2735 525 2783 26.
550 2734 670 2783 malebat:

125 2816 197 2872 Quid
212 2817 350 2870 unitatem,
362 2822 391 2862 ut
402 2813 458 2861 Lib.
470 2812 521 2861 III.
538 2813 669 2862 Carm.29.

125 2894 166 2939 Tu
181 2895 308 2942 ciuitatem
321 2894 377 2954 quit
389 2895 567 2942 detentatores
578 2893 668 2941 Caras.

121 2972 172 3020 Sed
190 2972 288 3021 diversa
304 2978 342 3020 est
358 2973 489 3035 utriusque
505 2971 555 3020 loci
571 2979 667 3021 natura.

156 3053 278 3099 Fontibus
294 3053 406 3112 integris.
434 3050 667 3113 Schraderusfron·

119 3132 200 3177 itibus.
233 3129 332 3178 Comm.
354 3128 456 3177 “Plenis
477 3135 502 3176 et
523 3128 669 3177 incontami-

119 3208 210 3255 natis.'’
248 3209 346 3257 Acron:
373 3207 469 3270 “plenis
499 3215 523 3256 et
549 3208 666 3256 immuta-

119 3286 212 3334 tionem
229 3286 418 3334 nescientihus.''
447 3285 561 3335 Oudend.
571 3287 602 3334 ad
614 3287 667 3350 Ap-

118 3365 173 3426 pul.
199 3364 266 3413 Flor.
288 3380 312 3427 p.
330 3365 370 3412 49.
387 3364 486 3426 legebat
511 3367 665 3413 imminutio·

118 3459 183 3490 τισιν.
216 3442 273 3490 Non
290 3447 351 3504 puto
367 3457 463 3491 verum.
498 3441 526 3491 si
543 3449 621 3501 recte,
638 3449 667 3490 ut

118 3520 153 3567 ihi
174 3527 226 3578 est,
251 3521 340 3569 dicitur
361 3523 483 3583 virginem
504 3521 666 3579 trarrrinnere,

117 3597 333 3664 διαπαρθενεὺειν,
350 3613 401 3647 non
417 3605 484 3647 recte
494 3598 572 3656 dicas,
585 3600 665 3647 imari-

117 3693 195 3726 nnere
212 3678 311 3740 sontes,
337 3692 381 3740 pro
406 3678 585 3726 contaminare.
618 3677 665 3725 Le-

116 3756 227 3817 gendum
247 3757 340 3820 potius:
365 3757 601 3806 contaminationem
622 3773 663 3806 ne·

115 3836 257 3884 scientibrn.

151 3916 258 3977 Apricos
273 3920 343 3964 necte
351 3914 441 3977 flores,
461 3915 538 3962 Necte
551 3930 602 3963 niro
614 3917 665 3962 La·

116 3994 183 4041 ruine
207 4008 331 4042 coronam.
369 3992 456 4041 Floras
481 3999 614 4040 nectuntur
638 3992 665 4041 in

115 4084 242 4118 coronam.
270 4070 337 4119 Noni
350 4070 421 4118 flores
433 4077 491 4118 sunt
500 4071 555 4132 ipsa
565 4085 664 4121 corona.

114 4148 200 4211 Igitur
216 4149 254 4196 bis
269 4149 335 4197 idern
352 4149 424 4196 dixit.
452 4150 600 4212 Elegantius
612 4166 664 4199 ver-

116 4242 172 4275 sum
184 4228 219 4274 ita
229 4227 377 4290 distingues:
395 4230 494 4290 apricos
504 4235 573 4278 necte
579 4230 664 4289 tiores,

115 4312 198 4369 erecte,
215 4322 267 4355 nico
285 4308 390 4356 Lanriue
406 4321 527 4355 emonam.
558 4309 665 4371 Apposi-

715 1632 749 1680 tio
768 1647 823 1681 vere
840 1633 944 1696 poitica:
962 1640 1032 1682 necte
1042 1634 1135 1695 flores,
1147 1648 1263 1682 coronant

715 1712 826 1760 Lamiae.
861 1711 941 1761 Grata
959 1713 1032 1759 otiam
1050 1711 1163 1774 repetitio
1181 1718 1263 1770 necte,

715 1795 785 1838 necte
809 1789 892 1847 fiores,
917 1789 944 1837 in
969 1790 1132 1840 festinatione.
1175 1792 1262 1841 Floras

715 1870 799 1929 oprtet
825 1875 883 1916 suut
904 1869 995 1917 solibus
1019 1870 1130 1931 expositi.
1165 1871 1215 1919 Sed
1237 1872 1262 1919 hi

715 1961 788 2008 saepe
804 1954 927 2006 marcent,
944 1956 968 1997 et
984 1954 1058 2010 caput
1070 1955 1095 1996 et
1106 1948 1164 1997 folia
1176 1950 1260 1998 demit·

715 2032 779 2074 tunt.
813 2026 918 2075 Mallem
941 2030 1045 2090 padc'cor
1063 2028 1156 2089 flores,
1187 2028 1212 2074 h.
1240 2043 1260 2076 e.

715 2113 834 2166 recenter,
851 2108 965 2155 intactos.
992 2105 1055 2154 snt.
1067 2105 1089 2152 1.
1107 2105 1186 2154 Theb.
1204 2108 1260 2155 554.

714 2186 813 2234 evincta
833 2187 927 2248 pudico
948 2186 1048 2234 Fronde
1067 2201 1164 2233 ananus.
1199 2186 1261 2234 ibid.

714 2278 750 2310 vs.
768 2264 826 2316 697.
850 2280 907 2313 rore
926 2264 1024 2327 pudico.
1058 2262 1191 2311 Claudian.
1211 2265 1261 2313 III.

714 2342 789 2406 Rapt.
801 2344 873 2392 Pros.
884 2345 925 2395 75.
943 2344 1056 2401 Laurus,
1067 2343 1189 2404 virgineos
1199 2360 1261 2404 pirae

713 2422 939 2484 qnoridamfronde
946 2422 1041 2482 pudica
1055 2421 1195 2467 Umbrubot
1206 2423 1260 2468 tbn·

714 2500 798 2548 lanios.
820 2500 939 2548 Horatius
951 2499 1012 2546 haec
1028 2496 1137 2546 scribens
1154 2500 1261 2560 cogitare

714 2579 792 2639 potuit
809 2578 923 2642 Euripid.
935 2579 1009 2641 Hipp.
1022 2593 1059 2626 vs.
1068 2578 1107 2628 73.
1134 2580 1177 2624 Σοὶ
1189 2577 1260 2627 τόνδε

714 2658 825 2706 πλεκτὸν
849 2656 976 2722 στέφανον
1001 2656 1028 2712 ἐξ
1052 2655 1178 2720 ἀκηράτου
1204 2661 1259 2704 Λει-

712 2739 810 2798 μῶνος,
837 2738 855 2784 ὦ
878 2735 1012 2796 δέσποινα,
1035 2733 1163 2798 κοσμήσας
1183 2734 1258 2800 φέρω,

707 2812 779 2862 'Eva’
797 2815 852 2864 οὔτε
869 2815 965 2879 ποιμὴν
982 2813 1047 2870 ἀξιοῖ
1064 2812 1164 2878 φέρβειν
1180 2815 1258 2876 βοτά,

713 2891 770 2942 Οὐδ’
787 2893 848 2953 ἦλθέ
867 2912 906 2942 πω
924 2892 1035 2957 σίδηρος,
1057 2891 1113 2940 ἀλλ’
1131 2892 1259 2958 ἀκήρατον

712 2968 825 3019 Μέλισσα
840 2970 939 3034 λειμῶν’
957 2972 1044 3035 ἠρινὸν
1061 2971 1196 3035 διέρχεται,
1214 2972 1258 3020 Αἰ-

710 3046 759 3105 δὼς
768 3047 792 3098 δὲ
803 3050 952 3113 ποταμίαισι
961 3048 1061 3108 κηπεύει
1071 3050 1184 3114 ὃρὸσοιςτ
1194 3066 1259 3113 quae

709 3127 759 3174 iarn
780 3128 894 3176 Muretus
915 3141 972 3174 cum
994 3127 1139 3176 HoratIanis
1158 3143 1256 3192 compa-

709 3208 780 3254 ravit.
815 3207 845 3254 In
864 3205 982 3267 Euripide
996 3206 1177 3254 observandum
1188 3224 1257 3270 prae-

709 3285 778 3346 cipue
796 3282 890 3345 atati,
911 3291 936 3333 et
956 3286 1050 3334 Mureti
1070 3287 1162 3335 Latina
1179 3287 1255 3338 inter·

709 3364 823 3423 pretatio:
850 3365 917 3423 Apis
943 3380 995 3412 rino
1005 3364 1086 3425 flores
1110 3381 1168 3415 vere
1192 3369 1257 3416 tibet

708 3445 829 3504 integros,
856 3444 936 3490 Paris
961 3445 1078 3492 honestus
1102 3461 1162 3507 qnos
1187 3448 1256 3508 ripnt

709 3523 818 3583 tyinpbis
836 3523 932 3570 Pudor.
960 3519 1155 3570 Valckenaen'us
1172 3530 1195 3571 ot
1214 3525 1256 3573 alii

707 3614 751 3661 pro
776 3598 855 3658 Αἰδὼς
880 3599 1044 3648 emendarunt
1060 3597 1134 3658 Ἕως.
1173 3601 1256 3664 Rogat

708 3678 830 3727 Valcken.
848 3679 907 3741 quid
924 3678 1029 3735 Graeca,
1046 3686 1089 3726 aut
1101 3679 1193 3727 Latina
1204 3681 1253 3728 ista

708 3759 801 3807 Mureti
816 3759 969 3821 significent?
991 3758 1056 3806 Mihi
1067 3757 1146 3816 Αἰδὼς
1158 3759 1255 3808 doctius

707 3837 815 3895 videtur,
840 3852 916 3901 quam
938 3846 967 3885 ut
987 3854 1002 3885 a
1022 3837 1130 3885 librariis
1150 3839 1174 3886 in
1189 3836 1255 3896 Ἕως

707 3918 788 3964 notius
805 3916 897 3965 mutari
913 3917 1033 3979 potuerit,
1050 3921 1075 3962 et
1087 3914 1255 3976 pulcherrima

707 4002 743 4043 est
760 3997 853 4057 imago:
869 3994 956 4044 Flores
972 3995 1024 4041 sinc
1040 3992 1108 4040 omni
1124 3992 1193 4049 labe,
1209 4008 1253 4056 pu-

706 4074 795 4121 rissimi
806 4080 831 4121 et
845 4072 937 4135 pudici,
954 4085 1016 4134 quos
1027 4071 1078 4132 ipse
1090 4069 1177 4117 Pudor
1188 4071 1252 4135 lym-

706 4151 762 4215 phis
778 4151 872 4212 irrigat.
905 4150 980 4198 Nune
1001 4149 1046 4196 tiri
1068 4149 1200 4198 doctissimi
1216 4150 1251 4200 fc·

706 4236 792 4280 cerunt
809 4230 936 4278 Auroram
958 4227 1030 4276 flores
1048 4242 1062 4275 e
1079 4227 1181 4277 flumine
1197 4229 1251 4278 irri-

707 4317 818 4373 gantem:
837 4310 903 4374 quod
920 4309 951 4357 ab
967 4308 1070 4356 Aurora
1086 4308 1195 4357 alienum
1209 4316 1253 4368 est,
