2916 5220
591 304 722 366 Llllll
737 306 764 366 lt
810 306 867 367 lV.

346 488 479 567 Sneenle
489 488 601 573 seetne
623 489 778 575 rqerente
801 491 899 573 lneee,

343 592 486 657 Reddidi
507 615 648 677 narnien,
674 595 784 660 docilia
807 596 967 661 rnodernrn

446 697 536 760 Vntr'a
559 697 714 761 Horati.'’

163 832 189 874 te
214 827 315 874 domum
345 825 456 883 mittam,
487 839 567 887 neque
596 825 631 873 sic
656 825 714 874 olim
753 827 806 874 dies
830 825 955 889 referente
975 830 1059 877 rtccoa
1096 825 1145 877 Sed
1167 828 1303 891 requiritur

164 910 243 967 nupta
276 903 357 952 dicere
382 903 485 965 poteris,
519 910 543 952 tc
560 904 647 952 ¹choro
676 905 713 952 iu·
754 910 851 968 tempus
868 904 1054 967 imperfectum,
1075 921 1152 969 qnnm
1170 907 1302 969 referebat.

163 982 301 1031 terfuisse.''
344 981 439 1030 Pueros
469 989 552 1030 autern
582 982 644 1031 nihil
673 997 714 1029 cu·
754 983 809 1031 Iam
826 985 982 1046 participium
998 999 1113 1046 praesens
1135 999 1206 1048 saepe
1223 985 1304 1033 invol-

163 1068 211 1109 rat.
234 1061 333 1111 Chorus
350 1066 433 1109 tamen
450 1062 502 1110 sine
518 1061 568 1109 illis
585 1075 634 1108 non
655 1075 713 1109 con·
754 1063 791 1110 vit
816 1063 892 1111 simul
921 1064 1046 1111 notionem
1075 1063 1223 1126 imperfecti,
1241 1077 1304 1123 non,

163 1141 253 1188 stabat.
753 1148 826 1204 puto,
851 1143 876 1188 in
902 1142 948 1189 hoc
973 1149 998 1191 et
1020 1143 1142 1191 similibus
1170 1143 1302 1205 exemplis:

197 1221 303 1269 Saeculo
313 1219 399 1281 sertae
410 1216 534 1278 referente
551 1219 623 1265 luces.
642 1217 714 1267 Sum·
754 1223 833 1281 dices,
849 1224 947 1270 amento
959 1222 1083 1283 referente
1095 1225 1178 1281 luder,
1196 1224 1302 1271 reddidi.

163 1300 196 1347 sit
212 1314 226 1346 e
242 1299 326 1349 Germ.
345 1297 444 1348 Saecul.
458 1296 498 1343 21.
529 1295 621 1344 Certus
639 1299 714 1345 nrrde-
754 1298 817 1359 Quis
839 1300 945 1363 denique
966 1300 1052 1349 laudet
1073 1303 1202 1350 saeculnm
1223 1300 1303 1363 refert

163 1395 207 1430 nos
223 1381 301 1427 decies
316 1393 363 1439 per
380 1391 459 1425 annea
480 1376 556 1423 Orbia
577 1380 607 1422 nt
623 1381 714 1424 cantur
747 1380 832 1442 festus
860 1381 926 1428 lncea
951 1394 1010 1442 pro:
1028 1381 1157 1430 saeculum
1175 1381 1303 1442 finitam,

162 1456 310 1520 referatque
327 1457 403 1503 indes.
431 1453 499 1514 Quid
516 1458 599 1502 tutem
617 1455 715 1502 ruttulo
753 1475 854 1517 mnam,
872 1459 911 1508 vel
930 1459 1013 1507 aliud?

164 1533 304 1598 referente?
330 1533 447 1585 Indicant
468 1539 564 1595 tempus
587 1547 713 1595 praesens,
791 1538 865 1585 Vatia
884 1536 989 1585 Horati.
1016 1537 1057 1586 Sic
1074 1537 1109 1586 H.
1128 1537 1240 1588 Carmli
1257 1553 1302 1601 pro

161 1612 573 1676 qnnmresert,utHI.Carm.29.
584 1614 713 1661 IermPro·
758 1616 831 1663 Vatis
847 1617 922 1664 arreni
938 1616 965 1662 in
982 1616 1129 1678 quibusdam
1144 1617 1222 1667 MSS.
1232 1631 1300 1680 repo·

162 1691 304 1753 cyensnrit
328 1694 448 1742 Etatelln
460 1693 639 1747 vernntleone'a,
658 1693 714 1741 Sole
753 1699 855 1741 suerunt
873 1693 1037 1743 Grammatici
1058 1698 1132 1745 Votis
1149 1697 1256 1746 Horati.

652 1849 815 1874 κ-οοῠ-

536 1959 782 2071 cnnnnn
828 2006 903 2070 vu.

253 2143 432 2244 Diffugere
456 2158 563 2240 nives,
588 2158 726 2222 redeunt
748 2156 816 2221 iam
837 2157 988 2242 gramina
1011 2159 1154 2244 campio,

296 2262 544 2346 Arboribusque
569 2283 699 2344 comae,

260 2368 371 2432 Mutat
394 2370 478 2430 terra
501 2365 587 2429 vices
618 2373 651 2429 et
674 2364 892 2429 decrescentia
914 2364 1001 2449 ripas

297 2469 454 2534 Flumina
476 2472 703 2554 praetereunt:

252 2573 466 2639 Gratianum
489 2570 654 2655 Nymphis
678 2569 885 2655 geminisque
910 2571 1072 2636 sororibus
1097 2573 1197 2636 audet

297 2676 423 2740 Ducere
448 2675 538 2738 nuda
561 2674 685 2738 choros.

253 2780 459 2845 Immortalis
480 2801 522 2842 nc
546 2800 674 2863 speres,
699 2783 813 2842 monet
836 2800 943 2843 annus
968 2783 1001 2843 et
1024 2779 1151 2845 almum

296 2883 385 2963 Quae
408 2882 495 2967 rapit
517 2883 597 2946 hora
620 2881 715 2946 diem.

319 3061 472 3111 CARMEN
486 3061 550 3110 VH·
749 3035 829 3083 nitore
853 3051 919 3085 anno
944 3045 968 3086 et
989 3039 1058 3085 hora.
1095 3038 1192 3098 Optare
1212 3052 1297 3101 possu-

750 3128 813 3162 mus,
839 3115 874 3163 Ut
885 3114 971 3164 Cicero
982 3116 1009 3162 in
1020 3115 1106 3163 Laelio
1123 3130 1176 3176 cap.
1189 3117 1212 3163 3.
1241 3119 1300 3165 Nea

192 3158 309 3242 Mutat
330 3198 400 3240 terra
420 3193 490 3241 vices.
525 3190 708 3240 Grammaticus
749 3195 826 3251 enim,
851 3196 975 3254 quoditie
992 3195 1229 3256 rrrr'ne'rrrepntnbnt,
1250 3197 1297 3242 irn-

158 3273 232 3334 poeta
247 3273 273 3319 in
291 3271 397 3321 Anthol.
409 3271 493 3319 Latin.
511 3271 574 3318 Tom
585 3270 606 3317 Ι,
619 3285 642 3331 p.
655 3271 709 3318 139.
749 3273 930 3320 mortalitatem
947 3278 1035 3334 optare
1052 3273 1130 3321 veltet.
1164 3272 1237 3330 Vidi,
1254 3274 1298 3336 qui

160 3353 292 3401 Foeennelo
310 3354 402 3401 semine
422 3367 508 3399 rernm
530 3351 622 3397 Mutet
639 3355 708 3398 terra
749 3349 898 3398 coniicerct:
930 3351 964 3397 In
989 3353 1107 3398 mortalia
1132 3367 1182 3398 nen
1206 3366 1297 3412 aperea.

157 3433 232 3481 nicea.
265 3431 398 3480 Horatium
418 3445 516 3494 quoqne
533 3430 657 3492 cogitabat
673 3429 708 3477 al·
749 3426 858 3486 Vereor,
877 3434 906 3475 ut
923 3428 1041 3476 Latinum
1059 3429 1097 3478 sit.
1132 3429 1297 3479 Scribendum

160 3517 198 3558 ter
218 3511 243 3558 in
264 3510 370 3559 Anthol.
391 3510 451 3558 Vol.
472 3510 508 3557 Π.
530 3524 553 3570 p.
570 3510 626 3557 321.
662 3510 707 3556 Al·
749 3506 830 3568 potius
853 3521 952 3556 censeo:
975 3510 1137 3558 Irnmortnlr‘n
1157 3526 1189 3559 ne
1208 3513 1296 3572 spirea

159 3593 263 3637 ternant
287 3591 408 3638 elementa
433 3590 510 3636 eirea:
537 3589 666 3650 praecipue
683 3587 708 3634 iu
751 3585 835 3648 Spirat
852 3586 1013 3645 immortalia,
1031 3588 1074 3650 qui
1090 3589 1202 3637 animum
1220 3596 1297 3639 aeter-

159 3665 220 3714 fine:
242 3668 335 3715 Omnia
351 3669 404 3725 dut,
422 3669 498 3724 toltit,
515 3669 654 3728 rninnn'tqne
669 3681 708 3715 vo·
749 3665 787 3713 nis
809 3666 915 3714 consiliis
937 3673 961 3713 et
983 3668 1080 3728 magnis
1102 3668 1175 3716 rebus
1195 3667 1296 3731 fatigat,

157 3746 231 3794 tnttle
252 3751 354 3808 tempus.
393 3749 456 3804 Ver,
478 3753 573 3806 nester,
595 3751 708 3795 anctum·
749 3751 773 3792 et
798 3745 892 3792 maiora
917 3745 1029 3807 agitans,
1063 3762 1138 3809 quarn
1165 3747 1297 3796 mortalem

158 3839 220 3885 nna,
237 3827 334 3887 hyeme,
350 3828 418 3874 redit
435 3841 518 3874 annue
534 3826 562 3872 e'n
579 3838 681 3871 annum.
748 3825 847 3881 decent,
869 3840 919 3872 non
939 3828 1031 3888 cogitat
1047 3836 1152 3875 mortem
1170 3828 1238 3876 brevi
1254 3829 1296 3876 ad-

192 3906 285 3953 Andet.
318 3903 440 3954 Venuste.
474 3905 505 3952 In
527 3918 553 3952 re
574 3903 660 3951 eadem
677 3905 709 3951 ad
748 3912 891 3952 venturam:
916 3905 959 3967 qui
984 3920 1078 3968 semper
1101 3905 1185 3953 futura
1203 3909 1296 3970 prospi-

158 3988 251 4032 terram
280 3985 407 4031 transtulit
431 3983 551 4032 Manilius
576 3982 626 4030 III.
652 3983 708 4031 649.
748 3983 792 4040 cit,
809 3996 937 4044 nunquam
954 3984 1123 4045 praesentibus
1140 3983 1238 4035 fruitur.
1258 3986 1295 4036 Si·

158 4063 198 4109 Et
214 4064 298 4111 varior
314 4064 391 4111 nudet
401 4063 482 4126 florea
498 4063 610 4110 emittere
624 4062 708 4110 tellne.
748 4060 817 4108 milia
842 4067 901 4107 sunt
931 4060 1082 4110 Graecorum
1106 4062 1176 4122 loca,
1204 4064 1296 4126 partim

190 4142 356 4189 Irnnrortaie‘n
378 4158 410 4191 ne
430 4155 520 4204 aperea.
555 4139 636 4188 Nemo
656 4147 708 4188 tam
748 4140 896 4197 sententiae,
924 4139 1015 4201 partim
1043 4141 1139 4190 dicendi
1165 4142 1296 4193 formulae.

157 4218 256 4282 ineptus
273 4226 321 4277 est,
339 4224 368 4267 ut
385 4224 466 4282 speret
482 4217 709 4278 immortalitatem,
749 4219 875 4268 Pindarus
893 4216 995 4282 Olymp.
1013 4220 1062 4268 XI.
1074 4222 1114 4269 93.
1132 4223 1203 4269 κενεὰ
1217 4222 1294 4270 πνεύ-

156 4312 250 4361 neqne,
267 4305 295 4346 nt
312 4313 361 4347 non
379 4303 471 4361 speret,
493 4311 555 4360 opus
571 4304 609 4346 est
625 4298 708 4345 arimo-
748 4316 812 4356 σαις.
845 4297 933 4346 Isthm.
955 4298 987 4346 V.
1013 4299 1052 4347 20.
1078 4299 1163 4349 θνατὰ
1179 4300 1297 4351 θνατοῖσι
