2916 5220
639 327 788 389 <tillir
809 327 957 390 lNllM

451 511 568 592 Vates,
594 532 698 595 neque
722 511 756 573 in
781 511 873 576 terris
898 515 1047 579 morabor

497 612 663 697 Longius,
690 613 877 698 invidiaque
899 616 1004 682 maior

405 717 509 783 Urbes
534 715 726 800 relinquam.
775 715 850 780 Non
875 739 952 803 ege,
977 743 1158 807 pauperum

406 819 547 904 Sanguis
572 824 764 903 parentum,
789 840 856 883 non
880 842 958 905 ego,
984 845 1081 908 quem
1104 848 1200 891 vocas
1207 875 1216 908 ‚

451 921 578 986 Dileote
603 921 789 1003 Maecenas,
815 921 911 986 obibo

495 1025 562 1088 Noc
588 1024 705 1108 Stygia
728 1026 902 1091 cohibebor
925 1030 1020 1094 unda.

226 1163 343 1211 Horatius
359 1162 468 1210 ciusdem
485 1160 544 1209 anni
566 1161 604 1208 die
622 1161 703 1209 XXV
720 1161 770 1208 No·
812 1160 1363 1225 vitamigranoum.Ambros.T.11.p.1123.

225 1242 344 1300 vembris,
369 1246 394 1289 et
415 1247 466 1287 tarn
487 1239 569 1286 subito
594 1240 666 1296 obiit,
687 1245 716 1287 ut
740 1255 771 1288 ne
816 1240 886 1297 Quid
902 1240 999 1287 diutius
1015 1241 1043 1286 in
1060 1243 1107 1289 hec
1123 1241 1365 1302 eitadeyerea'uvat,

225 1327 401 1369 testamentum
423 1319 521 1381 quidem
544 1318 640 1379 signare
657 1319 771 1380 potuerit.
812 1323 889 1378 utque
905 1319 1018 1367 interris
1031 1321 1134 1366 irrorari.
1152 1319 1284 1368 Nonnulla
1294 1321 1362 1369 dixi-

221 1398 319 1447 'Narrat
337 1398 469 1448 Suetonius
489 1397 515 1444 in
533 1396 606 1445 Vita:
630 1399 772 1460 Arrpactam
812 1410 868 1443 mus
886 1396 916 1442 ad
934 1396 969 1444 11.
987 1396 1070 1446 Carm.
1088 1398 1112 1445 3.

222 1479 310 1537 palam
326 1479 483 1539 rtuacupcoa't
499 1477 640 1536 haeredem,
652 1490 718 1535 cum,
729 1491 772 1522 ur·
846 1475 904 1522 Noa
920 1489 975 1536 epo,
991 1491 1063 1536 quem
1079 1491 1164 1537 vocas,
1179 1478 1278 1526 Dilecta
1288 1479 1365 1529 Mac-

224 1563 295 1617 pentc
310 1557 335 1606 ιη’
353 1557 516 1611 valetudinis,
533 1554 722 1616 pcnscrfficerct
739 1556 773 1602 ad
812 1565 896 1613 cotra,
913 1554 989 1600 obita
1019 1553 1095 1602 Hunc
1111 1570 1211 1603 vorsum
1228 1571 1303 1605 nemo
1320 1557 1365 1604 ad-

225 1637 391 1698 obeipnandos
413 1635 555 1683 testamenti
577 1633 685 1680 tabulas.
717 1632 772 1679 Hoc
813 1630 862 1678 huo
879 1631 1009 1680 intellexit.
1027 1633 1121 1682 Variae
1131 1635 1296 1698 interpretum
1308 1651 1365 1684 sen·

225 1714 290 1774 quod
307 1727 353 1774 ogo
370 1712 396 1759 in
414 1712 463 1760 alia
486 1726 561 1759 causa
576 1717 601 1759 et
617 1711 643 1758 in
661 1711 710 1759 alio
727 1711 770 1758 ho·
813 1711 902 1758 tentiae
919 1712 968 1759 huc
984 1713 1100 1761 redeunt:
1121 1713 1201 1771 Quem
1216 1729 1298 1772 vocas,
1316 1715 1366 1762 hoc

225 1793 291 1840 mine
315 1805 399 1838 casum
416 1797 440 1837 et
461 1789 586 1838 fortunam
608 1788 772 1852 appellarem,
813 1794 862 1845 est,
879 1804 952 1851 quem
969 1805 1042 1838 vocas
1059 1797 1083 1840 et
1092 1790 1224 1854 alloqueris
1241 1794 1365 1852 odllecte,

226 1870 266 1917 hic
286 1884 335 1917 non
357 1869 542 1932 appellaverim.
571 1868 689 1917 Horatius
705 1868 772 1916 onim
813 1882 887 1930 quern
910 1883 981 1916 vocas
1003 1872 1038 1918 ad
1057 1885 1168 1928 coenam,
1192 1885 1267 1932 quem
1289 1886 1366 1921 vocas

225 1955 308 1997 sancte
324 1948 459 1997 iuraverat:
482 1949 590 2004 thinius,
607 1949 711 2004 thiresus,
725 1948 772 1994 Ut*
813 1948 957 2007 sanquinem
972 1963 1115 2009 puerperam
1127 1956 1274 2011 parentum,
1286 1967 1365 2014 quem

225 2043 328 2091 eumque
344 2028 487 2089 praecedes,
504 2041 646 2087 supremum
661 2025 773 2085 Carpere
813 2025 840 2072 in
857 2031 982 2074 certamen
998 2041 1071 2075 vocas
1089 2031 1194 2087 artioris,
1208 2035 1236 2076 ut
1250 2029 1312 2077 alias
1327 2037 1364 2078 ta-

225 2109 274 2156 iter
291 2109 391 2156 comites
398 2106 493 2168 parati.
512 2105 546 2152 Et
558 2103 608 2151 iarn
623 2103 683 2151 olim
692 2102 771 2164 Epod.
813 2118 889 2151 ceam.
919 2105 996 2153 Multi
1017 2105 1162 2155 coniecturis
1183 2107 1267 2154 locum
1285 2115 1365 2157 tenta-

226 2186 247 2234 1.
256 2187 280 2235 5.
292 2192 397 2235 testatus
407 2191 456 2233 est:
468 2187 531 2245 Nos,
542 2185 631 2246 quihus
641 2183 726 2230 teoita
737 2183 773 2229 sit
814 2188 885 2239 runt,
899 2189 936 2231 ut:
954 2200 1002 2233 aori
1014 2200 1066 2247 epo,
1083 2201 1155 2248 quem
1171 2194 1274 2246 coeunt,
1291 2203 1365 2250 quem

225 2267 361 2328 superstite
377 2266 507 2322 Iucunda,
524 2265 548 2311 si
564 2268 665 2318 ceretro,
681 2262 771 2323 prauis.
813 2275 911 2320 amaus,
928 2270 1113 2324 percursatum,
1125 2266 1283 2329 quotiescum,
1295 2268 1365 2328 quod

226 2342 349 2393 Credibile
361 2349 398 2392 est
409 2342 542 2391 Horatium
555 2354 645 2403 paucos
656 2340 720 2396 dies,
730 2340 773 2401 qui
814 2347 850 2389 est
861 2340 962 2388 Nodelli
973 2340 1083 2391 Coniect.
1102 2342 1202 2392 Criticis
1213 2357 1266 2406 cap.
1279 2345 1302 2392 4.
1320 2346 1365 2394 Ex

226 2424 290 2472 inter
306 2429 412 2472 mortem
433 2421 585 2470 Macoenatis
602 2426 627 2469 et
649 2433 719 2467 suam
737 2419 773 2465 in·
814 2424 898 2466 nostra
914 2419 1030 2467 carminis
1041 2419 1181 2482 explicandi
1191 2423 1288 2472 ratione
1303 2439 1363 2486 pro·

225 2503 391 2562 teroeoeerint
408 2503 434 2550 in
451 2508 520 2549 tanto
537 2506 637 2562 tamque
648 2505 718 2546 muto
729 2499 771 2545 do·
815 2496 850 2544 dit
874 2497 935 2546 haec
959 2499 1065 2561 simplex
1095 2505 1119 2547 et
1144 2514 1202 2548 vera
1227 2503 1364 2552 sententia:

225 2582 277 2629 lore
298 2583 458 2646 transegisse,
483 2587 512 2629 ut
535 2596 594 2630 eum
615 2579 725 2628 dolorem
741 2591 773 2626 ne
814 2575 897 2623 “Nolo
918 2577 1024 2640 amplius
1041 2578 1068 2624 in
1084 2585 1151 2626 terra
1166 2581 1266 2629 morari.
1301 2581 1364 2631 Cor-

226 2659 252 2707 in
269 2662 378 2710 carmine
395 2660 494 2723 quidcm
511 2659 542 2707 de
557 2658 626 2705 obitu
642 2656 714 2704 amici
731 2671 772 2704 ex·
813 2669 860 2715 pus
877 2670 962 2704 meum
984 2657 1036 2705 sine
1051 2671 1142 2720 pompa
1161 2665 1186 2707 et
1203 2659 1275 2707 luctu
1292 2674 1362 2723 sepe-

225 2737 330 2801 primere
346 2738 461 2800 potuerit.
479 2737 603 2792 Tandem,
616 2735 709 2783 consilii
722 2749 772 2783 cer·
814 2733 896 2781 liatur.
922 2733 989 2796 Ipse,
1013 2734 1099 2784 melior
1116 2737 1163 2784 mei
1187 2752 1256 2800 pars,
1278 2739 1365 2788 vitabo

225 2822 279 2874 tus,
296 2816 392 2879 ingenti
403 2817 486 2864 animo
494 2816 540 2863 hoc
551 2813 696 2876 composuit,
707 2828 772 2861 com·

226 2895 304 2955 posito
320 2910 444 2943 venenum
461 2893 557 2950 hausit,
568 2894 634 2941 clam
650 2891 772 2949 omnibus,

226 2979 255 3020 ut
276 2975 301 3021 in
325 2973 414 3022 intimo
439 2973 535 3030 dolore,
561 2978 586 3021 et
608 2985 639 3020 ne
659 2971 772 3034 precibus

226 3065 328 3099 snorum
345 3053 376 3099 ad
393 3053 470 3101 vitam
492 3057 655 3100 revocaretur.
689 3050 771 3099 Vene-

226 3146 286 3178 num
311 3133 390 3194 primo
405 3131 483 3190 lente,
508 3145 567 3178 mox
591 3130 695 3179 celerius
721 3130 772 3177 vim

225 3211 343 3267 ostendit,
365 3211 483 3259 Horatius
504 3209 567 3257 nihil
591 3209 710 3257 mandare
729 3224 771 3272 po-

226 3289 284 3346 tuit,
304 3288 351 3336 nisi
368 3288 544 3339 haereditatem
557 3290 675 3352 Augusto
693 3296 717 3340 et
733 3305 769 3339 se·

226 3369 354 3431 pulturam
374 3368 447 3416 iuxta
465 3369 592 3416 tumulum
614 3369 770 3419 Maecenatis.

226 3447 269 3495 Ad
286 3447 350 3495 hanc
367 3449 486 3495 rationem
503 3447 586 3495 omnia
606 3449 632 3496 in
649 3455 700 3497 toto
717 3463 770 3497 car·

226 3527 291 3574 minc
308 3525 434 3588 aptissime
450 3526 570 3588 explicari
585 3536 695 3589 possunt.
718 3529 771 3576 Au-

225 3605 285 3661 divi,
302 3604 353 3651 iam
365 3603 425 3651 alios
442 3604 467 3651 in
484 3604 587 3652 eandem
604 3605 771 3654 coniecturam

226 3685 256 3732 de
270 3689 349 3732 morte
362 3682 459 3730 Horatii
471 3682 591 3733 incidisse.
609 3682 659 3743 Qui
672 3682 772 3742 fuerint,

226 3769 252 3812 et
267 3761 389 3827 quomodo
405 3774 458 3809 rem
471 3761 662 3823 explicaverint,
678 3762 770 3824 ignoro.

258 3844 346 3907 Neque
365 3843 393 3888 in
415 3842 491 3890 terris
517 3844 631 3890 sacrabor
653 3843 771 3903 Longius.

225 3921 283 3969 Non
304 3919 398 3968 diutius
424 3918 516 3967 vivam.
550 3919 638 3969 Cicero
654 3919 703 3969 VI.
724 3920 771 3968 Re·

225 4001 292 4062 puhl.
310 3999 331 4049 Ι.
360 4000 468 4061 Quaeso,
483 4002 594 4062 inquam,
609 4006 685 4063 poter
701 4016 772 4049 soac-

813 2811 961 2871 Libitinam,
986 2821 1011 2862 et
1035 2815 1110 2878 cygni
1134 2815 1223 2873 instar,
1249 2819 1319 2880 quasi
1336 2818 1364 2865 in

813 2900 944 2954 conspectu
964 2893 1067 2941 humani
1084 2895 1193 2957 generis,
1216 2897 1247 2944 ad
1264 2897 1364 2947 Maece·

813 2976 897 3018 natem
918 2972 944 3019 in
966 2987 1065 3036 campos
1085 2974 1185 3037 Elysios
1205 2975 1246 3023 vol
1263 2977 1364 3025 coelum

813 3049 922 3098 evolabo.
958 3051 1044 3099 Audio
1061 3059 1155 3100 vocem·
1168 3059 1248 3113 tuam,
1271 3053 1365 3104 dilecte

814 3128 953 3177 Maecenas.
987 3129 1029 3178 Me
1046 3145 1127 3180 vocas,
1144 3132 1277 3181 venans·
1316 3136 1364 3183 Vo-

813 3222 871 3256 care
896 3208 922 3255 in
948 3207 992 3255 tali
1017 3224 1044 3257 re
1064 3211 1137 3260 valde
1162 3211 1284 3259 usitatum
1310 3219 1364 3269 est,

813 3286 943 3348 praecipue
960 3302 976 3334 a
992 3287 1118 3351 Tragion,
1129 3296 1157 3337 nt
1167 3290 1274 3338 videtur.
1292 3290 1363 3340 Hinc

814 3364 929 3414 Socrates
950 3367 977 3413 in
999 3367 1132 3417 Phaedone
1153 3384 1211 3432 pag.
1233 3370 1274 3418 93.
1305 3369 1363 3434 Ἐμὲ

814 3443 838 3492 δὲ
856 3446 905 3492 νῦν
921 3443 968 3505 ἤδη
985 3447 1063 3507 καλεῖ,
1082 3448 1141 3511 φαίη
1159 3449 1192 3497 ἂν
1218 3448 1284 3514 ἀνὴρ
1301 3466 1363 3514 τρα-

813 3524 897 3587 γικὸς,
915 3523 931 3584 ἡ
949 3525 1099 3590 Εἱμαρμένη.
1133 3528 1191 3576 Non
1209 3528 1276 3576 enim
1294 3542 1364 3576 vero-

814 3601 895 3650 simile
920 3608 966 3654 est.
986 3602 1113 3654 Socratem
1137 3614 1232 3656 certum
1261 3607 1364 3670 aliquod

815 3679 916 3742 Tragici
939 3683 1024 3744 po'etae
1049 3683 1143 3731 dictum
1168 3684 1194 3732 in
1215 3691 1299 3735 mente
1320 3686 1364 3734 ha·

814 3757 903 3815 baisse,
921 3767 950 3807 ut
967 3767 1038 3822 putat
1054 3763 1232 3826 Wyttenbach.
1250 3766 1282 3812 ad
1300 3766 1363 3814 Plu·

814 3839 893 3886 tarchi
910 3840 1001 3888 Moral.
1013 3840 1149 3892 Animadv.
1162 3859 1187 3906 p.
1198 3843 1256 3894 791.
1274 3844 1364 3907 Eurip.

815 3917 909 3966 Alcest.
927 3918 982 3966 259.
1002 3918 1115 3968 ὃίκωπον
1132 3919 1180 3984 ὁρῶ
1198 3920 1304 3985 σκάφος,
1321 3940 1364 3971 νε-

814 3995 882 4045 κύων
898 3995 923 4045 di
941 3998 1067 4061 πορθμεὺς
1083 3996 1155 4061 μ’ἠόη
1173 3999 1252 4048 καλεῖ.
1272 3999 1366 4060 Qualia

226 4081 321 4128 theim
337 4087 411 4141 atque
427 4079 654 4141 opti111e,quoniam
667 4082 773 4128 saepest
815 4076 945 4139 respiciens
968 4076 1148 4140 Aristophanes
1174 4078 1199 4126 in
1222 4078 1366 4141 Lysistrata

225 4159 291 4218 vita,
308 4159 369 4220 quid
385 4159 511 4206 utereris
528 4160 619 4207 terris?
640 4159 772 4216 Quintiae
815 4155 891 4202 dixit:
914 4156 992 4220 Χώρει
1010 4154 1045 4212 εἰς
1067 4157 1116 4215 τὴν
1130 4158 1207 4214 ναῦν,
1226 4156 1320 4221 Χάρων
1336 4176 1365 4206 σε

225 4237 260 4284 ud
280 4250 323 4284 eos
347 4236 430 4284 vestire
454 4239 573 4297 propero?
613 4236 661 4286 Cui
690 4236 772 4298 Scipio
814 4234 893 4282 καλεῖ.
929 4235 1032 4283 Dictum
1054 4234 1160 4284 Zenonis
1181 4235 1274 4298 legitur
1297 4239 1365 4299 apud

226 4314 302 4360 maior
323 4313 463 4374 respondet,
484 4327 533 4360 non
555 4314 649 4362 iniussu
671 4315 719 4363 Dei
740 4330 772 4362 cx
814 4313 917 4362 Lucian.
935 4315 959 4362 in
977 4314 1088 4362 Macrob.
1110 4314 1141 4362 T.
1159 4313 1194 4363 II.
1213 4314 1252 4363 cd.
1270 4314 1364 4364 Gracv.
