2916 5220
619 337 849 401 LIBER.

344 521 432 586 Diris
457 543 553 605 agam
577 543 653 586 vos:
679 522 750 586 dira
773 523 947 588 detestatio

385 623 487 687 Nulla
510 623 662 708 expiatur
684 624 828 689 victima.

342 725 447 807 Quin,
472 725 529 789 ubi
551 725 656 810 perire
679 726 789 791 iussus
813 727 1035 811 exspiravere,

386 830 575 895 Nocturnus
600 852 766 896 occurram
789 832 895 914 furor,

343 933 522 1018 Petamque
546 933 659 999 vultus
683 936 800 1000 umbra
823 935 931 1000 curvis
955 934 1139 1019 unguibus,

388 1035 479 1115 Quae
501 1035 551 1100 vis
577 1036 721 1102 Deorum
745 1043 796 1102 est
820 1037 990 1119 Manium,

344 1138 390 1202 Et
412 1137 568 1223 inquietis
592 1139 740 1205 assidens
764 1140 960 1225 praecordiis

388 1242 512 1306 Pavore
536 1264 667 1308 somnos
692 1243 846 1309 auferam.

342 1344 409 1409 Vos
434 1345 530 1409 turba
552 1345 687 1410 vicatim
710 1346 788 1411 hinc
812 1352 845 1411 et
867 1347 943 1410 hinc
968 1347 1055 1411 saxis
1080 1354 1196 1432 petens

384 1447 573 1513 Contundet
596 1449 772 1514 obscoenas
796 1471 900 1514 anus:

340 1550 422 1614 Post
444 1551 611 1636 insepulta
634 1553 781 1617 membra
804 1551 955 1616 different
977 1551 1048 1636 lupi

385 1653 430 1716 Et
453 1652 647 1737 Esquilinae
670 1654 776 1719 alites.

342 1755 456 1840 Neque
479 1756 539 1820 hoc
563 1762 731 1840 parentes,
755 1757 819 1822 heu
842 1757 924 1821 mihi
949 1758 1161 1842 superstites!

387 1858 551 1942 Effugerit
575 1861 831 1943 spectaculum.''

159 1977 269 2019 mentem
291 1970 370 2019 venit:
401 1973 499 2019 Vmena
524 1987 642 2033 mappam
660 1971 709 2034 faa
749 1975 812 2029 vice,
830 1979 858 2021 ut
874 1974 962 2023 Horat.
975 1974 1052 2023 XIII.
1077 1975 1157 2037 Epod.
1174 1975 1198 2025 7.
1230 1976 1299 2022 Deua

159 2051 280 2113 nefasque
304 2066 354 2098 uon
378 2051 462 2098 volent
490 2049 640 2098 Convertere
663 2052 709 2098 im·
750 2055 809 2100 hoec
824 2053 939 2115 fortuaee
960 2057 1065 2116 berripno
1087 2056 1199 2102 Reducet
1220 2055 1247 2100 in
1263 2068 1297 2100 ee·

122 2139 126 2143 ·
159 2132 231 2177 orani
247 2132 307 2178 viee.
341 2129 395 2177 Vos
420 2143 460 2178 me
485 2129 641 2176 innocentem
666 2143 710 2190 per
750 2133 805 2179 dein
822 2134 880 2180 vice.
916 2132 1010 2182 StatIus
1043 2133 1078 2181 11.
1108 2132 1169 2182 silv.
1201 2132 1225 2182 7.
1257 2133 1297 2180 92.

161 2208 287 2256 cruciatus
304 2207 471 2265 interfecistis,
495 2215 525 2255 ut
549 2209 649 2255 Varum
673 2208 709 2254 in·
753 2208 808 2257 Cur
827 2226 902 2258 suero
919 2213 971 2259 vice
987 2227 1078 2272 ruoqno
1095 2226 1145 2258 oon
1161 2216 1297 2259 senescunt.

159 2287 343 2335 cantationibus
360 2288 506 2350 defigeretis.
540 2287 651 2336 Valeant
668 2301 708 2335 ve·
750 2287 821 2335 Idem
838 2289 886 2336 VI.
904 2288 982 2336 Theb.
999 2289 1055 2336 529.
1072 2291 1141 2336 Iusto
1152 2289 1209 2336 eice.
1220 2287 1297 2336 VIII.

159 2379 237 2423 uena,
254 2373 375 2429 quantum
392 2367 482 2424 velim,
505 2381 634 2429 nunquam
652 2372 707 2412 tan·
754 2366 807 2414 192.
833 2370 886 2417 uice
909 2371 1031 2416 concordi,
1066 2367 1115 2416 Sed
1140 2367 1227 2414 malim
1252 2368 1297 2414 hos

159 2451 215 2493 tum
232 2445 364 2504 valebunt,
391 2453 421 2493 ut
440 2460 519 2508 poena
541 2447 630 2494 merita
646 2445 708 2493 libe·
750 2460 836 2493 versus
848 2461 905 2494 cum
915 2445 1030 2495 Bentleio
1042 2446 1132 2506 delere,
1143 2446 1208 2507 quod
1220 2445 1295 2493 etiam

158 2523 255 2571 remIni.
289 2524 356 2572 Nam
376 2523 413 2570 fas
435 2530 459 2571 et
480 2523 547 2572 nefas
569 2531 669 2572 aeterna
686 2531 710 2573 et
750 2532 861 2573 suaserat
878 2524 991 2573 Guietus.

159 2601 308 2649 immutabili
325 2602 380 2665 lege
397 2602 503 2650 discreta
518 2610 584 2652 sunt.
609 2603 710 2650 Iustitia
786 2603 865 2661 Quin,
885 2604 926 2650 nti
941 2603 1026 2664 perire
1036 2603 1119 2649 iustus
1129 2601 1296 2662 exspiravere.

158 2679 216 2737 illa,
244 2694 307 2742 quae
332 2681 403 2728 honis
428 2687 453 2729 et
478 2682 550 2730 malis
567 2683 709 2731 hominibus
750 2682 895 2744 Distingne:
924 2682 993 2739 Quin
1015 2683 1069 2738 ubi,
1093 2681 1179 2742 perire
1201 2681 1296 2736 iurene,

160 2770 216 2804 sera
241 2757 351 2819 praemia
375 2757 475 2815 tribuit,
500 2774 620 2822 magnum
645 2760 709 2807 illud
749 2763 916 2823 exspirat-ero.
950 2759 1075 2821 Quoniam
1092 2759 1163 2807 video
1179 2758 1240 2806 mihi
1252 2771 1296 2820 per

158 2836 222 2893 Fas,
244 2852 260 2884 a
276 2837 346 2885 vobis
367 2852 416 2886 non
437 2846 594 2887 convertetur
612 2840 638 2887 in
656 2840 707 2888 Ne·
750 2853 792 2887 vos
817 2854 869 2888 esse
894 2839 1057 2888 moriendum.
1098 2837 1187 2886 Valer.
1211 2837 1296 2885 Flacc.

158 2911 208 2971 fas,
226 2914 330 2962 immani
341 2921 415 2978 atque
426 2916 502 2979 impia
513 2918 649 2965 mutatione
659 2931 708 2965 nou
750 2919 813 2969 VII.
833 2918 888 2968 170.
908 2921 996 2968 vellem
1017 2920 1140 2981 urtpuibue
1160 2919 1232 2966 oncis
1260 2919 1297 2965 Ut

159 2992 271 3041 efficietis
295 2999 324 3040 ut
352 3008 474 3056 magnum
504 2996 554 3044 Fas
583 2996 648 3044 idem
678 2996 710 3044 sit
749 3002 871 3056 columis,
894 3015 991 3061 postem
1011 3000 1146 3062 praedonis
1167 3001 1195 3046 in
1216 2998 1297 3058 ipsius

160 3077 235 3134 atque
256 3071 342 3120 Nefas.
377 3073 502 3137 Moprrom
516 3076 580 3138 soa,
602 3081 630 3122 ut
650 3075 710 3124 Vir·
748 3093 793 3126 ora
811 3079 863 3125 Ire.
897 3078 1002 3126 Melius:
1023 3083 1053 3124 ut
1074 3078 1181 3125 volucris
1200 3091 1296 3138 postem

158 3149 202 3213 gil.
227 3151 277 3200 IX.
302 3154 369 3202 Aen.
398 3154 437 3203 95.
481 3155 534 3202 Far
562 3156 710 3204 immortale.
747 3157 881 3216 praedonis
903 3158 931 3203 tn
952 3157 1034 3216 ipsius
1051 3169 1096 3202 ora
1113 3155 1168 3211 Ire,
1186 3164 1215 3200 ut
1233 3160 1295 3200 tam-

159 3229 255 3279 Seneca
276 3231 380 3295 Thyest.
404 3233 457 3281 138.
473 3234 523 3296 far
543 3235 626 3282 voluit
645 3235 711 3282 nihii
750 3248 825 3295 quam
842 3234 950 3282 volucris
966 3247 1063 3296 possem
1080 3233 1121 3279 ire.

159 3311 216 3356 Aut
241 3325 366 3360 commune
390 3311 469 3373 nefor.
506 3312 621 3360 Lactant.
647 3311 709 3360 Inst.
793 3314 913 3360 Attidem
929 3312 1093 3374 praecordiis.
1128 3308 1165 3357 Ut
1181 3309 1278 3357 incubo.

160 3387 195 3436 V.
215 3388 239 3435 6.
274 3389 318 3438 Sic
339 3391 443 3438 oaadua
461 3392 603 3439 irritatione
622 3406 708 3440 corru-
795 3389 944 3439 Contendit.
995 3389 1052 3438 MS.
1086 3388 1156 3436 Led.
1190 3393 1294 3436 corturi-

156 3468 200 3528 ptt
217 3468 330 3517 diuinum
340 3469 390 3529 sor
406 3471 569 3531 reliquerunt.
597 3471 711 3518 Immoni
751 3472 803 3518 dat.

647 3601 812 3625 ψ

536 3713 813 3780 ΟΑΒΜΕΝ
858 3715 915 3779 Vl.

338 3823 433 3908 Quid
456 3840 665 3906 immerentes
689 3841 836 3926 hospites
860 3864 975 3923 verae,
1000 3843 1089 3907 oanis

383 3943 528 4028 Ignarus
551 3944 725 4009 adversum
748 3944 864 4028 lupos?

338 4046 427 4126 Quin
450 4049 513 4113 huc
537 4047 668 4131 inanes,
695 4048 723 4112 si
746 4054 858 4133 potes,
882 4047 983 4113 vertis
1007 4048 1133 4130 minas,

325 4200 478 4251 CARMEN
494 4205 543 4253 VI·
749 4179 837 4226 miuus.
866 4174 1147 4237 usseruquiiverte.
1170 4174 1211 4224 Sic
1221 4175 1295 4223 etiam

748 4256 834 4304 inveni
849 4257 875 4304 in
891 4255 949 4306 MS.
966 4255 1040 4304 Voss.
1058 4261 1083 4302 et
1093 4253 1202 4302 Franek.
1215 4260 1240 4302 et
1252 4253 1295 4300 ha-

197 4295 282 4405 Quin
300 4331 349 4380 hue
364 4333 465 4390 inuret,
486 4337 511 4382 ai
523 4341 607 4396 potes,
628 4337 706 4385 vertit
725 4356 729 4385 ι
748 4335 808 4382 bent
829 4334 989 4384 scholiastae.
1024 4331 1171 4393 Iiegendum
1192 4346 1295 4381 censeo:
