2916 5220
384 253 388 259 ·
435 304 782 368 SAECULARE.
1105 306 1168 371 391

219 493 289 554 lam
313 493 405 572 mari
421 497 568 577 terraque
592 515 709 558 manus
733 499 884 578 potentes

218 594 335 659 Medus
359 595 570 681 Albanasque
594 596 690 661 timet
713 618 854 661 secures:

223 699 294 761 lani
320 698 459 782 Scythae
483 720 638 783 responsa
661 705 797 783 petunt,
823 699 954 784 superbi

308 802 438 886 Nuper,
464 810 497 866 et
521 802 604 866 Indi.
631 887 635 895 ι

220 905 290 968 Iam
314 904 412 969 Fides
439 911 472 969 et
495 906 565 969 Pax
588 911 622 969 ot
646 905 759 971 Honos
785 906 959 990 Pudorque

223 1007 353 1074 Priscus
378 1016 411 1074 ct
434 1009 584 1094 neglecta
607 1010 711 1075 redire
737 1010 851 1074 Virtus

219 1111 345 1194 Audet,
371 1119 570 1197 apparetque
594 1113 691 1178 beata
713 1114 811 1199 pleno

312 1215 415 1300 Copia
438 1239 546 1281 cornu.

222 1318 340 1402 Augur
363 1324 396 1383 et
419 1319 568 1404 fulgente
591 1319 724 1385 decorus
750 1343 826 1385 arcu

223 1421 374 1486 Phoebus
401 1428 617 1508 acceptusque
641 1444 758 1488 norem
784 1422 953 1505 Camenis,

226 1526 289 1604 Qui
314 1527 450 1592 salutari
474 1528 564 1592 levat
587 1533 656 1593 arte
675 1528 779 1594 fessos

311 1629 463 1715 Corporis
488 1636 599 1713 artus,

225 1733 259 1797 Si
284 1734 454 1799 Palatinas
480 1734 570 1800 videt
593 1755 715 1820 aequus
739 1754 827 1798 arces

224 1836 371 1921 Remque
395 1838 579 1901 Romanam
604 1837 800 1921 Latiumque
822 1834 904 1901 felix

226 1938 376 2004 Alterum
400 1940 435 2003 in
459 1940 601 2005 lustrum
624 1940 808 2024 meliusque
831 1960 959 2024 semper

314 2045 473 2128 Prorogat
496 2065 630 2108 aevum:

228 2146 381 2231 Quaeque
404 2145 608 2210 Aventinum
633 2150 723 2209 tenet
746 2145 988 2230 Algidumque,

228 2248 438 2330 Quindecim,
466 2248 590 2330 Diana,
615 2269 725 2332 preces
750 2248 895 2312 virorum

229 2353 331 2417 Curat
353 2359 386 2417 et
409 2352 495 2417 votis
518 2373 692 2437 puerorum
716 2351 838 2416 amicas

317 2455 477 2540 Applicat
500 2477 609 2519 aures:

229 2557 318 2621 Haec
342 2557 458 2622 Iovem
484 2556 604 2622 sentire
629 2557 780 2642 Deosque
803 2563 956 2639 cunctos,

230 2662 328 2746 Spem
351 2663 474 2727 bonam
499 2661 687 2748 certamque
710 2662 846 2727 domum
869 2667 1013 2747 reporto,

231 2766 354 2830 Doctus
379 2773 413 2831 et
436 2765 562 2831 Phoebi
585 2766 702 2831 chorus
727 2772 760 2831 et
784 2766 910 2831 Dianae

318 2869 433 2934 Dicere
456 2870 579 2935 laudes.

83 3023 180 3072 illimus
202 3029 321 3086 potentes.
358 3023 442 3071 Bentl.
468 3023 598 3084 elegantis·
640 3022 671 3070 In
688 3022 737 3071 Ms.
754 3023 828 3071 Voss.
845 3025 905 3086 quin
922 3037 1020 3071 erasum
1037 3029 1116 3081 est,et
1130 3022 1186 3070 seri-

78 3117 109 3150 ne
126 3102 225 3164 corrigit
241 3117 342 3150 inanum
357 3107 491 3166 potentem.
639 3107 711 3164 ptum
728 3104 815 3150 decem.

82 3183 169 3230 Beata
193 3184 266 3243 pleno
294 3182 375 3242 Copia
395 3196 480 3230 cornu.
515 3178 598 3228 Schol.
675 3179 759 3228 Curat
787 3187 812 3229 ct
835 3183 899 3230 uotis
924 3194 1062 3242 puerorum
1094 3181 1188 3228 ammas

78 3259 125 3306 atii
142 3259 190 3307 IV.
201 3259 281 3307 Theb.
297 3260 351 3307 106.
374 3259 465 3308 “Unde
475 3258 502 3306 in
512 3257 600 3306 Bcctio
640 3260 764 3321 Applicat
788 3273 870 3308 aures.
907 3257 1021 3307 Praetuli
1041 3271 1099 3305 eum
1119 3256 1185 3306 Ben-

78 3339 152 3400 gitur:
176 3338 257 3400 Copia.
275 3341 349 3400 ploro
370 3338 470 3386 corau.”
503 3336 599 3385 Versus
640 3337 698 3386 tleio
718 3342 743 3384 et
760 3336 800 3384 hic
816 3343 904 3395 curat,
924 3338 1052 3400 applicat,
1072 3340 1097 3384 et
1113 3350 1189 3400 supra

83 3418 197 3465 'Boethii
223 3417 257 3465 II.
284 3417 359 3464 Melr.
381 3416 404 3464 2.
427 3415 530 3478 legitur:
556 3432 599 3464 nec
637 3421 766 3479 prorepat.
794 3415 850 3464 Alii
867 3414 927 3464 haec
943 3415 1099 3463 coniunctivo
1115 3417 1188 3464 modo

79 3498 167 3543 trahat
184 3513 286 3544 erronum
304 3497 385 3544 Pleno
403 3495 483 3557 Copia
499 3511 582 3545 cornu.
640 3494 750 3544 efferunt.
785 3495 837 3543 Pro
854 3497 918 3544 uotis
933 3495 959 3542 in
976 3494 1032 3545 MS.
1050 3495 1120 3544 Leid.
1138 3510 1187 3544 uno

88 3575 236 3632 Quindecim
264 3575 352 3622 Diona
373 3589 458 3635 preces
479 3575 599 3622 virorum.
640 3573 733 3635 legitur
748 3574 807 3622 voci.
