2916 5220
596 316 770 381 LIBER
816 317 879 380 ΠΙ.

350 499 482 584 Cleuas,
507 523 573 566 neu
597 501 745 566 animum
771 508 880 583 metu,

390 603 466 668 Non
491 604 606 668 mortis
631 604 756 688 laqueis
781 604 933 689 expedies
958 608 1065 690 caput.

161 750 289 801 homiuem
303 754 496 811 accommodata,
509 754 589 817 turpis
602 760 646 802 est.
664 753 714 801 Ne-

160 843 211 890 que
232 831 295 879 ratio
311 831 460 880 Bentleiana
478 831 623 880 difficultate
639 838 714 880 caret.

161 909 230 959 Satis
245 918 299 960 erat
315 912 337 960 si
349 913 488 961 Necessitas
500 915 581 962 elaea
593 914 713 960 adaman·

160 989 229 1037 tinas
239 991 341 1052 fiperet,
359 998 388 1038 ut
405 991 497 1054 aliquid
514 997 610 1039 certum
627 997 652 1040 et
668 993 712 1039 im·

159 1067 282 1117 mutabile
298 1067 400 1118 faceret:
417 1076 442 1118 et
459 1070 571 1117 additum
589 1069 652 1118 illud
670 1085 712 1119 us·

158 1161 209 1207 que
233 1148 267 1195 ad
289 1162 399 1196 summos
423 1151 528 1197 veraces
550 1147 711 1210 comparatio·

157 1237 219 1271 nem
239 1225 297 1273 Fati
314 1239 372 1272 cum
387 1225 458 1274 fabro
474 1241 520 1289 per
536 1226 655 1273 minutias
671 1240 712 1274 ur·

158 1307 234 1364 gnet,
249 1304 315 1366 quod
332 1303 390 1352 boni
406 1307 492 1368 poetae
511 1305 591 1354 iacere
607 1319 657 1353 uon
674 1319 711 1352 so-

157 1381 222 1430 lent.
248 1381 315 1431 Tum
335 1385 477 1433 Necessitas
493 1386 529 1434 sic
538 1385 601 1448 fiqit
616 1387 711 1443 elaces,

157 1475 206 1523 pro
223 1464 368 1512 Necessitas
384 1466 421 1513 sic
438 1467 582 1523 constituit,
600 1478 650 1511 non
662 1464 711 1512 Ro·

160 1553 267 1587 manum
284 1548 362 1591 sonat.
390 1543 425 1591 Et
441 1544 507 1606 quod
525 1542 654 1592 Bentleius
667 1558 711 1605 pu·

159 1624 199 1665 tat
217 1617 368 1668 Scholiastas
384 1621 474 1683 legisse
490 1624 540 1678 sic,
562 1621 621 1684 quia
637 1621 711 1668 inter·

157 1701 302 1758 pretiantur:
320 1699 411 1762 quippe
423 1714 479 1748 curu
490 1701 638 1749 necessitate
648 1714 711 1747 mar-

159 1776 196 1823 tis
213 1779 339 1827 adstricta
354 1779 390 1826 sit
407 1779 518 1825 buinaria
535 1779 652 1835 conditio,
665 1778 711 1826 hoe

158 1854 224 1902 mihi
247 1869 296 1903 non
322 1855 383 1904 adeo
407 1861 503 1904 certum
528 1869 580 1903 esse
604 1856 710 1904 videtur.

158 1934 228 1982 Nam
240 1935 275 1981 ita
283 1933 439 1997 interpretari
448 1933 630 1991 debueruntsi,
647 1936 712 1996 quod

159 2028 235 2077 saepe
259 2013 317 2075 poni
341 2026 387 2075 pro
411 2013 504 2074 quippe
528 2028 618 2074 quum,
634 2029 712 2076 quarn

160 2096 257 2150 tanen,
280 2104 353 2139 nemo
369 2092 475 2153 ignorat.
486 2119 495 2137 .
508 2090 625 2139 Fortasse
642 2093 713 2154 poeta

159 2167 209 2216 hoc
224 2168 316 2217 voluit:
334 2170 421 2218 “Licet
433 2183 516 2217 omnes
529 2171 640 2217 omnium
650 2170 712 2218 divi·

158 2247 209 2296 tias
226 2262 337 2311 superes,
363 2248 476 2311 villisque
496 2249 711 2312 magnificentissi-

159 2327 208 2374 mis
233 2332 286 2374 tota
310 2328 389 2375 maria
413 2342 529 2391 occupes,
554 2341 605 2376 non
629 2334 712 2376 tamen

158 2403 263 2467 effugies
287 2412 382 2454 metum
411 2407 497 2454 mortis
526 2420 607 2470 neque
634 2409 712 2470 ipsam

159 2490 273 2532 mortem.
306 2484 373 2534 Nam
387 2486 526 2534 Necessitas
541 2488 674 2549 quotannis
687 2489 713 2536 in

159 2566 265 2613 summis
298 2566 417 2613 villarum
447 2571 548 2613 tuarum
579 2566 713 2616 verticibus

159 2645 262 2692 clavum
279 2644 346 2708 figit,
363 2659 413 2709 quo
430 2645 552 2707 significet
569 2651 668 2709 tempus
682 2647 713 2694 ir·

159 2723 298 2786 reparabile
314 2723 412 2786 fugere,
439 2738 501 2787 quos
522 2724 606 2773 clavos
627 2725 713 2773 videns

160 2802 313 2861 admoneris,
335 2802 447 2865 singulos
469 2816 546 2850 annos
568 2809 592 2851 te
612 2804 712 2866 propius

160 2881 192 2928 ad
211 2880 324 2930 ultimam
341 2888 433 2929 metam
450 2881 585 2940 adducere,
607 2883 668 2930 adeo
684 2891 713 2932 ut

159 2961 187 3008 in
209 2968 329 3024 perpetuo
350 2961 438 3010 timore
459 2961 574 3018 verseris,
596 2976 628 3010 ne
644 2962 713 3010 obitu

159 3044 207 3086 tuo
219 3053 304 3088 omnes
318 3039 415 3086 divitias
430 3045 455 3088 et
467 3038 558 3087 luxum
574 3040 713 3104 relinquere

159 3118 281 3179 cogaris.''
299 3119 397 3167 Auctor
404 3119 713 3184 respexitantiquissimam

160 3196 233 3244 illam
254 3197 425 3245 Romanorum
447 3199 665 3262 consuetudinem,
683 3201 713 3250 de

160 3290 213 3338 qua
236 3275 321 3322 scribit
346 3274 415 3324 Sext.
441 3275 592 3340 Pompeius:
617 3279 713 3329 Clavus

161 3357 264 3404 annalis
282 3357 473 3419 appellabatur,
489 3359 532 3418 qni
541 3358 672 3420 fiqebatur
685 3360 713 3406 in

160 3435 304 3498 parietibus
320 3435 421 3483 aedium
435 3451 482 3497 per
498 3437 609 3498 sinpulos
626 3451 713 3498 annos,

162 3519 194 3560 ut
208 3528 256 3575 per
271 3528 311 3562 eas
326 3527 446 3562 nummus
462 3515 621 3576 colli9eretur
637 3530 713 3563 anno-

161 3607 230 3640 rum.
262 3591 352 3640 Dicere
371 3593 492 3655 potuisset
511 3595 615 3642 sanantis
629 3596 713 3656 parie-

162 3673 243 3720 tibus:
259 3671 349 3719 maluit
365 3673 513 3729 uerticibus,
533 3673 615 3734 aptius
632 3673 713 3735 splen·

162 3749 219 3797 dori
235 3749 402 3797 aedificiorum
425 3754 449 3798 et
465 3750 555 3798 melius
573 3752 713 3813 oppositum

162 3829 304 3878 caementis.
321 3827 458 3878 anmema
466 3830 662 3879 demittebantur
669 3845 713 3893 pro

162 3905 334 3954 fundamento.
369 3905 418 3955 Sed
443 3906 489 3955 vix
510 3906 624 3955 aedificiis
645 3924 712 3957 sunz-

161 3999 221 4034 mas
240 3990 326 4034 vertes
347 3992 384 4034 est
400 3986 541 4048 impositus,
567 4001 644 4049 quum
661 3988 711 4035 Ne-

161 4062 264 4112 cessitas
281 4063 366 4112 clavos
382 4078 438 4112 suos
451 4065 528 4127 figere
539 4065 631 4128 incipit.
653 4065 713 4115 Oul-

755 770 811 818 pag.
830 755 886 804 988.
904 757 964 804 haee
981 756 1058 804 verba
1074 755 1193 818 respexit:
1210 756 1234 803 sl
1242 754 1305 816 fipit

754 835 857 882 summis
872 836 1007 884 uerticibus
1019 850 1095 883 saeta
1107 836 1241 883 necessitas
1254 834 1304 881 cla·

755 929 821 962 cunr.
855 914 912 976 Ego
932 920 1015 961 tamen
1041 913 1102 960 haec
1122 926 1167 975 pro
1191 910 1305 974 genuinis

755 992 845 1040 habere
862 1007 912 1040 non
928 1007 1036 1054 possum.
1066 994 1105 1041 Ne
1119 993 1199 1041 dicam
1211 992 1241 1040 de
1253 1005 1305 1039 ma-

756 1085 807 1131 gna
840 1070 986 1119 difficultate
1012 1073 1195 1127 Necessitates,
1222 1068 1304 1117 clavos

755 1150 925 1198 adamantinos
939 1150 1042 1197 summis
1054 1147 1187 1198 verticibus
1201 1148 1304 1210 infigen-

754 1229 797 1286 tis,
815 1234 908 1291 quanta
924 1234 961 1276 est
977 1226 1133 1291 Hyperbole,
1159 1228 1208 1274 duo
1224 1226 1304 1273 maria

753 1321 873 1374 occupare
886 1306 968 1355 villis?
991 1307 1077 1368 Neque
1084 1304 1189 1367 pulchre
1199 1304 1304 1354 dictum:

753 1400 873 1447 occupare
904 1386 1047 1434 caeritentis.
1094 1383 1230 1433 Caemeuta
1253 1399 1305 1433 non

753 1464 882 1522 videntur,
897 1463 939 1511 scd
957 1463 1064 1511 demissa
1079 1464 1105 1510 in
1127 1462 1203 1512 fundo
1217 1463 1304 1513 latent.

752 1541 849 1599 Villae,
866 1543 999 1590 caementis
1016 1548 1211 1604 superstructae,
1230 1557 1302 1590 occu-

752 1627 813 1682 pant
837 1635 914 1669 mare.
955 1621 1042 1684 Neque
1061 1619 1236 1682 fundamenta
1261 1637 1305 1684 pro

752 1701 822 1748 dolero
834 1706 996 1762 usurpantur.
1016 1703 1034 1746 A
1038 1701 1153 1761 pulicum
1160 1714 1221 1748 vera
1230 1700 1305 1748 lectio

753 1792 805 1825 esse
821 1778 927 1826 videtur.
953 1778 1021 1825 Nam
1038 1777 1059 1825 si
1075 1777 1145 1839 leges
1158 1778 1303 1838 Ponticam,

754 1860 896 1916 Punicum,
913 1858 954 1906 vel
969 1859 1106 1919 publicum,
1124 1859 1246 1906 sententia
1259 1872 1303 1908 ex-

753 1936 832 1983 oritur
848 1935 928 1999 magis
945 1935 1057 1985 obscura.
1079 1937 1135 1985 Iam
1153 1952 1222 1986 mare
1233 1941 1304 2001 Apu·

753 2016 829 2062 licum
846 2014 876 2062 de
892 2029 983 2077 supero
1000 2029 1043 2063 seu
1054 2017 1216 2071 Hadriatico,
1233 2030 1305 2064 nemo

753 2093 823 2142 dixit.
857 2093 943 2143 Alluit
962 2095 1009 2142 hoe
1025 2108 1094 2141 mare
1110 2093 1245 2155 Apuliam,
1261 2096 1305 2144 sed

753 2179 813 2235 quot
830 2174 954 2236 regiones,
971 2180 1068 2236 praeter
1085 2172 1215 2234 Apuliam,
1230 2175 1304 2222 etiam

754 2249 843 2298 alluit?
864 2251 983 2299 Horatius
1000 2257 1025 2299 et
1042 2250 1084 2298 alii
1100 2265 1184 2299 omues
1197 2252 1304 2300 mediam

754 2330 779 2377 in
798 2333 898 2392 Apulus
915 2330 1059 2392 corripiunt.
1093 2329 1137 2378 Ab
1155 2332 1255 2392 Apulus
1267 2338 1305 2378 est

754 2407 834 2456 forma
850 2410 991 2471 productior
1001 2410 1140 2471 Apulicus,
1157 2423 1220 2471 qnae
1234 2410 1305 2471 sequi

755 2489 854 2537 deberet
871 2488 1036 2550 quantitatem
1053 2476 1182 2548 piimitiri,
1202 2492 1230 2533 ut
1249 2489 1304 2534 lta-

755 2570 795 2616 lns
812 2572 836 2615 et
853 2567 972 2614 Italicus.
1000 2565 1088 2628 Neque
1101 2566 1228 2627 Apulique
1245 2563 1304 2612 alibi

755 2646 846 2695 lectum
863 2652 906 2693 est.
941 2644 1008 2692 Puto
1024 2643 1160 2692 Horatium
1176 2643 1282 2691 dedisse:

756 2753 869 2800 Intactis
885 2752 1025 2814 opulentior

790 2830 927 2879 Tlresauris
937 2833 1059 2887 Araharii,
1072 2834 1097 2878 et
1108 2829 1195 2877 dicitis
1204 2829 1304 2885 Indiae,

757 2910 835 2959 Saevo
851 2925 901 2958 non
918 2912 1032 2958 anelinum
1048 2914 1129 2965 meta,

788 2990 847 3037 Non
860 2989 948 3037 neatis
962 2988 1058 3050 laqueis
1070 2988 1184 3050 expedies
1196 2994 1281 3050 caput.

755 3116 824 3165 Haec
841 3123 899 3165 sunt
916 3116 1048 3174 concinna,
1064 3122 1089 3164 et
1105 3116 1202 3164 Latina.
1234 3118 1302 3179 Opu-

756 3197 858 3255 lentior,
880 3196 991 3259 quamvis
1013 3195 1044 3242 sis
1061 3194 1209 3256 opulentior.
1244 3196 1302 3243 Non

754 3276 879 3335 expedies,
901 3288 951 3321 non
968 3281 1051 3321 tamen
1068 3273 1190 3334 expedies.
1225 3275 1303 3324 Saevo

755 3358 834 3409 meta,
851 3353 894 3415 qui
911 3367 1007 3415 semper
1025 3351 1148 3399 hominem
1165 3352 1266 3409 cruciat,
1278 3359 1302 3401 et

754 3429 878 3492 quiescere
902 3446 952 3479 non
977 3431 1077 3493 patitur.
1112 3430 1173 3490 His,
1190 3430 1234 3494 qui
1250 3432 1300 3480 La·

754 3510 805 3558 tine
826 3510 923 3570 sciunt,
947 3511 1007 3559 satis
1028 3511 1184 3559 dictumest.
1218 3511 1302 3573 Quare

753 3589 801 3637 ista
817 3591 938 3654 exemplis
953 3605 1004 3639 non
1020 3589 1178 3638 confirmabo.

786 3672 845 3720 Non
862 3673 974 3721 cainiani
991 3676 1065 3719 meta
1092 3668 1188 3718 Mortis
1205 3684 1301 3732 nempe,

752 3751 819 3812 quod
844 3766 876 3800 ex
900 3749 1013 3813 sequenti
1035 3764 1110 3798 versu
1132 3748 1300 3810 repetendum.

754 3829 867 3879 Scribere
882 3830 1011 3894 potuisset:
1037 3844 1086 3878 nen
1103 3830 1215 3876 abinaam
1233 3834 1301 3875 iaetu

753 3909 861 3968 Mortis,
879 3925 928 3958 nan
944 3910 1045 3970 laqueis.
1081 3906 1129 3955 Sed
1143 3906 1250 3954 alterum
1263 3913 1301 3953 est

753 3988 904 4052 exquisitius.
937 3987 1031 4048 Virgil.
1056 3985 1093 4033 ΙΙ.
1125 3984 1216 4046 Georg.
1242 3985 1299 4032 491.

753 4068 838 4128 Atque
864 4071 945 4114 ntetus
977 4078 1059 4112 omnes
1092 4068 1117 4111 et
1141 4064 1300 4112 ineluctabile

161 4143 235 4191 mina
254 4143 373 4191 villarum
394 4159 438 4206 per
455 4145 559 4192 vertices
575 4144 625 4191 iam
641 4144 713 4193 intel·
745 4143 837 4205 fatam
849 4143 1079 4202 Sabiecitpedibus.
1104 4140 1200 4188 Lucan.
1211 4139 1232 4187 1.
1243 4140 1299 4190 459.

161 4221 229 4272 texit
251 4221 395 4281 Daeierius,
416 4223 459 4272 sed
483 4223 616 4285 imaginem
641 4223 714 4271 aliter
749 4224 851 4285 populi,
872 4236 933 4285 quos
955 4221 1059 4282 despicit
1081 4217 1184 4276 Arctos,
1208 4220 1300 4268 Felices

162 4300 316 4354 informavit.
350 4303 511 4353 Hildebertus
533 4302 628 4350 Philas.
646 4302 712 4350 Mor.

752 4317 836 4351 errore
855 4316 913 4363 sao,
932 4314 993 4363 qrws
1013 4301 1056 4347 illc
1076 4299 1194 4347 timerent
1212 4298 1299 4346 Maci-
