2916 5220
577 323 600 386 l}
626 324 650 385 P
674 326 702 383 ()
731 324 756 385 l)
781 325 808 385 0
833 324 865 387 N

331 507 405 571 Nen
430 507 578 591 usitatis,
602 509 703 591 Vere,
728 508 937 594 petionibus,

374 610 401 675 Ο
425 611 531 675 multa
553 610 707 676 fleturum
732 611 848 696 eaput!

328 713 381 775 Ad
405 734 458 776 me
481 735 639 795 recurres,
665 735 724 778 nee
747 719 862 778 veeste
885 735 978 778 mens
1002 720 1060 776 tua

373 814 491 880 Marsis
515 815 636 881 redibit
658 816 802 881 vecibus.

329 916 436 982 Maius
460 920 598 1002 parabo,
623 919 729 983 maius
754 918 928 983 infundam
953 919 1014 982 tibi

376 1020 573 1086 Fastidienti
595 1022 762 1106 poculum,

329 1122 488 1208 l'riusque
511 1125 638 1189 coelum
663 1124 749 1189 sidet
773 1123 908 1188 inferius
935 1124 1036 1205 inari,

374 1225 500 1290 Tellure
523 1234 670 1310 porrecta
694 1248 808 1310 super,

331 1328 437 1406 Quam
462 1351 527 1393 nen
552 1351 661 1394 amere
685 1329 732 1393 sie
756 1350 828 1392 mee
852 1328 988 1413 flagres,
1014 1328 1063 1391 uti

375 1431 529 1496 Bitumen
554 1431 633 1496 atris
658 1431 826 1516 ignibus.'’

332 1534 399 1598 Sub
423 1535 501 1600 haee
524 1558 604 1620 puer
627 1535 693 1599 iam
718 1557 801 1617 nen,
827 1539 983 1616 utente,
1008 1533 1164 1598 mollibus

374 1637 491 1702 Lenire
513 1639 619 1703 verbis
644 1637 783 1722 impias,

331 1740 394 1803 Sed
418 1740 537 1805 dubius
562 1741 648 1805 unde
672 1746 839 1825 rumperet
863 1740 1051 1822 silentium,

374 1843 469 1907 Misit
491 1844 667 1927 Thyesteas
691 1866 820 1928 preces:

328 1946 483 2009 “Venena
505 1969 650 2033 rnaqnunt
661 1946 726 2031 fas
749 1946 899 2031 reseresque
920 1968 982 2011 nen
1005 1946 1109 2010 ualent

378 2048 562 2114 Convertere
584 2050 751 2115 nnnanarn
773 2054 875 2115 einen.

184 2187 206 2234 0
232 2188 313 2234 multa
330 2187 456 2248 fleturum
481 2192 567 2248 caput.
606 2185 695 2234 Graeci
737 2186 1192 2248 tentaliasmeestasepulerafaees.
1211 2187 1287 2237 Clau·

148 2264 244 2313 eoloris.
269 2265 398 2313 Plutarch.
424 2265 489 2313 Mer.
515 2265 545 2313 T.
566 2265 616 2313 III.
638 2280 695 2327 pag.
736 2265 802 2313 dian.
820 2265 870 2314 VI.
889 2264 963 2314 Ceus.
980 2264 1075 2313 Honor.
1087 2266 1145 2314 325.
1181 2268 1287 2315 Lustra·

149 2344 205 2391 634.
245 2349 371 2409 Μαρτυρεῖ
395 2344 420 2393 δὲ
446 2343 562 2401 Ἀλκαῖος
587 2344 695 2392 κελεύων
736 2345 798 2392 bunt
814 2345 851 2392 sie
868 2346 918 2393 rete
932 2344 1034 2407 facem,
1061 2347 1103 2394 eui
1124 2347 1208 2394 lurnen
1229 2348 1286 2395 ede·

148 2421 270 2486 καταχέαι
292 2425 321 2472 τὸ
346 2423 427 2488 μύρον
452 2425 532 2473 αὐτοῦ
558 2424 623 2471 κατὰ
649 2425 695 2480 τᾶς
735 2436 792 2471 rum
810 2424 939 2485 Salplrure
959 2426 1069 2472 evermo
1086 2426 1207 2487 ntqreque
1224 2427 1288 2474 etta-

149 2502 235 2549 πολλὰ
253 2502 378 2559 παθοίσας
396 2503 515 2566 κεφαλᾶς.
735 2502 800 2548 ruine
812 2501 911 2564 furerat.
945 2501 1012 2551 Vide
1029 2502 1100 2551 Serv.
1114 2504 1146 2551 ad
1157 2504 1207 2552 IV.
1221 2505 1286 2552 Aen.

184 2582 279 2629 Veneta
296 2596 364 2629 niens
382 2588 436 2628 tua.
465 2580 568 2643 Semper
580 2579 694 2627 insanies.
734 2579 792 2627 384.

147 2659 220 2706 Mens
237 2668 281 2706 tua
297 2659 341 2707 tibi
358 2659 695 2722 nunquamredibit,quam·
772 2660 871 2707 Venena
892 2675 1011 2722 maqnum
1025 2659 1075 2723 fas
1095 2661 1219 2725 nefasque
1239 2678 1288 2711 nen

146 2753 221 2801 quam
238 2745 326 2786 vocata
345 2738 454 2785 carmine
475 2737 610 2795 veneficae,
632 2752 696 2800 quae
734 2738 820 2785 vatem
856 2738 1004 2787 Convertere
1034 2741 1172 2788 burrianum
1202 2742 1287 2789 vicem.

146 2832 213 2864 nune
228 2818 327 2880 quidem
348 2819 472 2879 patentior
492 2823 535 2864 est.
570 2816 620 2865 Sed
640 2831 693 2864 ma·
735 2815 817 2863 Leeus
843 2817 903 2866 adeo
928 2818 1061 2875 ebseurns,
1086 2825 1115 2866 ut
1140 2819 1286 2876 Bentleius,

146 2897 184 2943 ius
211 2896 304 2959 parabo
330 2909 462 2943 venenum.
495 2894 576 2957 Eped.
604 2894 694 2942 XVII.
735 2895 848 2942 omnibus
866 2897 979 2959 tentatis,
1001 2897 1096 2945 frustra
1117 2898 1158 2945 hie
1175 2898 1287 2946 laborem

148 2976 187 3022 45.
223 2975 261 3022 Et
278 2981 319 3032 tu,
333 2980 404 3037 potes
421 2988 494 3028 nam,
516 2973 582 3020 selue
598 2988 636 3020 nie
652 2975 692 3021 de·
735 2973 844 3036 impendi
860 2976 1010 3037 opinaretur,
1028 2981 1052 3024 et
1068 2991 1155 3024 versus
1171 2976 1287 3039 spongia,

149 3055 250 3103 inentia.
735 3065 785 3098 nen
803 3053 937 3110 medicina,
955 3055 1077 3102 sanandos
1095 3060 1204 3118 putaret.
1223 3055 1287 3106 Con·

180 3133 297 3195 Infertus
314 3134 387 3182 mari.
416 3130 494 3181 MSS.
520 3130 594 3179 Voss.
617 3146 694 3178 mare.
735 3131 825 3180 iecerat
852 3133 890 3180 vir
915 3148 1033 3195 magnus:
1064 3136 1165 3184 Venena
1190 3137 1289 3197 maqiea

180 3214 303 3261 Bitumen
325 3213 392 3260 atrts
413 3213 517 3273 equibus.
551 3209 605 3259 Cur
625 3211 695 3272 ignes
729 3209 778 3269 fas
794 3209 915 3272 nefasque
931 3227 980 3260 non
997 3213 1094 3271 valent,
1116 3214 1176 3262 Nan
1192 3221 1288 3264 vertere

147 3293 200 3339 atri
217 3291 345 3349 dieantur,
366 3291 427 3338 milii
452 3304 501 3337 nen
527 3289 585 3337 satis
609 3287 694 3352 liquet.
737 3289 862 3337 tauritanae
889 3291 962 3338 uices.
1004 3289 1060 3337 Hoc
1087 3296 1135 3338 est:
1165 3291 1288 3341 “Venena

147 3370 256 3426 Dicunt,
278 3369 336 3431 quia
353 3369 453 3416 flamma
470 3368 600 3417 bituminis
618 3368 696 3416 volvit
737 3367 833 3428 magica
855 3382 905 3414 non
925 3374 1029 3430 pessunt
1049 3376 1194 3418 convertere
1211 3378 1285 3420 natu-

147 3453 229 3494 atrum
246 3446 348 3495 furnum.
382 3447 468 3496 Nimia
483 3447 609 3511 prolepsis.
637 3448 694 3496 Ele·
736 3459 790 3492 ram
816 3445 875 3493 iusti
899 3453 924 3494 et
948 3447 1045 3503 iniusti,
1071 3461 1151 3509 neque
1177 3447 1287 3512 effugere

147 3526 244 3586 gentius
261 3525 397 3587 legeretur:
416 3528 539 3575 Bitunzen
555 3532 641 3574 atrum
658 3528 696 3574 lits
736 3537 853 3585 poenam,
879 3539 941 3588 quae
958 3526 1072 3574 scelestes
1089 3540 1186 3589 semper
1203 3542 1287 3577 eonse-

146 3606 252 3666 r'qna'bus.
287 3604 424 3654 Sumebant
440 3605 564 3654 veneficae
580 3605 696 3668 exempla
736 3603 845 3665 quitur.''
871 3604 923 3652 Pro
940 3621 1057 3667 maqnam
1074 3607 1150 3654 etiam
1167 3605 1286 3669 Rutgers.

147 3699 162 3730 a
179 3684 251 3732 rebus
268 3685 445 3746 praesentibus.
480 3684 517 3734 cf.
531 3684 695 3746 seiugata
736 3684 858 3744 maqiaum
876 3682 1038 3733 divinaverat.
1072 3685 1106 3733 Et
1128 3684 1209 3732 solent
1226 3685 1287 3734 haec

147 3762 211 3811 Ibin.
228 3764 267 3811 95.
302 3763 427 3827 Virgilius
447 3762 524 3813 VIII.
548 3762 636 3825 Ecleg.
653 3763 693 3811 80.
736 3762 858 3809 roeabula
882 3761 1008 3811 confundi.
1042 3763 1095 3811 Vid
1125 3762 1285 3827 Oudendorp.

147 3843 237 3890 Le'mns
254 3849 284 3889 ut
301 3843 695 3900 hteduresett‚etttueeateera
737 3840 768 3886 ad
798 3841 895 3903 Appul.
925 3841 1028 3890 Metam.
1058 3841 1110 3890 III.
1141 3858 1200 3906 pag.
1225 3845 1284 3892 213.

146 3923 268 3983 liquescit.
294 3922 417 3971 Theocrit.
435 3921 470 3969 11.
493 3921 569 3983 Idyll.
586 3920 626 3968 28.
651 3917 694 3977 Ὡς
736 3917 880 3967 Wakkerus
903 3920 928 3966 in
950 3920 1057 3968 Ameen.
1074 3921 1150 3969 Liter.
1167 3937 1226 3985 pag.
1247 3924 1287 3971 le.

146 4003 240 4050 τοῦτον
272 4002 318 4050 τὸν
347 4002 425 4066 sapen
449 3999 495 4065 ἐγὼ
525 4001 573 4048 σὺν
595 3999 694 4063 δαίμονι
735 3998 846 4046 volebat:
872 4001 983 4056 Venena,
1006 4000 1157 4062 (resupnum)
1174 4002 1225 4062 fas
1246 4018 1286 4050 ne-

146 4078 221 4127 rana.
256 4082 319 4128 Atrt
334 4082 401 4143 eques
417 4079 564 4142 plerumque
581 4083 639 4124 sunt
654 4077 694 4124 vel
728 4077 824 4140 sasque
841 4093 891 4126 non
907 4079 1008 4135 vatent,
1035 4081 1094 4127 Nau
1120 4085 1217 4128 vertere
1242 4082 1286 4129 hu·

145 4161 241 4220 roqales
265 4159 305 4207 vel
330 4159 512 4207 multominus.
551 4155 624 4206 Orid.
658 4154 692 4204 11.
735 4173 823 4205 ritanus
844 4160 914 4206 eires.
949 4156 1078 4220 Geganius
1099 4157 1239 4206 Praeterm.
1261 4175 1284 4222 p.

146 4237 213 4286 Fast.
239 4239 295 4287 561.
340 4238 423 4285 Cende
444 4242 517 4296 tuas,
535 4237 693 4297 Hymenaee,
734 4235 774 4282 34.
792 4235 902 4283 eoniieit:
932 4237 1032 4284 Venena
1052 4252 1171 4300 maqnum
1191 4243 1222 4286 ut
1236 4238 1286 4300 fas

140 4316 226 4376 funes,
243 4323 268 4364 et
286 4319 317 4363 ab
333 4317 431 4377 lqntbns
448 4316 515 4361 atres
533 4312 629 4375 Aeafer:
649 4314 692 4360 lia-
733 4313 860 4378 nefasque.
899 4317 937 4362 Ut
954 4329 999 4377 pro
1016 4317 1136 4377 quasnam.
1172 4317 1238 4364 Mihi
1260 4317 1285 4364 in
