2916 5220
590 312 906 374 (fstltthUtt

412 496 478 558 laur
503 496 587 560 laete
610 497 785 580 depulsum
809 497 956 577 leonem,

451 599 557 663 Dente
580 620 664 663 novo
688 600 845 683 peritura,
869 599 971 663 vidit:

359 702 476 766 Videre
499 703 634 768 eruetis
658 703 745 767 bella
769 703 830 768 sub
852 703 995 788 Alpibus

360 805 504 870 Drusum
528 810 696 889 gerentem
719 805 900 870 Vindelici:
924 803 1033 890 quibus

402 910 474 973 ,llas
498 910 578 974 erede
601 909 750 973 mauretus
767 930 831 993 per
854 930 941 973 omrre

451 1013 480 1073 T
477 1034 584 1095 eruturus
608 1014 787 1076 siruamus
810 1016 913 1076 securi
1000 1079 1006 1086 ,

357 1115 503 1178 llantras
525 1114 678 1195 murnai,
703 1136 852 1198 quaerere
874 1114 1001 1195 distuli,

357 1217 425 1280 rl'ec
447 1222 528 1282 seire
539 1217 604 1302 sas
627 1227 673 1281 ast
696 1221 816 1290 omnim
841 1218 899 1281 sed
920 1217 977 1280 diu

404 1320 548 1405 lenteque
571 1321 721 1384 victrices
745 1328 893 1385 catervae

445 1423 600 1488 Consiliis
624 1422 753 1488 iuvenis
778 1423 918 1489 revictae

357 1526 509 1606 densere,
534 1526 613 1612 quid
637 1548 729 1591 mens
753 1525 834 1608 rite,
859 1526 939 1612 qnid
962 1527 1110 1610 indoles,

354 1629 490 1694 Nutrita
512 1629 630 1694 faustis
656 1630 717 1695 sub
740 1631 980 1715 penetralibus,

176 1781 262 1832 relicto
297 1782 379 1830 ubere.
427 1782 457 1829 In
485 1782 664 1844 praepositione
693 1784 724 1829 ab
798 1784 848 1829 Sed
868 1784 920 1831 eliu.
953 1782 1048 1831 Deletis
1073 1782 1188 1830 versibus
1215 1784 1313 1846 spuriis,

176 1876 249 1924 saepe
276 1863 361 1911 eadem
392 1863 428 1909 ris
453 1862 574 1918 cernitur,
604 1875 668 1922 quae
698 1859 724 1906 in
764 1860 899 1922 legendum
917 1867 994 1910 estet
1011 1863 1063 1910 diu.
1098 1850 1175 1922 Quod
1186 1862 1265 1911 etiam
1276 1877 1313 1910 vo·

177 1940 338 1989 Graeceius
351 1953 396 2002 pro
413 1938 532 1999 ἄπωθεν,
544 1938 575 1986 de
586 1952 636 1999 qna
646 1937 723 1985 Valc-
764 1937 831 1986 lebat
848 1939 931 1988 Ianus.
1008 1976 1015 1989 .

176 2021 233 2068 ken.
256 2020 288 2068 ad
313 2019 418 2067 Theocr.
436 2018 557 2066 Adoniaz.
580 2034 605 2080 p.
625 2017 682 2064 283.
700 2024 724 2065 et
799 2017 916 2066 Consiliis
932 2019 1029 2067 iuuenis
1044 2020 1163 2068 rmietae.
1192 2019 1313 2067 Burman·

175 2099 276 2146 Bastius
293 2098 325 2145 ad
342 2098 446 2159 Gregor.
458 2096 489 2144 de
499 2095 618 2143 Dialectis
630 2111 653 2158 p.
665 2097 722 2144 210.
764 2110 810 2143 nus
832 2097 933 2158 quidem
953 2096 990 2144 bis
1007 2096 1039 2143 ad
1056 2096 1145 2147 Valet.
1163 2097 1251 2146 Flacci
1267 2099 1312 2147 Ar·
1339 2145 1343 2152 ,

176 2179 284 2227 Plautus
301 2178 405 2226 Poenul.
428 2175 478 2225 III.
505 2177 528 2224 3.
553 2177 594 2226 77.
627 2178 722 2238 Hospi·
763 2191 819 2238 gon.
837 2176 873 2225 11.
890 2177 947 2226 658.
964 2182 989 2226 et
1006 2176 1056 2226 III.
1074 2177 1131 2226 596.
1149 2180 1311 2228 reuietueex·

175 2260 240 2304 lium
266 2263 291 2306 te
315 2259 390 2305 uiuat
414 2257 560 2318 quaeritare
583 2271 600 2303 a
625 2257 723 2303 rauseis.
762 2255 838 2317 plicat
854 2272 927 2318 saepe
942 2259 1030 2306 aulae.
1064 2256 1184 2314 Temere,
1201 2264 1229 2306 et
1244 2258 1313 2306 nulla

175 2336 404 2385 ValeriusFlaecus
412 2335 565 2397 VLArgon.
577 2335 634 2382 204.
646 2336 722 2396 equis,
762 2334 911 2396 scriptorum
928 2334 1078 2384 auctoritate.
1103 2336 1161 2384 Alii
1176 2336 1313 2385 etiamrim

172 2422 248 2476 pater
264 2421 377 2464 aruoenta
394 2431 455 2478 quas
465 2417 533 2464 diues
544 2416 576 2463 ab
586 2416 653 2462 arreni
664 2414 721 2459 Nu·
763 2418 787 2459 et
803 2412 952 2476 elegantiam
968 2413 1152 2476 deprehendere
1168 2415 1218 2463 sibi
1231 2417 1313 2466 viden·

174 2496 275 2542 mast.
307 2493 427 2542 Ambros.
461 2493 582 2541 llexaiim.
616 2492 664 2540 VI.
698 2493 721 2539 4.
762 2491 846 2539 turin
862 2493 999 2542 coniunctis
1016 2495 1133 2557 oppositis
1145 2497 1266 2546 aierem
1276 2513 1312 2546 rs·

175 2574 255 2636 Saepe
270 2577 299 2621 in
315 2589 403 2635 aarum
427 2588 498 2634 qreqe
523 2573 652 2634 aquicelus
674 2586 722 2632 per
763 2572 848 2620 ciem
884 2571 933 2621 Sed
958 2573 1067 2634 cogitent
1088 2574 1140 2632 illi,
1161 2589 1193 2622 an
1216 2575 1265 2624 hoc
1280 2576 1314 2624 ita

173 2656 250 2702 ouilia
268 2656 649 2713 tataeaqatuserrutaurutra
667 2651 721 2712 Ap·
762 2649 802 2698 sit.
840 2654 959 2701 Vincitur
983 2655 1063 2702 uictor
1085 2660 1176 2702 notum
1197 2662 1249 2712 est,
1265 2671 1314 2704 non

173 2732 248 2794 pulei.
266 2730 374 2793 Apolog.
392 2730 422 2778 T.
441 2730 476 2777 II.
498 2745 554 2792 pag.
576 2731 632 2780 517.
667 2730 720 2778 Sci·
762 2730 910 2778 revincitur.
943 2730 1086 2794 Propertius
1103 2731 1250 2782 111.9.16.
1273 2736 1312 2783 Vi-

174 2812 208 2857 tis
232 2811 299 2871 quod
322 2811 388 2856 danti
413 2811 541 2858 conditum
570 2810 667 2870 celetis,
695 2816 721 2857 et
762 2810 798 2855 cu
821 2810 939 2858 datorem
970 2812 1079 2859 candida
1100 2811 1192 2873 santa
1222 2815 1313 2862 uirum.

172 2889 263 2948 absque
279 2888 390 2935 omnibus
404 2887 521 2948 profanis
538 2889 615 2935 tacite
625 2903 720 2935 venue·
761 2885 851 2934 Manil.
868 2887 918 2936 III.
932 2890 970 2937 15.
1010 2891 1109 2940 Victum
1114 2908 1197 2954 ,quae
1207 2895 1312 2953 υἰοοναέ,

172 2968 242 3013 ruini.
276 2965 325 3014 Iul.
348 2965 502 3027 Capitolinus
519 2966 544 3013 in
561 2966 623 3015 Vita
639 2966 720 3015 Auto-
762 2968 853 3014 urbeua
884 2967 917 3015 V.
942 2967 999 3018 571.
1043 2971 1179 3032 Victorque
1204 2971 1313 3021 Medusa

172 3044 226 3091 nini
242 3044 337 3093 Philus.
354 3059 407 3107 cap.
418 3046 442 3096 7.
474 3048 526 3095 Nec
541 3048 720 3109 praelerduas
766 3046 855 3093 Victus
871 3047 898 3093 in
919 3047 1146 3095 Andromachen.
1180 3048 1251 3098 Hinc
1271 3065 1311 3099 ex·

173 3129 255 3172 noctes
271 3127 303 3172 ab
324 3139 351 3173 eo
371 3127 473 3172 aranea.
507 3124 574 3172 Hinc
595 3124 719 3186 expliean-
760 3122 876 3184 plicando
892 3131 962 3183 suut,
983 3139 1034 3173 non
1060 3126 1221 3188 corrigenda,
1250 3143 1312 3193 quse

172 3203 219 3250 dus
241 3203 331 3267 Dictys
353 3203 477 3253 Cretensis
493 3204 523 3252 B.
541 3203 609 3252 Troi.
626 3203 662 3252 11.
678 3206 718 3253 42.
761 3203 826 3251 idem
843 3204 965 3252 Manilius
987 3203 1095 3267 scripsit,
1117 3204 1167 3254 1v.
1188 3208 1230 3257 30.
1268 3209 1312 3258 Ca-

174 3287 211 3331 st
239 3285 317 3332 Graii
340 3283 511 3345 infrequentes
540 3284 718 3344 incuriosique,
757 3289 820 3344 ptus
835 3290 860 3332 et
876 3300 893 3332 a
909 3287 990 3347 captis
1010 3288 1078 3334 orbis
1092 3285 1179 3348 soret?
1198 3289 1257 3350 iqrre
1276 3303 1312 3338 se·

172 3365 203 3410 ab
220 3365 312 3418 armis,
324 3366 430 3420 turbati,
441 3366 517 3411 ansul
528 3379 544 3410 a
550 3361 718 3424 sapientibus,
757 3364 830 3424 pullo
851 3365 1007 3421 Vulneribus,
1018 3366 1098 3414 valor
1109 3368 1239 3428 repetisset
1250 3368 1311 3416 Mu·

171 3455 231 3503 quos
246 3443 347 3503 primus
363 3445 443 3490 bustu
458 3444 606 3499 incesserat,
623 3445 716 3503 quami·
760 3443 812 3489 eius
829 3441 934 3490 urbere?
967 3441 1058 3504 Captos
1076 3444 1134 3492 uicit
1150 3444 1311 3496 Romanosa

172 3534 219 3566 naas
234 3521 567 3582 uruuaeaperentimpeuliti.
583 3520 719 3570 Nonrecte
760 3519 883 3577 Porsena,
900 3521 941 3568 cui
967 3522 1025 3569 urbs
1050 3522 1098 3570 fuit
1124 3525 1214 3574 dedita.
1249 3528 1309 3576 Mu·

172 3597 214 3645 alii
230 3600 262 3646 ab
278 3600 358 3646 armis
375 3600 473 3647 turbati
483 3599 677 3662 interpretantur
687 3604 719 3649 ab
760 3601 824 3658 cius,
850 3615 927 3648 manu
951 3603 977 3650 in
1002 3604 1061 3665 igne
1077 3605 1221 3664 combusta,
1239 3607 1309 3655 flam-

171 3679 281 3725 aruratis
297 3678 425 3724 militibus.
459 3677 511 3726 Pro
527 3681 654 3740 qualemve
671 3680 719 3728 lue·
759 3695 827 3728 mam
844 3680 969 3742 sepelivit,
986 3681 1122 3741 exstinxit,
1140 3684 1311 3735 sanieetsau·

172 3758 207 3803 tis
237 3757 263 3803 in
295 3771 347 3804 uno
371 3762 455 3803 nostro
480 3759 579 3818 quanm
602 3759 717 3807 velastis.
760 3759 835 3821 guine
859 3773 891 3806 ex
916 3760 1061 3808 vulneribus
1090 3762 1116 3809 in
1143 3762 1229 3825 ignem
1259 3781 1310 3814 ma·

171 3834 234 3882 Alia
250 3851 341 3884 manus
358 3834 473 3884 correxit.
759 3844 841 3886 nante.
875 3838 957 3886 Roma
978 3839 1013 3886 sic
1035 3853 1145 3890 creseere
1160 3843 1255 3904 potuit,
1273 3851 1309 3901 et,

207 3915 305 3972 Quibus
321 3917 449 3963 ruosunde
459 3917 589 3964 deductus.
614 3915 649 3963 Hi
660 3931 716 3965 rer·
758 3929 825 3963 nunc
850 3923 924 3979 capta
947 3933 963 3965 a
987 3918 1108 3978 Porsena,
1127 3921 1212 3970 orbem
1230 3930 1309 3972 terra-

170 4007 212 4040 sus
237 3995 296 4056 quin
322 4010 337 4041 a
365 3993 533 4043 Grammatico
559 3995 641 4058 aliquo
669 3997 718 4045 sint
757 4010 813 4042 rum
831 3997 903 4058 cepit.
938 3995 1041 4046 Ovidius
1064 3999 1125 4048 XX.
1147 3999 1251 4050 Heroid.
1269 4002 1309 4053 70.

170 4073 310 4134 compositi,
327 4087 400 4121 nemo
416 4088 483 4121 nune
500 4073 628 4122 dubitabit.
662 4074 717 4123 Iam
762 4077 878 4137 Utraque
894 4077 1011 4124 natusne
1027 4079 1309 4142 mutarequutasuum.

171 4152 307 4199 Lambinus
319 4167 369 4199 non
380 4153 716 4214 probabatFaberabHora-
756 4153 816 4204 Vid.
842 4155 982 4204 Heinsium.
1009 4157 1174 4206 Scribendum
1195 4168 1232 4209 est
1250 4176 1308 4210 eum

171 4230 205 4277 tio
219 4231 294 4278 laetos
307 4231 413 4289 nolebat,
424 4231 528 4280 Guietns
539 4233 624 4281 deinde
636 4241 661 4280 et
674 4233 715 4281 alii
755 4232 868 4282 Bentleio
890 4250 904 4282 e
925 4235 1001 4284 MSS.
1024 4251 1157 4298 repressae.
1192 4241 1309 4289 Fortasse

170 4308 257 4356 eiicere
274 4310 327 4356 ausi
344 4319 408 4357 sunt.
422 4309 482 4358 Vid.
495 4311 637 4358 Excursum
650 4313 714 4361 Iani.
755 4319 839 4361 tamen
856 4314 946 4362 melius
963 4321 1026 4363 esset
1042 4317 1153 4366 reiectae.
