2916 5220
598 337 771 400 Llllllll·
818 338 862 400 ll.

341 522 506 587 Callidum
532 524 725 588 Promethea

385 625 525 690 Revexit
553 647 631 690 auro
655 630 779 710 eaptus.
829 626 893 690 Hic
917 627 1092 710 superbum

339 728 513 793 Tantalum
536 734 634 814 atque
657 728 785 793 Tantali

384 831 496 897 Genus
521 837 658 909 edercet,
682 831 736 896 hio
760 831 866 896 levare
889 831 1040 897 functum

339 934 520 1019 Pauperem
544 934 709 999 laboribus

385 1038 529 1102 Vocatus
553 1042 651 1123 atque
674 1036 740 1100 non
764 1042 897 1102 vocatus
922 1036 1022 1101 audit.

159 1166 264 1214 cludere.
309 1167 399 1227 Cespes
427 1171 548 1225 annuatur
577 1180 652 1226 neque
683 1170 708 1213 et
750 1167 809 1213 Non
833 1171 947 1225 vocatus,
977 1167 1076 1229 quando
1105 1180 1198 1228 pauper
1223 1165 1298 1213 finem

158 1244 267 1305 pauperi
291 1245 405 1292 abundat
424 1248 449 1292 et
470 1244 554 1291 diuiti.
593 1242 706 1304 Philarg.
749 1243 863 1291 laborum
881 1259 928 1292 non
956 1245 1039 1307 palam
1064 1251 1132 1303 orat,
1158 1245 1199 1294 sed
1224 1248 1298 1293 tacite

159 1320 190 1366 ad
206 1319 300 1383 Virgil.
319 1320 368 1369 ΠΙ.
381 1320 470 1382 Eclog.
484 1320 537 1369 105.
549 1326 635 1369 narrat
647 1319 707 1368 Cor·
749 1329 824 1385 optat.
863 1323 944 1371 Audit
964 1331 988 1372 et
1010 1324 1085 1371 tacita
1105 1331 1168 1372 vota.
1204 1324 1299 1374 Seneca

159 1398 268 1446 nificium
298 1399 329 1447 ab
357 1399 409 1462 ipso
434 1399 546 1463 Virgilio
571 1399 707 1454 audivisse,
749 1401 848 1451 Consol.
870 1402 901 1449 ad
923 1401 1044 1450 Marciam
1066 1404 1106 1452 20.
1140 1403 1227 1463 Mora,
1245 1407 1298 1466 qui-

159 1478 225 1540 qnod
241 1477 287 1525 illo
307 1492 382 1526 versu
402 1478 515 1528 Coelium
539 1477 707 1526 Mantuanum
749 1482 854 1530 ὺνοιίονη
874 1487 970 1540 notum,
988 1483 1018 1529 de
1038 1483 1116 1530 nullia
1138 1483 1227 1530 niellus
1249 1498 1295 1530 nze·

159 1556 283 1619 quendam
301 1558 394 1620 tetigit,
411 1559 461 1620 qui,
479 1557 612 1605 consumtis
629 1556 707 1604 omni·
748 1562 814 1616 etta,
831 1575 907 1622 quarn
925 1562 955 1608 de
967 1561 1017 1617 lus,
1030 1561 1064 1607 ad
1075 1575 1135 1621 quos
1146 1562 1227 1616 uertit,
1239 1566 1299 1608 ante

159 1636 204 1684 bus
229 1635 402 1697 facultatibus,
432 1638 495 1686 nihil
525 1638 572 1685 sibi
597 1637 706 1699 reliquit,
748 1655 823 1701 qnam
840 1640 1007 1688 invocaretur.
1032 1638 1159 1687 Heliodor.
1179 1639 1227 1687 IV.
1245 1639 1296 1688 Ac·

160 1717 208 1764 utet
225 1717 306 1766 locum
331 1719 410 1766 trium
431 1719 551 1765 ruinarum
573 1719 607 1765 nd
627 1719 706 1780 sepul·
749 1718 825 1780 thiop.
851 1733 875 1780 p.
903 1718 956 1765 194.
1003 1718 1037 1764 Τὸ
1063 1718 1134 1765 θεῖον
1161 1718 1298 1782 ἐπίκουρον

160 1804 253 1847 turam.
287 1796 400 1847 Gualter.
426 1796 565 1846 Alexandr.
592 1796 627 1844 X.
649 1811 705 1858 pag.
749 1795 861 1859 γίγνεται
883 1796 924 1843 καὶ
946 1795 1073 1855 ἄκλητον,
1095 1795 1208 1861 εὐμενείᾳ
1230 1797 1297 1845 πολ-

160 1879 220 1927 223:
249 1877 295 1924 Cui
311 1891 360 1924 non
377 1876 513 1938 suffecerat
529 1878 607 1932 orbes,
625 1876 705 1937 Suffi·
748 1873 821 1931 λάκις
842 1873 942 1938 φθάνον
963 1874 1012 1931 τὴν
1032 1874 1144 1932 αἴτησιν.
1178 1874 1298 1924 Boethius

159 1959 287 2006 ον’ἐεοοὶοο
299 1957 329 2003 de
331 1954 404 2018 fosta
412 1969 535 2003 marmore
543 1960 614 2002 terra
626 1955 705 2013 Quin·
749 1951 848 2002 Consol.
879 1951 973 2000 Philus.
1003 1952 1025 2000 I.
1055 1953 1130 2001 Metr.
1159 1955 1180 2002 l.
1223 1955 1298 2003 Mors

159 2051 204 2098 qne
220 2035 311 2096 pedum
321 2033 457 2096 subelecta
474 2033 568 2080 ἀοοινο.
749 2034 876 2080 leontinum
890 2031 974 2094 setin,
994 2047 1059 2094 qnae
1080 2038 1104 2080 te
1125 2048 1169 2081 nec
1185 2034 1299 2081 dulcibus

191 2114 301 2161 Reeeutt
311 2126 373 2159 duro
384 2116 483 2172 captus.
495 2109 573 2158 MSS.
585 2111 706 2168 recinunt,
749 2112 823 2157 annis
836 2112 946 2170 Inserta,
960 2117 984 2160 et
996 2114 1112 2174 precibus
1124 2109 1197 2172 saepe
1210 2118 1299 2160 uocata

159 2192 264 2249 reuixit,
285 2191 389 2238 remisit.
426 2191 567 2237 Remittere
589 2193 625 2236 ost
647 2186 706 2236 Orci
749 2190 823 2237 uenis.
858 2191 940 2237 Audit
957 2195 1073 2249 vocotus,
1094 2196 1123 2237 ut
1139 2190 1230 2252 Virgil.
1248 2191 1297 2239 IV.

159 2270 248 2333 ipsius,
268 2282 318 2316 non
340 2266 461 2315 satellitis.
483 2268 553 2315 Laut.
571 2267 607 2314 V.
623 2266 705 2315 Instit.
749 2267 839 2330 Georg.
857 2269 880 2319 7.
925 2267 1053 2330 Audttque
1069 2275 1171 2318 uocatus
1200 2271 1297 2331 Apollo.

162 2349 198 2396 14.
225 2348 305 2409 Apud
325 2348 453 2394 Luctlt'unr
469 2348 591 2395 disserena
609 2348 706 2408 Neptu·
750 2348 865 2394 Functus
878 2347 1003 2393 laboribus
1016 2352 1061 2405 est,
1074 2351 1102 2393 ut
1115 2347 1140 2394 in
1154 2355 1297 2396 notovcrsu

158 2442 207 2476 nus
224 2429 255 2475 de
279 2440 307 2474 re
333 2426 489 2486 dffetllima
518 2426 626 2473 ostendit
659 2440 708 2473 non
748 2424 813 2486 apud
830 2424 996 2472 Plutarchum
1013 2425 1104 2473 Moral.
1122 2426 1193 2474 Tom.
1203 2427 1225 2475 Ι.
1240 2443 1297 2491 pag.

157 2521 227 2569 posse
243 2507 272 2553 id
286 2505 426 2566 eapttcnrt,
448 2519 492 2553 nec
508 2505 531 2552 ei
551 2505 708 2553 Carneadem
750 2503 803 2550 136.
821 2504 939 2551 θανόντα
956 2504 997 2551 καὶ
1015 2504 1104 2552 πόνων
1118 2505 1297 2570 πεπαυμένον,

159 2587 243 2649 ipsum
264 2585 346 2632 Orcus
363 2584 485 2631 restittat.
748 2597 822 2645 quern
833 2581 921 2631 Cicero
929 2581 950 2629 1.
966 2583 1043 2630 Tusc.
1053 2581 1153 2644 Quaest.
1161 2583 1200 2632 48.
1212 2585 1296 2635 vertit:

195 2665 305 2712 Vocatus
331 2665 406 2724 atque
430 2676 478 2710 non
500 2667 602 2711 uocatus
626 2663 707 2710 audit.
749 2663 792 2725 qni
809 2663 904 2710 labores
921 2667 1000 2710 noorte
1009 2662 1112 2725 finuaet
1128 2678 1223 2725 praees.

649 2792 809 2816 ψ’

537 2909 784 2976 OARMEN
832 2910 927 2974 XIX.

338 3040 512 3120 Bacchum
535 3053 570 3116 in
595 3051 729 3117 remotis
754 3052 899 3117 carmina
921 3053 1057 3137 mpibus

338 3158 417 3222 Vidi
441 3157 628 3240 docentem,
653 3156 791 3239 credite,
815 3157 956 3242 posteri!

381 3261 616 3346 Nymphasque
640 3259 801 3324 discentes
831 3265 863 3324 et
887 3281 979 3324 aures

427 3362 645 3448 Capripedum
670 3362 859 3446 Satyrorum
882 3368 1003 3427 acutas

339 3467 444 3532 Evo'e'l
469 3465 591 3531 recenti
613 3488 706 3531 mens
732 3465 873 3550 trepidat
895 3471 1002 3548 metu,

340 3570 506 3654 Plenoque
530 3569 651 3633 Bacchi
674 3573 802 3654 pectore
826 3568 993 3634 turbidum

383 3671 547 3737 Laetatur.
596 3672 701 3736 Evodl
725 3695 836 3757 parce,
862 3672 975 3737 Liberi

427 3777 543 3858 Parce,
567 3776 659 3860 gravi
682 3775 855 3841 metuende
879 3776 1006 3859 thyrso!

226 3969 238 3977 .
305 3955 458 4005 CARMEN
476 3955 554 4004 XIX·
751 3930 815 3987 Quis
848 3931 932 3984 Deua,
962 3930 1086 3978 Incertum
1117 3936 1170 3986 est,
1195 3932 1295 3980 habitat

751 4009 829 4055 Deus.
863 4006 976 4054 Arcades
992 4009 1076 4068 Ipsum
1095 4008 1208 4057 Credunt
1224 4012 1294 4058 seui-

200 4051 273 4135 Vnt
285 4087 417 4144 docentem,
430 4087 523 4135 credite
535 4088 639 4148 posteri.
659 4085 704 4136 Sil.
747 4088 813 4134 disse
832 4086 922 4133 Iouem.

157 4163 216 4212 Ital.
235 4163 312 4212 XIII.
329 4164 386 4212 642.
425 4165 495 4222 Vidi,
512 4166 595 4222 erede,
613 4166 704 4213 Iouem.
780 4165 861 4213 Enot'!
882 4167 976 4213 recenti
996 4181 1063 4214 utens
1084 4168 1197 4229 trepidat
1218 4175 1293 4218 metu.

157 4243 234 4305 Virg.
255 4243 333 4292 VIII.
356 4243 422 4292 Aen.
443 4245 500 4293 351.
537 4246 592 4292 Hoc
608 4258 704 4303 nereus,
747 4244 851 4294 Guietus
879 4250 985 4306 quatuor
1015 4258 1101 4292 versus
1126 4245 1197 4295 delet.
1240 4247 1294 4296 Nec

157 4323 235 4380 nnnc,
255 4324 352 4384 despuit,
362 4321 485 4385 frondoso
501 4324 592 4372 uertice
608 4323 703 4381 collem,
746 4337 805 4373 sane
827 4323 928 4385 elegans
948 4329 985 4372 est
1005 4324 1117 4387 repetitio
1140 4326 1248 4386 Bneeln',
1271 4333 1295 4373 ct
