2916 5220
611 312 901 374 llPOllON

364 500 477 561 Suetus
502 497 643 582 flagellis
669 497 720 561 hic
746 497 1006 562 triumviralibus

407 600 581 665 Praeconis
605 601 646 665 acl
669 599 842 665 fastidium

359 702 442 767 Arat
466 703 599 767 Falerni
623 703 714 768 mille
738 702 834 767 fundi
857 703 988 787 iugera,

407 806 452 871 Et
474 806 620 891 Appiam
643 805 774 870 mannis
799 805 894 889 terit,

364 909 594 996 Sedilibusque
617 931 758 994 magnus
783 908 817 972 in
842 909 960 994 primis
985 931 1102 995 eques,

409 1011 538 1077 Othone
561 1017 745 1095 contemto,
771 1011 883 1076 sedet!

369 1114 455 1193 Quid
479 1115 616 1197 attinet,
642 1121 692 1179 tot
716 1136 771 1178 ora
795 1114 934 1179 navium
956 1116 1050 1200 gravi

410 1218 567 1283 Rostrata
591 1216 667 1281 duci
689 1215 833 1301 pondere

362 1320 484 1386 Contra
506 1321 649 1386 latrones
681 1325 779 1405 atque
803 1319 956 1385 servilem
978 1342 1135 1402 manum,

410 1425 482 1490 Hoc
506 1425 567 1490 hoc
592 1424 724 1488 tribuno
747 1422 918 1488 militum?

183 1577 228 1610 era
246 1574 290 1609 nec
307 1576 352 1623 pro
369 1563 446 1610 vertit
462 1562 489 1608 in
507 1568 547 1618 te,
564 1574 609 1608 nec
625 1573 670 1622 pro
681 1575 732 1607 eer-
775 1560 821 1607 nis,
855 1558 951 1607 Tibull.
968 1560 989 1608 I.
1014 1561 1035 1608 l.
1056 1560 1098 1610 78.
1116 1586 1149 1594 -
1169 1575 1215 1623 epo
1235 1575 1322 1622 eampo·

185 1642 218 1688 rie
234 1656 250 1688 a
268 1646 307 1698 te,
325 1641 384 1688 satis
401 1640 492 1689 Latine
508 1639 612 1697 dicitnr,
633 1637 733 1685 minime
774 1642 825 1716 sito
849 1654 952 1688 secamus
978 1654 1064 1689 acervo
1091 1641 1242 1702 Despiciam
1264 1641 1323 1688 dita

184 1719 257 1767 modo
278 1725 329 1766 tam
345 1719 482 1782 ambiguo.
524 1719 627 1767 Diceres
652 1715 733 1778 potius
775 1719 958 1780 despiciamque
967 1717 1074 1780 sanum.
1110 1717 1193 1766 Tacit.
1212 1715 1249 1766 11.
1274 1717 1323 1766 An·

185 1797 335 1860 significare:
353 1799 494 1860 indiprsatin
510 1802 593 1844 mutat
611 1794 732 1854 colorem,
775 1796 825 1844 nal.
844 1797 885 1844 34.
920 1797 974 1844 Nec
990 1797 1135 1858 Urpulam'a
1148 1797 1323 1857 obtemperarit

184 1879 229 1940 qui
245 1885 282 1926 est
306 1878 332 1925 in
357 1892 399 1925 ore
423 1884 449 1925 et
473 1878 560 1934 vultu,
586 1882 614 1923 ut
641 1875 734 1923 scilieet
775 1878 803 1924 in
820 1877 919 1924 domum
947 1874 1079 1934 Caesaris,
1104 1881 1192 1938 spreto
1220 1877 1324 1930 Pisone,

185 1962 271 2004 euntes
289 1955 371 2004 furore
385 1957 541 2018 pallescant,
558 1956 666 2003 rubeant
678 1953 732 2001 sim.
775 1959 853 2002 aecta.
888 1952 940 2000 Ubi
965 1952 1021 2001 ride
1045 1953 1146 2001 Ernest.
1172 1959 1199 2000 et
1225 1953 1323 2002 Ruhnk.

185 2034 308 2082 Latinitas
327 2033 377 2082 fere
394 2034 481 2096 exigit:
508 2038 610 2083 avertat
635 2048 680 2081 ora
705 2037 734 2079 ut
777 2032 808 2079 ad
826 2031 929 2082 Sueton.
946 2047 1004 2094 pag.
1021 2032 1080 2079 348.

186 2113 234 2160 buc
255 2118 280 2160 et
297 2114 346 2161 truc
367 2114 482 2160 euntium
504 2113 647 2160 Liberre'ma
668 2113 734 2160 indi·
812 2113 860 2159 Tot
884 2127 930 2160 ora
955 2111 1058 2159 nauium
1081 2112 1156 2173 praei
1201 2111 1324 2158 Rostrata

185 2193 279 2253 pantio.
312 2191 368 2239 Hoc
385 2193 557 2240 documentum
575 2192 648 2239 liberi
670 2190 734 2239 dolo·
777 2192 962 2253 ductpondere.
980 2188 1106 2240 Bentleins
1123 2187 1324 2251 fateturseapud

185 2273 223 2318 rts
240 2272 350 2328 mearet,
367 2277 396 2318 ut
413 2285 471 2318 curn
488 2270 576 2318 Tacito
588 2269 625 2318 11.
638 2268 734 2317 Annal.

185 2350 224 2397 34.
251 2349 345 2412 loquar.
389 2350 484 2398 Eadem
513 2356 549 2398 est
577 2351 684 2398 varietas
709 2348 735 2395 in

186 2425 260 2476 oue.
287 2428 336 2477 VI.
363 2428 467 2476 Metam.
493 2429 549 2476 642.
582 2428 612 2476 de
637 2427 736 2476 Procne

186 2507 247 2570 Ityn
267 2506 380 2556 feriente:
403 2523 447 2556 nee
468 2509 566 2556 vultum
583 2509 667 2556 vertit.
685 2506 736 2555 Ubi

186 2587 272 2635 Heius.
291 2589 384 2636 acertit
401 2601 433 2634 ex
450 2586 512 2645 MS;
531 2585 671 2636 Glareanus
682 2602 734 2634 rer·

186 2668 221 2714 tit
244 2668 427 2728 interpretatur.
465 2665 595 2714 Phaedrus
620 2666 668 2714 IV.
698 2665 735 2712 ll.

189 2745 260 2794 Coelo
278 2751 391 2807 receptus
405 2751 511 2806 propter
527 2747 648 2794 virtutem
667 2747 735 2794 Her-

185 2825 264 2881 cules,
294 2824 380 2882 Quum
401 2824 560 2884 protelantes
578 2825 735 2885 persalutas-

186 2906 224 2948 set
241 2903 321 2960 Deos,
352 2903 470 2950 Veniente
491 2903 584 2960 Ptato‚
606 2903 649 2963 qui
673 2904 734 2951 For·

188 2981 265 3026 turrae
281 2984 318 3027 est
326 2978 417 3040 fitius,
435 2981 538 3027 Avertit
549 2981 637 3028 ocules.
657 2981 734 3030 Caus-

186 3070 241 3103 sam
253 3057 376 3118 qucemoit
384 3062 471 3120 pater:
485 3059 544 3118 Odi,
552 3059 734 3121 inquit‚illnne.

221 3133 334 3198 Mopsus
350 3138 377 3184 e'n
397 3138 491 3200 primis
515 3153 594 3200 eques.
628 3138 660 3185 In
685 3153 735 3188 uno

188 3213 260 3263 Leid.
278 3230 385 3279 rnnpnus
401 3221 426 3266 et
443 3231 522 3279 eques.

223 3297 320 3345 Othone
345 3302 474 3346 contemto.
508 3297 590 3345 Tutus
616 3303 640 3347 et
666 3312 734 3347 secu-

187 3387 243 3429 rus,
260 3375 327 3436 quod
352 3376 383 3422 ad
408 3375 489 3438 legem
511 3374 616 3425 Othonis
638 3376 733 3434 attinet,

187 3467 238 3499 non
254 3454 354 3511 timens,
369 3468 419 3501 non
436 3468 538 3510 curans,
555 3455 637 3517 legem
655 3455 732 3504 Otho·

777 2268 901 2317 neminem
917 2269 1046 2332 poetarum
1063 2284 1090 2318 es
1105 2271 1180 2316 nanis
1196 2269 1324 2323 invenisse,

777 2353 802 2394 et
826 2348 928 2410 corrigit
954 2364 1022 2397 aera
1064 2348 1121 2409 Ego
1149 2347 1326 2410 elegantiorem

777 2427 908 2474 lectionem
919 2425 981 2474 mihi
992 2425 1076 2474 fecisse
1086 2425 1172 2473 videor
1182 2426 1262 2474 hanc:
1283 2427 1326 2472 Tot

777 2523 835 2555 uere
851 2508 954 2554 natium
970 2507 1043 2568 praui
1060 2508 1187 2554 Rostrata
1200 2508 1261 2556 duci
1269 2521 1325 2567 pon·

778 2587 846 2633 dara.
881 2584 998 2632 Pondera
1014 2585 1117 2632 navium
1134 2590 1245 2632 rostrata
1262 2585 1326 2647 gravi

777 2677 846 2720 aere,
862 2663 987 2726 politicum
1004 2669 1047 2711 est.
1082 2662 1201 2711 Pondera
1212 2678 1326 2726 magnam

777 2743 868 2790 molem
885 2743 1007 2800 indicant,
1032 2749 1061 2790 ut
1086 2742 1203 2806 Propert.
1230 2743 1280 2791 ΠΙ.
1306 2745 1324 2791 l.

777 2821 816 2869 62.
851 2820 985 2871 Annorum
1001 2828 1048 2870 aut
1063 2825 1116 2871 ictu
1130 2825 1249 2884 pondera
1263 2825 1326 2872 nicta

777 2906 858 2948 ruent.
889 2901 946 2950 Liv.
970 2901 1101 2950 XXVHI.
1121 2902 1162 2950 30.
1203 2903 1324 2964 Quinque-

776 2981 851 3028 remis
879 2982 988 3042 pondere
1018 2981 1137 3029 tenacior.
1189 2979 1264 3029 Curt.
1294 2979 1325 3027 X.

779 3058 799 3106 l.
834 3059 992 3120 annurum
1008 3061 1110 3108 ramum
1128 3075 1244 3121 corpora.
1270 3059 1324 3107 Vir-

776 3137 852 3200 gilius
878 3138 911 3186 V.
938 3139 1003 3188 Aen.
1032 3138 1086 3186 118.
1111 3144 1197 3187 vocat:
1234 3141 1325 3201 inpenti

776 3218 838 3264 mole
848 3216 1008 3266 Chimaeram
1023 3219 1179 3279 Urbtsopus.
1198 3216 1324 3280 Gogavius

776 3293 914 3343 Praeterm.
931 3310 988 3358 pag.
1005 3297 1046 3344 33.
1064 3298 1122 3346 duci
1139 3295 1325 3360 interpretatur:

775 3371 802 3418 in
819 3372 976 3434 triumphum
993 3373 1061 3430 duci,
1087 3374 1186 3424 devicto
1209 3377 1236 3426 S.
1254 3377 1323 3426 Pom·

776 3450 842 3513 peio,
859 3452 930 3499 euius
947 3452 1039 3500 Maena
1055 3453 1184 3502 Tribunus
1201 3454 1257 3504 fuit.

676 3586 838 3608 -οοο-

593 3701 838 3767 OARMEN
883 3700 922 3765 V.

368 3839 464 3934 “At,
490 3876 508 3917 o
533 3853 677 3917 Deorum
701 3852 860 3937 quidquid
885 3852 920 3915 in
944 3853 1034 3917 coelo
1057 3854 1144 3938 regit

355 4021 508 4071 CARMEN
525 4022 559 4070 V.

221 4117 294 4208 At,
317 4153 462 4200 eDeermn
484 4153 607 4215 qreidquict
628 4154 655 4200 in
672 4155 736 4202 coele

188 4231 253 4291 repit
273 4229 365 4277 Terras
385 4235 410 4277 et
431 4231 569 4278 hermanum
589 4247 671 4293 penus.
703 4232 735 4280 In

189 4307 266 4356 MSS.
284 4306 338 4354 aliis
354 4307 448 4370 legitur
465 4311 543 4371 repis:
561 4315 586 4356 et
599 4311 666 4372 apud
677 4311 735 4359 Dio-

774 3993 869 4041 medem
888 3999 913 4041 et
931 3991 1090 4040 Priscianurn
1106 3995 1231 4055 quisquis.
1260 3997 1326 4044 Licet

774 4074 800 4120 in
826 4072 1000 4135 antiquissima
1020 4070 1144 4119 Prisciani
1167 4072 1278 4122 editione
1298 4074 1327 4121 sit

774 4155 897 4216 quietantia
921 4155 992 4215 repit.
1026 4152 1082 4214 Ego
1106 4152 1199 4200 inrum
1225 4155 1252 4202 in
1278 4163 1326 4202 tam

774 4233 864 4295 exigno
885 4231 1014 4279 literarum
1036 4230 1178 4279 discrimine
1196 4234 1277 4295 magis
1294 4234 1326 4280 ri-

774 4312 883 4360 dendum
907 4325 1004 4368 censeo,
1030 4311 1089 4372 quid
1109 4311 1166 4360 loeo
1185 4315 1324 4368 conveniat,
