2916 5220
579 295 897 362 CARMINUM

357 487 444 567 Quin
468 491 502 551 ct
525 485 621 550 Ixion
649 484 826 568 Tityosque
849 482 944 547 vultu

357 591 445 655 Risit
468 590 591 654 invito:
616 588 710 654 stetit
733 609 816 651 urna
837 585 987 670 paullum

356 695 467 775 Sicca,
493 693 572 757 dum
596 698 690 777 grato
714 690 821 755 Danai
845 688 972 774 puellus

446 796 598 862 Carmine
622 794 755 859 mulces.

354 901 478 965 Audiat
501 900 592 983 Lyde
616 899 721 964 scelus
746 903 844 981 atque
869 900 963 959 notas

351 1003 528 1088 Virginum
551 1024 672 1087 poenas
702 1005 735 1065 et
758 1000 855 1064 inane
878 996 1036 1082 lymphae

355 1105 489 1170 Delium
512 1105 615 1169 fundo
638 1102 807 1189 pereuntis
831 1101 919 1182 imo,

443 1208 583 1292 Seresque
607 1206 702 1290 fato,

355 1304 445 1389 Q'uae
468 1315 604 1375 manent
626 1309 739 1395 culpas
764 1309 865 1373 etiam
889 1311 950 1375 sub
974 1310 1065 1377 Orco.

353 1412 496 1499 lmpiue,
521 1435 598 1478 nam
622 1412 701 1498 quid
724 1416 858 1497 potuere
881 1413 1012 1479 maius?

174 1538 265 1586 tionem
282 1538 420 1601 scriptoris,
441 1540 570 1602 praecipue
587 1539 608 1585 si
626 1538 722 1601 glossae
761 1538 849 1599 ipneru
875 1536 969 1586 Seneca
986 1538 1016 1587 de
1032 1539 1075 1586 Ira
1091 1539 1127 1588 Π.
1146 1541 1186 1589 35.
1218 1542 1315 1600 Quoiio

173 1623 253 1664 essent
269 1617 446 1666 interlineares.
482 1617 524 1666 Sic
543 1618 567 1665 in
591 1617 647 1666 MS.
660 1617 721 1665 Fra·
759 1617 848 1676 po'e'tee
865 1616 968 1679 inferno
989 1623 1101 1666 cicestro
1118 1619 1235 1681 finem,
1262 1635 1314 1670 eue-

174 1696 229 1744 nek.
248 1695 270 1743 1.
288 1695 372 1745 Germ.
390 1697 430 1747 37.
452 1697 556 1758 legitur:
581 1698 674 1745 Caesar
691 1700 722 1746 ob
761 1695 845 1743 ducto
861 1697 1019 1758 serpentibus
1035 1702 1059 1745 et
1076 1698 1234 1759 ipueoflotu.
1263 1698 1313 1762 Op-

174 1776 259 1822 ]tclia
283 1776 356 1822 iilam
381 1776 518 1824 colestem.-
541 1775 585 1822 ubi
601 1775 722 1824 Horatius
761 1773 826 1834 pian.
845 1773 880 1822 II.
899 1774 929 1823 de
949 1774 1041 1823 Venat.
1063 1777 1105 1824 56.
1127 1776 1194 1824 tauri
1217 1779 1315 1841 πυροὲν

173 1852 285 1913 scripsit:
314 1854 409 1901 Caesar
430 1857 461 1902 ab
481 1856 567 1902 Italic
587 1858 721 1912 colentem,
762 1851 883 1899 πνείουσι.
909 1852 1007 1901 Auctor
1023 1852 1116 1902 Culicis
1132 1868 1169 1902 vs.
1181 1855 1241 1905 217.
1263 1856 1314 1904 Ob-

174 1943 202 1977 ut
219 1937 328 1979 metrum
346 1932 425 1995 exigit
453 1940 478 1982 et
499 1933 549 1981 aliu
569 1932 653 1981 omniu
679 1934 721 1980 ha·
762 1931 804 1976 viu
831 1927 978 1992 Tisiphone,
1010 1933 1170 1993 serpentibus
1202 1935 1316 1995 credique

175 2009 232 2056 irent
249 2009 326 2059 MSS.
360 2010 400 2057 Ita
421 2011 528 2072 primurn
551 2011 601 2073 legi
621 2011 661 2058 hic
678 2025 722 2073 po-
762 2009 856 2065 cirecta,
875 2011 913 2056 Et
928 2010 1050 2071 flammas
1074 2016 1099 2059 et
1124 2025 1201 2059 saeco
1227 2016 1314 2074 quatu

173 2087 232 2135 tuit:
259 2089 384 2137 Munient
402 2105 494 2152 cnpues
511 2095 589 2152 eaput
606 2091 672 2145 eius,
698 2095 722 2138 et
763 2088 824 2134 mibi
840 2090 943 2137 verbero
957 2104 1062 2150 poenae:
1088 2088 1212 2137 Cerberus
1233 2095 1261 2137 et
1278 2092 1314 2138 di·

173 2171 227 2227 post
244 2181 329 2215 vocem
347 2169 400 2215 eius
417 2168 517 2231 aliquod
531 2167 722 2224 verbumcuius
762 2167 799 2213 ris
809 2165 929 2229 flopront
946 2169 1084 2216 latratibus
1099 2181 1152 2215 oro.
1180 2169 1315 2229 Appreibus

173 2251 268 2306 partem
291 2245 397 2306 priorem
418 2247 506 2296 deinde
528 2247 570 2295 alii
587 2254 720 2294 truncavc·
763 2245 821 2292 binc
836 2249 912 2306 utque
933 2246 990 2294 binc
1012 2247 1114 2294 borreut
1130 2247 1172 2293 cui
1193 2247 1261 2294 coilo
1277 2262 1314 2295 re·

173 2325 236 2386 rint,
253 2331 282 2372 ut
298 2332 377 2374 metro
407 2328 573 2375 consulerent.
609 2326 724 2387 Suspicor
756 2321 848 2382 flexu,
874 2323 1059 2386 Seupuiueique
1083 2325 1180 2372 miccm
1197 2327 1315 2374 ardorem

173 2403 574 2468 hocverbumfuisseerdeatque.
599 2407 723 2453 Munieut
763 2401 865 2448 lucrinis
881 2405 959 2451 orbes.
992 2404 1075 2452 Locus
1096 2403 1139 2452 ille
1156 2405 1260 2467 quidem
1277 2412 1315 2454 est

173 2498 266 2543 rrnpues
283 2490 373 2545 cupiet,
390 2487 528 2547 ardentque
554 2486 669 2546 Spiritus
687 2488 722 2529 te·
763 2487 908 2543 corruptus,
928 2482 970 2530 scd
992 2481 1056 2530 illud
1078 2497 1123 2530 ονα
1134 2483 1256 2545 floprcnt
1274 2487 1313 2532 di·

174 2568 220 2609 ter.
242 2561 348 2624 Spiritus
366 2569 428 2611 teter
445 2566 518 2612 ardet
536 2577 568 2610 ex
582 2576 631 2609 ore.
654 2561 721 2609 Tum
763 2559 800 2606 ris
817 2561 956 2609 latratibus
977 2559 1039 2608 mire
1056 2561 1127 2608 nobis
1147 2559 1222 2610 favet.
1250 2562 1313 2612 Pos-

174 2641 305 2689 vehemens
330 2649 367 2688 est
392 2642 511 2697 latratus,
536 2647 564 2687 ut
590 2639 673 2687 fumus
698 2645 723 2686 et
763 2638 795 2685 sis
811 2638 905 2700 legere:
922 2645 947 2687 et
957 2641 1080 2702 flarrrmos
1095 2647 1120 2689 et
1136 2657 1210 2689 scere
1226 2646 1315 2704 quatit

174 2718 274 2765 flamme
295 2733 327 2767 ex
347 2733 390 2766 oro
406 2731 565 2782 prorumpere
583 2718 721 2766 videantur.
762 2718 825 2764 inibi
842 2719 950 2766 cerbero.
986 2721 1057 2768 Pone
1074 2726 1111 2768 est
1132 2720 1271 2780 Cerberus,
1289 2729 1315 2771 et

174 2796 363 2859 Comparandus
380 2811 438 2844 cum
451 2795 597 2845 Horatianis
610 2796 721 2844 estHer·
763 2797 827 2844 diors
845 2796 965 2858 flopout
989 2799 1126 2848 latratibus
1149 2813 1203 2846 ora.
1242 2800 1315 2849 Ante

175 2873 311 2929 mesianax,
328 2874 398 2921 cuius
410 2874 538 2936 Elegiam,
548 2873 579 2920 ab
591 2874 722 2922 Athenaeo
763 2887 802 2922 me
818 2873 901 2931 video,
918 2874 991 2933 dicit,
1008 2877 1182 2939 Tisiphonem‚
1200 2882 1256 2939 post
1274 2893 1314 2928 me

173 2958 312 3010 servatam,
336 2953 427 3002 eximie
447 2953 583 3001 illustravit
601 2953 722 3001 Ruhnke-
762 2951 822 3000 furit
838 2952 968 3002 Cerberus.
1004 2955 1081 3004 Silius
1101 2955 1159 3004 Ital.
1182 2955 1231 3004 VI.
1253 2959 1313 3006 219.

173 3029 230 3077 nius
250 3032 276 3078 in
297 3033 377 3094 Epist.
396 3032 459 3083 erit.
478 3034 513 3082 11.
531 3049 587 3097 pag.
605 3034 662 3083 285.
680 3035 723 3082 ubi
762 3043 861 3091 serperu
882 3033 1005 3080 evolvitur
1029 3039 1117 3094 ostro,
1142 3035 1182 3083 Et
1210 3037 1315 3099 Stypios

174 3107 288 3172 Orpheus
320 3111 415 3160 cithara
443 3126 550 3170 canens,
582 3113 722 3170 παντοίους
763 3114 845 3156 aestus
863 3110 983 3171 furienti
1009 3113 1127 3161 exsibilat
1152 3128 1200 3163 ore.
1238 3114 1313 3164 Idem

173 3189 313 3245 ἐξανέπεισε
330 3193 411 3250 θεοὺς.
448 3193 568 3241 Κωκυτόν
584 3191 618 3251 π’,
639 3191 721 3257 betp-
762 3186 796 3234 V·
814 3187 870 3235 603·
892 3188 922 3237 de
943 3188 1044 3237 homine
1064 3191 1102 3238 ira
1126 3190 1239 3240 incenso:
1269 3195 1314 3243 sie

174 3285 248 3331 στου,
267 3268 311 3318 ὑπ’
328 3270 417 3335 ὀφρύσι
432 3269 594 3335 μισήσαντα
608 3269 666 3321 Ἡδὲ
681 3273 721 3320 καὶ
763 3281 902 3316 poemorum
924 3274 1021 3330 torquet
1040 3269 1188 3332 sustentem
1213 3288 1245 3320 es
1270 3288 1315 3322 ore

174 3347 313 3398 άινοπάπου
328 3347 419 3414 βλέμμ’
437 3348 552 3413 ὑπέμεινε
570 3350 658 3411 κυνὸς,
678 3349 722 3398 Ἐν
761 3360 888 3406 vaporem.
921 3347 990 3395 Habe
1012 3348 1047 3395 lla
1067 3350 1098 3396 de
1120 3363 1194 3396 versu
1215 3349 1313 3400 difficil-

174 3427 235 3490 πυρὶ
256 3429 303 3490 μὲν
324 3428 413 3490 φωνὴν
430 3425 599 3490 τεθοωμένου,
617 3427 645 3475 ἐν
661 3428 722 3492 πυρὶ
762 3422 821 3471 limo
838 3424 997 3488 scripseram,
1014 3442 1092 3490 quum
1104 3427 1155 3475 vidi
1167 3428 1313 3492 disputatio·

173 3503 194 3551 δ’
220 3505 288 3569 ὄμμα
317 3506 446 3568 seipse,
474 3506 623 3569 τριστοίχοις
651 3505 721 3570 δεῖμα
761 3517 818 3551 uem
835 3504 926 3553 Neekii
947 3505 973 3553 in
1000 3507 1089 3554 Iudice
1110 3509 1314 3568 praelectionum

174 3581 249 3648 φέρον
274 3585 403 3648 κεφαλαῖς.
442 3584 520 3632 Posui
548 3584 611 3632 illud
637 3583 720 3649 ἀθέμι-
760 3583 787 3629 iu
814 3587 951 3633 Academia
982 3587 1110 3634 Bonuerui
1138 3588 1313 3638 boberrdorum

173 3677 248 3722 στον,
270 3663 336 3725 quod
353 3661 504 3710 Ruhnkenio
521 3662 677 3725 displicebat,
695 3665 720 3711 in
758 3676 806 3722 per·
816 3678 909 3711 remeses
919 3665 1033 3712 hibernos
1044 3666 1106 3713 cuni
1116 3664 1313 3718 MDCCGXXI

173 3741 328 3800 parenthesi,
355 3746 384 3788 ut
408 3740 440 3789 sit
464 3741 629 3802 exclamatio,
654 3741 720 3791 simi·
762 3768 793 3776 -
811 3741 1031 3792 MDcccxxn:
1061 3743 1093 3790 In
1116 3758 1147 3792 ea
1170 3744 1210 3791 vir
1235 3746 1313 3794 multi

173 3816 204 3864 lis
227 3818 356 3868 Romanum
382 3825 474 3883 turpe!
493 3821 584 3883 nefas!
614 3821 721 3871 Videtur
760 3819 842 3868 iudicii
859 3826 884 3868 et
901 3822 1025 3870 doetrinae
1042 3821 1136 3870 talibus
1153 3824 1311 3885 argumentis

172 3902 255 3945 autem
289 3898 516 3947 Hermesisnactcm
549 3907 607 3947 ante
636 3900 720 3948 oculos
760 3899 804 3946 hos
829 3913 914 3947 versus
940 3915 993 3950 esse
1014 3901 1110 3965 spurios
1126 3901 1254 3963 probarit,
1281 3911 1312 3953 ut

173 3974 289 4027 habuisse
313 3978 446 4038 Horatius,
471 3986 496 4027 et
520 3994 552 4027 cx
573 3978 669 4043 Cocyto
686 3982 720 4027 ri·
759 3978 821 4025 mihi
837 3977 911 4041 plane
928 3981 1085 4041 persuaserit.
1119 3981 1217 4030 Nsekio
1234 3981 1311 4031 etism

173 4058 245 4104 deute
263 4055 348 4105 fecisse
368 4059 477 4106 utentes
496 4056 609 4106 Ixionem
632 4064 656 4107 et
677 4058 720 4106 Ti·
760 4059 892 4106 assentitur
920 4058 1052 4121 Philippus
1082 4060 1253 4109 Buttmannus
1284 4063 1311 4110 in

173 4141 251 4195 tyum.
282 4134 389 4197 Spiritus
410 4136 478 4182 canu
499 4133 655 4200 τεθοωμένου
673 4145 720 4199 φω-
760 4137 910 4201 Mythologo
926 4138 985 4186 Vol.
1004 4139 1040 4188 11.
1057 4155 1114 4203 pag.
1131 4141 1189 4192 367.

173 4212 222 4269 viv
246 4213 273 4261 ἐν
294 4213 354 4276 πυρὶ
375 4215 455 4261 ardet.
491 4213 532 4263 Sic
555 4214 648 4277 Virgil.
669 4215 718 4263 III.
793 4219 904 4280 Impius,
930 4233 989 4266 νιαυι
1014 4221 1078 4280 quid
1097 4226 1202 4282 potuere
1218 4222 1310 4271 metue.

173 4289 267 4350 Georg.
276 4291 316 4338 85.
328 4291 359 4338 de
370 4304 444 4352 equo:
466 4294 548 4341 Voluit
559 4295 605 4342 sub
616 4296 721 4344 mribus
759 4296 861 4346 Auctor.
875 4296 968 4348 Culicis
985 4311 1020 4345 vs.
1041 4297 1095 4347 124.
1107 4300 1175 4348 iuter
1185 4315 1249 4363 ουαυ
1260 4303 1308 4351 im·
