2916 5220
608 302 781 364 LIBER
828 303 853 363 l.

382 485 449 549 Nec
473 507 589 549 saevus
614 486 701 570 ignis
725 509 783 550 nee
808 488 975 550 tremendu

428 589 554 673 Iupiter
576 590 646 673 ipse
669 612 766 653 ruens
792 589 946 653 tumultu

339 692 456 755 Fertur
478 693 701 772 Prometheus,
725 693 844 756 addere
862 697 1010 776 principi

176 821 235 866 Non
247 820 323 867 Liber
333 836 418 882 aque,
431 836 479 868 non
490 823 564 882 adyti
574 825 660 882 quatit

176 897 290 947 dlerttem
299 902 455 950 sacerdotum
467 902 548 948 moola
560 902 686 962 Pythiae,

209 979 268 1024 Nou
281 980 448 1041 Dindymene,
460 995 508 1026 aon
520 981 544 1026 ri
554 986 631 1027 arata

243 1057 405 1118 queminant
419 1059 574 1119 Corybantes
584 1073 655 1106 aera

158 1133 217 1180 Non
237 1135 351 1184 Bacchus
370 1138 406 1184 ita
421 1138 502 1199 quatit
519 1145 628 1185 mentem
645 1137 708 1184 Bae-

158 1213 281 1269 charum,
304 1228 354 1262 non
379 1202 475 1278 Apollo
499 1216 632 1264 sacerdotis
658 1215 709 1278 Py-

158 1290 240 1347 thiae,
264 1305 314 1339 non
333 1291 428 1356 Cybele
444 1293 630 1358 Corybantum,
655 1302 708 1340 tum

158 1384 239 1432 quum
256 1384 314 1418 aera
329 1386 375 1418 sna
390 1373 557 1434 ingeminant,
569 1374 631 1420 etin
643 1387 709 1419 sum·

158 1462 231 1495 mum
260 1448 369 1497 furorem
397 1460 527 1498 venerunt.
569 1451 711 1500 Meinekius

158 1528 303 1577 Bentleium
312 1531 432 1592 seqnitur,
440 1545 486 1579 nee
495 1531 582 1578 laudat
594 1533 617 1580 ei
625 1538 710 1592 acuta,

158 1607 220 1669 quia
235 1607 355 1655 Horatius
370 1610 395 1656 in
413 1609 511 1671 Lyricis
528 1609 711 1672 monosyllabas

159 1699 244 1744 voces,
267 1695 366 1748 praeter
390 1688 538 1749 pronomina
564 1694 588 1735 te
612 1695 636 1734 et
662 1705 710 1746 me,

159 1777 292 1825 nunquam
309 1765 381 1812 elisit.
409 1766 436 1814 Si
445 1781 533 1814 rerum
547 1773 596 1821 cst,
613 1773 637 1813 et
646 1766 710 1814 Mei-

158 1841 248 1889 nekiua
259 1844 312 1891 sine
320 1843 393 1891 dubia
401 1844 477 1906 probe
486 1843 633 1906 explorant,
644 1845 710 1906 quod

158 1921 236 1976 dixit,
252 1922 316 1969 nihil
333 1922 394 1970 mihi
411 1931 536 1984 superest,
553 1923 601 1970 uisi
613 1930 640 1969 nt
652 1923 709 1971 sim·

158 1999 256 2063 pliciter
273 2016 313 2049 me
330 2002 394 2050 illud
411 2017 461 2050 non
478 2004 599 2066 cogitasse
612 2001 698 2051 fatear.

196 2081 249 2127 Neo
264 2095 353 2128 anenno
368 2084 441 2143 iouia.
475 2082 562 2129 Burm.
577 2080 710 2144 accipiebat

158 2160 240 2220 toneia
262 2159 293 2206 de
313 2158 424 2207 fulmine.
459 2160 499 2208 De
519 2176 569 2223 qua
590 2175 617 2208 re
632 2169 709 2208 certa-

159 2244 214 2284 tum
236 2245 273 2286 est
292 2239 318 2285 in
341 2239 407 2287 Hist.
428 2239 500 2302 Reip.
522 2240 571 2288 Lit.
594 2240 624 2288 T.
647 2240 709 2288 VII.

158 2331 185 2378 p.
194 2317 234 2364 69.
251 2324 277 2365 et
293 2317 323 2366 Τ.
333 2318 367 2368 X.
385 2334 408 2380 p.
419 2319 476 2368 207.
490 2319 515 2365 in
529 2318 627 2381 quibus,
645 2319 709 2367 aliis-

728 830 731 835 ·
751 820 790 866 lae
807 820 838 866 ad
857 820 975 874 Pisones.
1000 821 1101 868 minime
1118 820 1227 866 amnium
1244 832 1299 865 con-

750 899 850 946 ceditur.
885 898 958 946 Tolle
983 899 1028 946 hos
1052 913 1151 952 tersus,
1176 898 1299 960 elegantia

750 977 865 1024 carminis
882 985 1002 1039 augetur.
1019 986 1043 1025 et
1061 977 1145 1024 omnia
1155 977 1248 1039 optime
1259 991 1297 1023 eu-

750 1055 858 1103 haerent.
885 1058 948 1104 Irae
968 1057 1092 1118 Thyestea
1104 1071 1162 1103 cum
1175 1056 1298 1117 grauiam

751 1135 870 1196 repetitur
885 1142 940 1196 post
957 1133 1002 1181 illa
1013 1137 1100 1183 aurea
1114 1141 1142 1182 ut
1155 1137 1215 1182 irae.
1233 1133 1299 1194 Quid

750 1212 781 1259 de
791 1213 844 1274 ipsa
855 1211 997 1260 Promethei
1008 1212 1096 1260 fabula
1106 1213 1226 1268 dicemus,
1235 1228 1300 1275 quac

751 1291 796 1338 tali
813 1292 886 1339 modo
903 1301 1002 1346 ornata,
1027 1307 1150 1354 nusquam
1176 1291 1235 1340 alibi
1260 1306 1299 1339 oc·

750 1373 849 1417 currat?
875 1370 903 1419 Si
919 1386 1005 1419 revera
1021 1371 1087 1433 apud
1099 1379 1212 1420 auctores
1223 1370 1299 1420 Grae·

750 1462 791 1495 cos
808 1450 951 1506 exstitisset,
969 1463 1018 1496 nou
1035 1449 1122 1496 dubito
1137 1449 1197 1511 quiu
1215 1449 1301 1511 aliqua

750 1529 848 1584 uotiua,
865 1529 905 1577 rel
921 1544 965 1592 per
981 1529 1077 1577 Horatii
1093 1529 1252 1584 scholiastes,
1268 1529 1300 1576 ad

751 1619 795 1652 nos
819 1608 975 1669 pervenisset.
1013 1609 1073 1656 Fuit
1097 1609 1233 1670 interpres,
1258 1609 1300 1671 qui

751 1682 898 1741 affirmaret,
919 1686 983 1734 hanc
1000 1686 1112 1734 fabulam
1130 1701 1182 1734 csse
1199 1687 1300 1748 elegans

750 1764 878 1811 inventum
902 1763 1034 1813 Stesichori
1057 1766 1082 1812 iu
1102 1765 1234 1814 Palinodia
1250 1766 1300 1814 He·

751 1840 821 1890 lenae
838 1843 914 1902 dicta,
930 1845 1005 1907 idque
1020 1853 1133 1894 constare
1149 1861 1181 1894 ex
1189 1845 1300 1908 Fulgen-

752 1920 779 1968 tii
794 1921 903 1982 Mythol.
920 1922 962 1971 lib.
988 1924 1038 1971 111.
1064 1938 1117 1985 cap.
1142 1925 1166 1974 7.
1201 1923 1250 1973 Sed
1275 1925 1299 1972 in

752 2007 802 2048 toto
818 2001 863 2048 illo
879 2003 1006 2065 Fulgentii
1023 2004 1103 2066 capita
1120 2019 1164 2052 nec
1182 2004 1240 2052 vola
1256 2019 1301 2053 uec

752 2082 881 2143 vestigium
903 2081 978 2130 huius
999 2084 1033 2132 rei
1051 2092 1161 2146 apparet.
1195 2085 1229 2132 Et
1245 2099 1299 2132 cru·

751 2159 795 2207 diti
817 2160 963 2224 interpretes
983 2163 1040 2226 plns
1061 2164 1200 2211 tribuerunt
1221 2162 1300 2210 imita·

752 2236 812 2285 tioni
842 2239 1010 2290 Stesichoreae
1039 2242 1197 2297 Paliuodiae,
1222 2256 1300 2303 quam

751 2331 857 2380 aequum
880 2328 924 2368 est.
959 2320 986 2369 Si
1012 2321 1068 2383 quis
1093 2320 1169 2370 verba
1193 2320 1301 2368 Acronis

158 2410 209 2457 que
225 2396 348 2445 similibus
368 2397 439 2445 libris
456 2399 526 2445 varia
542 2398 640 2446 Horatii
656 2399 711 2447 loca
750 2397 901 2455 consideret,
918 2399 938 2446 is
954 2399 1059 2455 ridebit,
1080 2399 1127 2447 hoc
1143 2405 1241 2447 tantum
1258 2413 1299 2446 vo·

158 2482 307 2533 tractantur,
317 2477 359 2525 sed
371 2477 407 2524 ita
419 2476 574 2540 plerumque,
583 2486 611 2525 ut
620 2494 708 2540 pamm
751 2474 825 2523 luisse
851 2476 1059 2526 Grammaticum:
1086 2479 1212 2526 Horatius
1238 2480 1300 2527 seri·

159 2556 218 2604 iude
243 2557 275 2604 ad
300 2572 371 2605 veras
395 2556 513 2606 lectiones
538 2564 562 2604 et
583 2557 708 2606 meliorem
748 2556 803 2615 psit
820 2557 884 2605 barm
904 2557 974 2605 Odere
990 2558 1018 2604 ia
1031 2556 1301 2620 ratusacaoneuaat-

159 2638 246 2697 poetae
262 2638 452 2700 intelligentiam
469 2637 601 2685 lucremur.
636 2638 672 2686 Ut
684 2637 708 2685 h.
751 2649 794 2684 cae
813 2650 887 2692 auae,
907 2652 984 2699 quara
1000 2638 1084 2686 iratas
1101 2637 1212 2685 earrrtine
1228 2638 1301 2685 laese

159 2714 178 2762 l.
196 2716 236 2764 vel
252 2717 333 2765 solum
350 2717 414 2765 illud
431 2718 485 2778 ipae
502 2717 606 2777 Iupiter
622 2716 710 2763 suadet
751 2720 807 2762 rat:
824 2716 943 2765 irruatur
955 2717 1125 2766 Stesichorum
1135 2717 1246 2780 potitam,
1258 2719 1302 2780 qui

160 2808 204 2850 ne,
237 2796 302 2858 qnod
328 2795 462 2853 antecedit,
491 2794 541 2842 huc
566 2795 708 2843 referamus.
751 2794 959 2856 uituperationeu
973 2797 1083 2844 scribam
1096 2798 1210 2846 Helenae
1221 2813 1301 2847 coeca·

161 2875 203 2921 Ne
226 2875 280 2935 ipae
303 2876 403 2936 quma
428 2875 530 2936 Iapriter
552 2881 589 2921 est
610 2875 709 2921 initium
751 2877 792 2920 tar
816 2879 870 2933 est,
890 2879 914 2922 et
933 2880 1035 2937 postea,
1053 2878 1152 2925 laudem
1172 2877 1225 2926 eiua
1241 2882 1301 2927 aori·

160 2965 240 2998 novae
261 2953 403 3001 sententiae.
438 2943 613 3000 Buimannum
635 2953 709 3000 etiam
751 2953 816 3008 beia,
824 2954 952 3002 acutorum
960 2955 1105 3016 adapertum
1113 2957 1214 3018 recepit.
1232 2956 1301 3006 Haec

160 3029 253 3077 refutat
274 3028 430 3092 Oudendorp.
452 3029 560 3078 referens
580 3032 661 3092 iqnem
678 3033 710 3078 ad
750 3035 808 3074 suut
825 3029 878 3091 ipsa
895 3029 945 3078 fere
961 3032 1069 3080 Acronis
1083 3033 1165 3082 verba.
1191 3034 1301 3082 Imitatio

160 3114 286 3156 tormenta
301 3114 326 3156 et
342 3110 473 3157 cruciatus.
507 3110 646 3167 Eoiudice,
659 3111 710 3159 Ho-
751 3106 828 3168 igitur
849 3116 897 3166 est,
923 3111 1001 3172 quod,
1027 3118 1054 3158 ut
1077 3107 1301 3171 Stesichorus,‘sie

161 3186 239 3233 ratius
268 3193 322 3234 tum
351 3189 432 3250 potius
458 3188 603 3251 scripsissit:
632 3192 710 3239 Saeuo
751 3185 869 3234 Horatius
891 3188 987 3249 scripsit
1012 3189 1183 3249 Palinodiam,
1208 3199 1232 3238 et
1257 3209 1298 3255 op·

160 3280 205 3313 raa
222 3267 282 3328 ipat.
749 3268 853 3327 probriu
882 3269 1031 3316 recantavit.
1078 3268 1171 3318 Po‘ctae
1201 3270 1300 3332 quidem

195 3346 292 3392 Fertur
310 3347 474 3395 Prometheus
490 3347 580 3396 addere
589 3348 709 3410 principi.
751 3361 805 3394 eam
823 3347 870 3393 sibi
886 3362 996 3396 sumsere
1012 3347 1150 3406 licentiam,
1172 3357 1200 3397 ut
1221 3350 1248 3398 in
1267 3351 1299 3398 fu·

161 3421 320 3471 Parenthesis
336 3424 470 3486 quaedam,
486 3439 551 3488 quae
561 3425 710 3474 concitatum
752 3425 816 3473 bulis
837 3425 960 3474 nonnulla
979 3433 1076 3475 mutata
1096 3428 1128 3475 ad
1148 3443 1222 3476 suum
1244 3442 1300 3479 cou-

161 3501 238 3548 totius
258 3503 372 3550 carminis
393 3517 494 3551 cursum
515 3503 615 3567 ingrato
634 3504 709 3565 impe·
751 3504 832 3552 silium
850 3505 1100 3565 accommodaverim,
1117 3507 1159 3554 sed
1170 3507 1196 3554 hi
1207 3513 1300 3555 veteres¹

161 3580 415 3644 dimentcabrumpit.
440 3583 564 3645 Equidem
575 3582 710 3629 Horatium
752 3583 854 3642 Graeci,
875 3599 924 3633 nou
950 3584 1064 3634 Romani.
1098 3586 1158 3648 Ipsa
1183 3586 1243 3634 haec
1269 3589 1299 3636 de

161 3674 212 3708 non
230 3675 336 3724 agnosco
352 3662 401 3710 nisi
416 3663 442 3710 in
459 3662 509 3710 illis
520 3662 612 3725 ingenii
624 3676 710 3709 mouu—
752 3661 914 3721 Prometheo,
935 3664 1060 3714 homiuem
1077 3664 1198 3728 tingente,
1215 3664 1301 3715 fabula

161 3739 265 3800 mentis,
281 3755 344 3802 quae
360 3748 413 3788 tam
424 3749 482 3803 apta
491 3746 517 3788 et
527 3740 634 3788 rotunda
644 3749 711 3796 suut,
752 3740 819 3788 varie
840 3756 855 3789 a
872 3741 944 3789 variis
965 3743 1082 3803 traditur;
1105 3758 1169 3806 quae
1186 3759 1245 3792 vero
1262 3745 1301 3792 hic

161 3827 189 3867 ut
206 3818 271 3867 nihil
281 3819 379 3867 demere
389 3820 479 3882 possis,
490 3819 551 3882 quin
561 3819 711 3882 elegantiam
752 3818 870 3880 legimus,
896 3820 975 3882 magis
997 3821 1096 3883 sapiunt
1116 3821 1244 3883 ingenium
1266 3822 1300 3869 fu·

160 3899 269 3946 minuas.
304 3896 377 3958 Quod
399 3898 425 3946 in
442 3898 518 3961 longo
534 3912 607 3960 opere
623 3911 709 3946 conce·
752 3897 868 3946 bularum
889 3900 1072 3962 Aesopearum,
1101 3914 1161 3962 quas
1182 3900 1226 3947 diu
1247 3907 1302 3962 post

161 3978 242 4034 ditur,
264 3982 293 4023 ut
313 3977 385 4038 poeta
408 3977 535 4024 interdum
560 3976 710 4037 obdormiat,
753 3977 898 4025 Phaedrum
923 3977 997 4039 lepidi
1017 3976 1138 4026 ‘homines
1168 3978 1300 4026 tinxerunt.

161 4056 209 4104 hoc
229 4056 253 4104 ei
274 4069 324 4103 uon
341 4056 482 4103 conceditur
498 4056 524 4103 in
541 4055 711 4114 Carminibus,
753 4055 810 4118 lpse
830 4055 959 4103 Phaedrus
981 4055 1024 4103 lib.
1045 4055 1092 4104 IV.
1115 4055 1163 4104 fab.
1188 4057 1225 4105 14.
1251 4056 1301 4104 ium

162 4135 194 4182 ad
219 4148 283 4197 quae
308 4135 477 4196 componenda
501 4134 588 4197 spiritu
613 4148 709 4196 semper
754 4147 813 4181 usus
824 4139 861 4181 est
871 4147 975 4196 persona
986 4134 1299 4198 Promethei,quamquam

162 4213 256 4261 recenti
272 4211 370 4260 afflatus
386 4213 495 4275 rapitur,
515 4227 561 4261 nec
580 4213 661 4262 taedio
678 4211 712 4259 fa·
754 4227 785 4262 ne
805 4212 852 4259 hoc
872 4211 971 4274 quidem
996 4213 1047 4262 sine
1073 4214 1199 4277 example,
1222 4222 1250 4262 ut
1268 4217 1301 4264 vi·

161 4290 269 4352 rigatur,
288 4296 362 4352 atque
379 4290 494 4348 Horatio,
512 4292 605 4339 auctori
616 4292 712 4354 Epistc·
755 4292 834 4340 detur.
861 4290 888 4343 Si
905 4291 1013 4354 denique
1025 4294 1136 4356 singulas
1147 4294 1237 4342 horum
1250 4311 1301 4344 ver·

1149 4378 1166 4438 5
