2916 5220
565 271 882 337 CARMINUM

382 465 625 550 Fulgentcsque
650 467 739 528 tenet
764 459 939 544 Cycladas,
964 466 998 522 et
1025 457 1164 542 Paphon

337 566 463 631 Iunci-is
487 566 566 631 visit
589 565 751 630 oloribus:

383 670 518 734 Dicetur
541 669 660 734 merita
682 668 758 732 Nox
782 686 909 752 quoque
933 663 1059 728 naenia.

647 824 802 849 -QOJ-

522 940 766 1007 oARMEN
812 939 942 1004 XXIX.

338 1083 511 1181 ''yrrhena
533 1118 648 1181 regum
671 1094 863 1180 progenies,
888 1094 951 1159 tibi

336 1199 412 1263 Non
436 1205 512 1265 ante
535 1220 627 1264 verso
650 1199 723 1263 lenc
746 1220 872 1263 merum
897 1197 977 1262 cado

383 1303 466 1368 Cum
490 1302 588 1384 flore,
614 1302 802 1385 Maecenas,
827 1323 973 1366 rosarum
998 1305 1031 1364 et

430 1406 547 1470 Pressa
571 1405 637 1470 tuis
660 1404 799 1469 balanus
825 1403 953 1489 capillis
1202 1468 1204 1472 .

337 1509 534 1575 Iamdudum
559 1508 646 1594 apud
670 1530 723 1573 me
746 1513 805 1573 esi.
855 1507 954 1592 Eripe
977 1511 1010 1571 te
1033 1526 1162 1570 morae:

336 1613 387 1677 Ne
411 1635 538 1698 semper
560 1613 663 1677 udum
686 1611 785 1676 Tibur
808 1617 841 1676 et
864 1609 1006 1676 Aesulae
1200 1613 1201 1616 ’

297 1765 449 1815 CARMEN
468 1766 572 1815 XXIX·
748 1739 810 1787 urbe
822 1738 947 1788 manebat.
980 1738 1048 1785 Eum
1062 1736 1094 1784 ad
1107 1749 1135 1783 se
1146 1734 1240 1782 invitat
1250 1732 1300 1782 Ho

747 1819 838 1878 ratius,
860 1825 885 1867 et
904 1824 977 1881 roget
994 1833 1025 1865 us
1041 1830 1140 1877 semper
1156 1815 1300 1874 contemplo

191 1860 247 1946 N
241 1912 273 1944 ort
293 1901 353 1943 oute
372 1910 440 1944 remo
457 1897 510 1944 lene
527 1912 622 1945 merum
638 1899 706 1946 codo.
748 1903 792 1945 tur
813 1900 900 1946 Tibur.
933 1897 990 1946 Hoc
1009 1896 1045 1943 ita
1061 1892 1222 1957 interpretari
1238 1891 1301 1954 cogi-

158 1975 188 2022 L.
207 1974 340 2024 Santonius
358 1976 389 2022 ad
407 1975 507 2023 Terent.
519 1975 638 2022 Maurum
649 1990 706 2037 pag.
747 1991 815 2025 mur:
833 1977 890 2027 “Ne
907 1991 1003 2040 semper
1022 1974 1118 2023 habites
1136 1973 1162 2020 in
1180 1970 1302 2019 altissima

157 2054 214 2102 239.
235 2054 420 2103 rescribendum
440 2053 481 2102 hic
501 2059 573 2117 putet
592 2057 643 2102 iere
661 2070 707 2102 me·
748 2062 792 2103 tua
816 2056 891 2113 turri,
916 2056 983 2104 unde
1008 2058 1153 2117 prospectus
1173 2050 1201 2098 in
1224 2050 1303 2099 Tibur

157 2149 221 2181 rum.
256 2133 337 2183 Credo
362 2132 409 2181 hoc
430 2147 482 2183 esse
503 2132 634 2181 discrimen
655 2132 707 2179 vini
747 2135 839 2197 patet.”
872 2134 912 2183 Ne
932 2134 1024 2191 dicam,
1045 2145 1122 2195 quem
1140 2135 1257 2178 contorta
1272 2131 1303 2178 sit

157 2213 220 2260 leuis
240 2218 265 2260 et
282 2214 356 2273 ienis,
377 2219 405 2259 ut
428 2215 481 2262 leue
497 2211 531 2259 sit
547 2225 619 2259 omne
636 2217 706 2259 vctu·
747 2214 886 2263 istiusmodi
907 2212 1092 2274 interpretatio,
1117 2208 1228 2259 verbum
1249 2223 1303 2256 core-

157 2298 240 2348 stum,
267 2294 318 2341 lere
342 2306 386 2340 seu
411 2291 528 2348 ἐλαιῶδες
554 2290 629 2339 etiam
654 2304 706 2337 esse
749 2296 866 2354 temptari
876 2299 1000 2350 vetat,ne
1010 2291 1046 2338 ita
1057 2289 1219 2351 accipiamus.
1237 2288 1304 2336 Nam

157 2371 233 2433 possit
249 2373 335 2420 vinum
353 2371 557 2420 recentissimum.
584 2368 612 2418 Si
628 2368 706 2431 igitur
747 2373 768 2420 si
785 2372 917 2420 Maecenas
935 2370 1016 2418 Roma
1032 2368 1062 2416 de
1078 2368 1145 2415 turri
1159 2369 1304 2430 prospicere

155 2449 243 2496 vinum
255 2457 380 2499 vetustum
390 2450 537 2506 indicamus,
548 2463 644 2511 semper
653 2452 707 2497 iere
747 2457 844 2513 poterat
862 2449 955 2506 Tibur,
982 2447 1147 2508 contemplari
1168 2452 1237 2494 certe
1254 2458 1303 2492 non

156 2527 357 2589 praeferendum:
378 2529 425 2577 hoc
446 2543 542 2591 quoque
561 2542 593 2576 cx
610 2527 705 2590 opposi-
747 2536 851 2592 poterat.
885 2526 1094 2588 Contemplemur
1115 2523 1213 2586 aliquid
1235 2537 1303 2587 prae·

156 2608 186 2654 tis
204 2615 312 2671 apparet.
346 2609 413 2657 Nam
435 2607 559 2656 contraria
579 2613 637 2654 sunt
654 2609 707 2654 leue
748 2615 828 2658 sentes
849 2605 889 2655 vel
907 2619 956 2653 non
972 2604 1073 2666 longius
1095 2603 1197 2662 remoti,
1221 2603 1259 2650 ita
1275 2608 1303 2649 ut

156 2691 181 2734 ct
205 2702 339 2748 asperum,
365 2690 417 2736 leue
441 2694 466 2736 et
487 2693 566 2736 tenue.
600 2685 706 2746 Quando
748 2687 861 2749 singulas
881 2698 920 2734 res
943 2683 1001 2731 visu
1019 2687 1211 2744 cognoscereet
1228 2681 1304 2743 probe

156 2779 275 2826 asperum
290 2772 315 2813 ct
332 2768 382 2815 leue
399 2771 570 2828 opponuntur,
590 2767 641 2814 leue
657 2778 706 2812 non
748 2765 902 2827 distinguere
935 2762 1063 2826 possimus.
1104 2760 1173 2821 Quid
1201 2760 1303 2809 multa?

157 2842 188 2889 ad
205 2857 329 2904 saporem,
352 2844 395 2891 sed
412 2858 453 2900 es,
476 2857 539 2905 quac
559 2857 636 2889 manu
652 2849 706 2889 tan·
748 2844 868 2891 Horatius
886 2842 994 2905 scripsit:
1012 2841 1095 2903 Eripe
1108 2845 1132 2888 te
1145 2855 1245 2899 usurae,
1267 2841 1305 2887 Ut

157 2920 251 2982 gimus‚
277 2919 389 2970 refertur.
427 2922 495 2968 Lem
519 2934 615 2969 merum
640 2920 706 2968 idern
748 2938 845 2985 semper
870 2923 949 2970 udum
973 2921 1056 2968 Tibur
1075 2925 1101 2968 et
1121 2921 1231 2968 Aesuioe
1255 2920 1304 2967 De·

156 3005 193 3047 est
209 3000 276 3062 quod
293 2998 344 3046 III.
362 2998 445 3048 Carm.
456 2999 496 3047 21.
514 3001 661 3062 leopoldum
672 3000 707 3047 di·
749 3004 812 3051 elice
831 3002 1003 3061 contempleris
1020 3014 1109 3047 ervum
1134 3003 1159 3045 et
1189 2997 1305 3059 Telepoui

156 3078 232 3138 citur,
255 3078 287 3126 ab
308 3078 363 3126 aliis
384 3080 532 3128 rrrurcidum.
566 3078 625 3127 Vid.
643 3079 705 3127 Bur·
749 3082 808 3143 iupa
820 3081 971 3143 parricidae.
998 3079 1091 3142 “Eripe
1108 3083 1133 3126 tc
1148 3090 1248 3133 moras,
1264 3090 1305 3123 ur·

157 3175 241 3207 mann.
259 3161 291 3207 ad
308 3159 438 3210 Claudian.
455 3159 476 3208 Ι.
494 3160 600 3222 Eutrop.
612 3160 665 3209 110.
684 3167 708 3209 et
750 3159 807 3207 bern
822 3159 934 3221 relinque
949 3164 974 3208 et
988 3157 1157 3220 contemplere
1169 3155 1304 3219 aliquando

156 3239 290 3288 Ruhnken.
313 3240 344 3286 ad
361 3239 440 3287 Rutil.
458 3239 558 3301 Lupum
575 3254 633 3302 pag.
653 3240 706 3288 102.
751 3237 843 3296 Tibur,
861 3239 966 3287 declivia
982 3237 1094 3286 Aesulac
1112 3250 1172 3284 arva
1185 3241 1211 3283 et
1226 3234 1304 3282 coiles

158 3317 273 3365 Plurima
298 3318 353 3366 loca
377 3335 392 3366 a
414 3318 534 3368 Santenio
554 3319 660 3366 collecta
681 3318 708 3366 in
750 3316 919 3377 Tusculanos,
939 3317 995 3365 loca
1016 3315 1201 3371 amoenissima,
1221 3314 1305 3361 ricius

158 3396 214 3444 aliis
234 3396 311 3446 MSS.
333 3397 406 3446 aliter
426 3398 562 3459 leguntur:
580 3396 708 3447 Ciceronis
750 3396 825 3444 villae
849 3411 920 3446 mess
944 3395 1114 3444 Tiburtinae.''
1153 3395 1254 3457 Iunge:
1277 3400 1305 3441 ut

158 3482 240 3524 autem
258 3475 292 3524 V.
309 3476 414 3524 Tuscul.
432 3476 533 3537 Quaest.
551 3479 575 3524 5.
596 3478 656 3525 uiua
673 3480 707 3526 le·
750 3476 922 3539 contempleris
939 3475 1020 3524 Tibur
1035 3490 1132 3536 semper
1148 3477 1236 3522 udum.
1255 3472 1305 3521 Po·

158 3555 214 3610 rio,
238 3568 287 3601 non
305 3560 364 3601 sunt
380 3554 447 3612 λεῖα,
471 3555 513 3602 scd
534 3557 631 3613 tenuia,
656 3556 708 3619 qui·
750 3555 830 3602 maria
847 3555 947 3603 Tiburis
965 3556 1015 3603 uda
1032 3554 1163 3601 mobilibus
1175 3552 1305 3600 rioislau·

159 3631 205 3680 bus
222 3647 312 3696 aquam
330 3633 420 3682 addere
435 3647 485 3680 non
502 3648 563 3696 opus
578 3641 627 3683 est:
645 3641 709 3683 tom·
751 3634 818 3681 davit
840 3633 962 3681 Horatius
983 3633 1005 3681 1.
1031 3631 1116 3681 carm.
1133 3632 1157 3682 7.
1182 3637 1307 3693 stupeas

159 3728 235 3775 quum
252 3713 313 3760 ieris
330 3713 452 3774 quaedum
469 3713 528 3760 virtu
544 3714 608 3760 nibil
625 3715 710 3762 volem
751 3729 815 3776 quoe
844 3714 924 3760 Tibur
948 3712 1040 3774 fertile
1062 3710 1230 3772 praefluunt,
1255 3709 1306 3758 IV.

159 3793 186 3839 in
204 3805 285 3853 aquo,
300 3791 337 3838 sic
352 3790 491 3839 Stoicorum
508 3792 558 3838 uta
574 3793 708 3854 mopispu·
751 3792 835 3842 Carm.
853 3793 877 3840 3.
911 3791 983 3842 Ovid.
1002 3789 1050 3839 IV.
1067 3789 1189 3840 sister.
1208 3790 1307 3837 moenio

159 3876 231 3918 stuta
247 3885 323 3932 quoin
337 3874 429 3930 potatu
447 3871 579 3919 deiectum.
754 3873 858 3920 Tiburis
874 3872 928 3919 udi.
960 3867 1118 3918 Adverbium
1138 3881 1237 3928 semiper
1253 3880 1307 3915 sae·

194 3949 234 3997 Ne
255 3964 350 4010 semper
371 3950 448 3997 udum
469 3950 555 3997 Tibur.
589 3947 711 4005 Romani,
751 3950 848 4012 pissime
860 3963 918 3997 curn
930 3947 1054 3996 adiectivis
1066 3944 1235 4007 coniungitur.
1253 3945 1307 3994 Lu-

161 4029 204 4091 qui
220 4034 330 4091 possent,
353 4035 445 4077 aestate
464 4028 551 4076 urbem
568 4026 707 4089 relinquen·
751 4028 845 4076 creti.
859 4030 913 4077 125.
941 4030 1044 4089 Semper
1054 4027 1176 4088 florentis
1190 4027 1305 4073 Homeri.

162 4115 211 4166 tos,
236 4123 278 4155 rus
303 4109 378 4157 ibant.
414 4109 559 4156 Discessum
582 4109 709 4155 homiuum
750 4105 838 4154 Livius
867 4107 893 4154 in
918 4105 1092 4154 Praefatione:
1120 4106 1187 4152 Noui
1209 4119 1307 4166 semper

161 4189 193 4234 ob
214 4190 275 4237 urbe
293 4193 365 4234 vocat
384 4187 471 4235 Livius
489 4186 538 4234 IV.
556 4187 578 4234 4.
612 4185 709 4234 Maece·
751 4187 894 4247 scriptores.
928 4185 998 4234 Idem
1026 4185 1055 4232 fit
1081 4185 1107 4231 iu
1133 4183 1230 4233 Graeco
1256 4181 1305 4231 ἀεί.

162 4280 206 4312 nas
224 4272 318 4322 tamen,
336 4264 391 4312 aliis
408 4264 522 4311 omnibus
538 4264 666 4327 profectis,
683 4264 708 4311 in
752 4262 833 4311 [ioum
852 4263 961 4312 adverbii
977 4278 1072 4325 semper
1089 4262 1139 4309 ism
1151 4261 1209 4310 inde
1221 4276 1237 4308 a
1247 4260 1305 4310 Sca-
