<?xml version="1.0" encoding="UTF-8"?>
<!DOCTYPE html PUBLIC "-//W3C//DTD XHTML 1.0 Transitional//EN"
    "http://www.w3.org/TR/xhtml1/DTD/xhtml1-transitional.dtd">
<html xmlns="http://www.w3.org/1999/xhtml" xml:lang="en" lang="en">
 <head>
  <title>
</title>
<meta http-equiv="Content-Type" content="text/html;charset=utf-8" />
  <meta name='ocr-system' content='tesseract 3.04.00' />
  <meta name='ocr-capabilities' content='ocr_page ocr_carea ocr_par ocr_line ocrx_word'/>
</head>
<body>
  <div class='ocr_page' id='page_1' title='image "./qhoratiiflaccic00horagoog_0044.png"; bbox 0 0 2916 5220; ppageno 0'>
   <div class='ocr_carea' id='block_1_1' title="bbox 715 321 1302 362">
    <p class='ocr_par' dir='ltr' id='par_1_1' title="bbox 715 321 1302 362">
     <span class='ocr_line' id='line_1_1' title="bbox 715 321 1302 362; baseline 0.003 -3"><span class='ocrx_word' id='word_1_1' title='bbox 715 335 753 341; x_wconf 80' lang='grc'>-·’</span> <span class='ocrx_word' id='word_1_2' title='bbox 1208 321 1302 362; x_wconf 74' lang='lat' dir='ltr'>xxvii</span> 
     </span>
    </p>
   </div>
   <div class='ocr_carea' id='block_1_2' title="bbox 121 478 1302 3588">
    <p class='ocr_par' dir='ltr' id='par_1_2' title="bbox 121 478 1302 3020">
     <span class='ocr_line' id='line_1_2' title="bbox 164 478 1302 557; baseline 0.004 -21"><span class='ocrx_word' id='word_1_3' title='bbox 164 480 268 536; x_wconf 83' lang='lat' dir='ltr'>oculos</span> <span class='ocrx_word' id='word_1_4' title='bbox 289 478 402 556; x_wconf 82' lang='lat' dir='ltr'><strong>Alphei</strong></span> <span class='ocrx_word' id='word_1_5' title='bbox 422 480 550 538; x_wconf 87' lang='lat' dir='ltr'>alieuius</span> <span class='ocrx_word' id='word_1_6' title='bbox 570 479 696 537; x_wconf 89' lang='lat' dir='ltr'>mentito</span> <span class='ocrx_word' id='word_1_7' title='bbox 717 480 877 555; x_wconf 81' lang='lat' dir='ltr'>splendore</span> <span class='ocrx_word' id='word_1_8' title='bbox 898 482 1137 557; x_wconf 88' lang='lat' dir='ltr'>praestringunt,</span> <span class='ocrx_word' id='word_1_9' title='bbox 1155 501 1252 556; x_wconf 87' lang='lat' dir='ltr'>neque</span> <span class='ocrx_word' id='word_1_10' title='bbox 1276 485 1302 541; x_wconf 89' lang='lat' dir='ltr'>is</span> 
     </span>
     <span class='ocr_line' id='line_1_3' title="bbox 164 574 1299 652; baseline 0.003 -22"><span class='ocrx_word' id='word_1_11' title='bbox 164 575 195 630; x_wconf 93' lang='lat' dir='ltr'>in</span> <span class='ocrx_word' id='word_1_12' title='bbox 224 574 325 648; x_wconf 68' lang='lat' dir='ltr'>&#39;Lydio</span> <span class='ocrx_word' id='word_1_13' title='bbox 357 576 485 649; x_wconf 89' lang='lat' dir='ltr'>probare</span> <span class='ocrx_word' id='word_1_14' title='bbox 511 576 612 649; x_wconf 89' lang='lat' dir='ltr'>lapide</span> <span class='ocrx_word' id='word_1_15' title='bbox 638 584 692 632; x_wconf 92' lang='lat' dir='ltr'>aut</span> <span class='ocrx_word' id='word_1_16' title='bbox 717 593 822 632; x_wconf 90' lang='lat' dir='ltr'>sonum</span> <span class='ocrx_word' id='word_1_17' title='bbox 852 575 976 633; x_wconf 88' lang='lat' dir='ltr'>auribus</span> <span class='ocrx_word' id='word_1_18' title='bbox 1008 579 1141 652; x_wconf 85' lang='lat' dir='ltr'>experiri</span> <span class='ocrx_word' id='word_1_19' title='bbox 1178 579 1299 652; x_wconf 84' lang='lat' dir='ltr'>cogitat.</span> 
     </span>
     <span class='ocr_line' id='line_1_4' title="bbox 163 669 1301 741; baseline 0.003 -15"><span class='ocrx_word' id='word_1_20' title='bbox 163 669 255 726; x_wconf 89' lang='lat' dir='ltr'>Nune</span> <span class='ocrx_word' id='word_1_21' title='bbox 276 686 397 724; x_wconf 89' lang='lat' dir='ltr'>carmen</span> <span class='ocrx_word' id='word_1_22' title='bbox 418 688 517 726; x_wconf 90' lang='lat' dir='ltr'>mcum</span> <span class='ocrx_word' id='word_1_23' title='bbox 538 677 598 727; x_wconf 89' lang='lat' dir='ltr'>stat</span> <span class='ocrx_word' id='word_1_24' title='bbox 618 670 714 727; x_wconf 91' lang='lat' dir='ltr'>solum</span> <span class='ocrx_word' id='word_1_25' title='bbox 735 678 766 725; x_wconf 92' lang='lat' dir='ltr'>et</span> <span class='ocrx_word' id='word_1_26' title='bbox 781 671 908 741; x_wconf 91' lang='lat' dir='ltr'>nudum,</span> <span class='ocrx_word' id='word_1_27' title='bbox 931 680 962 728; x_wconf 92' lang='lat' dir='ltr'>et</span> <span class='ocrx_word' id='word_1_28' title='bbox 974 691 1035 728; x_wconf 92' lang='lat' dir='ltr'>una</span> <span class='ocrx_word' id='word_1_29' title='bbox 1051 674 1157 730; x_wconf 81' lang='lat' dir='ltr'><strong>turbae</strong></span> <span class='ocrx_word' id='word_1_30' title='bbox 1173 673 1301 730; x_wconf 89' lang='lat' dir='ltr'>claman-</span> 
     </span>
     <span class='ocr_line' id='line_1_5' title="bbox 163 761 1300 839; baseline 0.005 -21"><span class='ocrx_word' id='word_1_31' title='bbox 163 764 203 819; x_wconf 85' lang='lat' dir='ltr'>tis</span> <span class='ocrx_word' id='word_1_32' title='bbox 224 781 285 818; x_wconf 85' lang='lat' dir='ltr'>vox</span> <span class='ocrx_word' id='word_1_33' title='bbox 305 771 368 832; x_wconf 91' lang='lat' dir='ltr'>est,</span> <span class='ocrx_word' id='word_1_34' title='bbox 385 761 535 838; x_wconf 61' lang='lat' dir='ltr'>metenda</span> <span class='ocrx_word' id='word_1_35' title='bbox 549 764 665 839; x_wconf 86' lang='lat' dir='ltr'>farem.</span> <span class='ocrx_word' id='word_1_36' title='bbox 708 762 740 822; x_wconf 90' lang='lat' dir='ltr'>Si</span> <span class='ocrx_word' id='word_1_37' title='bbox 768 765 870 838; x_wconf 92' lang='lat' dir='ltr'>itaque</span> <span class='ocrx_word' id='word_1_38' title='bbox 892 766 1081 824; x_wconf 79' lang='lat' dir='ltr'><strong>ostenderem</strong></span> <span class='ocrx_word' id='word_1_39' title='bbox 1102 769 1158 824; x_wconf 90' lang='lat' dir='ltr'>hoo</span> <span class='ocrx_word' id='word_1_40' title='bbox 1180 787 1300 826; x_wconf 86' lang='lat' dir='ltr'>carmen</span> 
     </span>
     <span class='ocr_line' id='line_1_6' title="bbox 163 857 1302 934; baseline 0.004 -21"><span class='ocrx_word' id='word_1_41' title='bbox 163 876 229 914; x_wconf 87' lang='lat' dir='ltr'>esse</span> <span class='ocrx_word' id='word_1_42' title='bbox 251 857 400 932; x_wconf 89' lang='lat' dir='ltr'>spurium,</span> <span class='ocrx_word' id='word_1_43' title='bbox 426 876 490 914; x_wconf 91' lang='lat' dir='ltr'>rem</span> <span class='ocrx_word' id='word_1_44' title='bbox 511 858 600 933; x_wconf 88' lang='lat' dir='ltr'>plane</span> <span class='ocrx_word' id='word_1_45' title='bbox 622 876 839 933; x_wconf 88' lang='lat' dir='ltr'>supervacuam</span> <span class='ocrx_word' id='word_1_46' title='bbox 861 879 994 934; x_wconf 79' lang='lat' dir='ltr'>agerem,</span> <span class='ocrx_word' id='word_1_47' title='bbox 1018 863 1088 934; x_wconf 89' lang='lat' dir='ltr'>quia</span> <span class='ocrx_word' id='word_1_48' title='bbox 1109 881 1196 920; x_wconf 91' lang='lat' dir='ltr'>nemo</span> <span class='ocrx_word' id='word_1_49' title='bbox 1217 863 1302 920; x_wconf 92' lang='lat' dir='ltr'>dnbi-</span> 
     </span>
     <span class='ocr_line' id='line_1_7' title="bbox 127 951 1299 1033; baseline 0.003 -23"><span class='ocrx_word' id='word_1_50' title='bbox 127 1028 130 1033; x_wconf 18' lang='lat'>.</span> <span class='ocrx_word' id='word_1_51' title='bbox 163 962 218 1010; x_wconf 89' lang='lat' dir='ltr'>tat.</span> <span class='ocrx_word' id='word_1_52' title='bbox 261 951 351 1026; x_wconf 80' lang='lat' dir='ltr'>Quod</span> <span class='ocrx_word' id='word_1_53' title='bbox 371 960 473 1008; x_wconf 90' lang='lat' dir='ltr'>autem</span> <span class='ocrx_word' id='word_1_54' title='bbox 493 953 524 1008; x_wconf 94' lang='lat' dir='ltr'>in</span> <span class='ocrx_word' id='word_1_55' title='bbox 546 953 613 1009; x_wconf 88' lang='lat' dir='ltr'>aliis</span> <span class='ocrx_word' id='word_1_56' title='bbox 634 953 816 1010; x_wconf 77' lang='lat' dir='ltr'>carminibus</span> <span class='ocrx_word' id='word_1_57' title='bbox 838 961 868 1009; x_wconf 91' lang='lat' dir='ltr'>et</span> <span class='ocrx_word' id='word_1_58' title='bbox 890 955 1042 1027; x_wconf 90' lang='lat' dir='ltr'>versibus,</span> <span class='ocrx_word' id='word_1_59' title='bbox 1059 957 1188 1015; x_wconf 89' lang='lat' dir='ltr'>Horatio</span> <span class='ocrx_word' id='word_1_60' title='bbox 1203 975 1299 1031; x_wconf 91' lang='lat' dir='ltr'>aeque</span> 
     </span>
     <span class='ocr_line' id='line_1_8' title="bbox 162 1047 1299 1122; baseline 0.005 -18"><span class='ocrx_word' id='word_1_61' title='bbox 162 1048 310 1122; x_wconf 83' lang='lat' dir='ltr'>indignis,</span> <span class='ocrx_word' id='word_1_62' title='bbox 332 1047 405 1118; x_wconf 82' lang='lat' dir='ltr'>feci,</span> <span class='ocrx_word' id='word_1_63' title='bbox 427 1047 485 1103; x_wconf 88' lang='lat' dir='ltr'>hoc</span> <span class='ocrx_word' id='word_1_64' title='bbox 505 1047 593 1104; x_wconf 93' lang='lat' dir='ltr'>multi</span> <span class='ocrx_word' id='word_1_65' title='bbox 613 1048 715 1121; x_wconf 89' lang='lat' dir='ltr'>inique</span> <span class='ocrx_word' id='word_1_66' title='bbox 737 1048 849 1120; x_wconf 88' lang='lat' dir='ltr'>ferent,</span> <span class='ocrx_word' id='word_1_67' title='bbox 873 1058 903 1106; x_wconf 91' lang='lat' dir='ltr'>et</span> <span class='ocrx_word' id='word_1_68' title='bbox 924 1069 969 1106; x_wconf 92' lang='lat' dir='ltr'>me</span> <span class='ocrx_word' id='word_1_69' title='bbox 985 1052 1049 1108; x_wconf 91' lang='lat' dir='ltr'>sine</span> <span class='ocrx_word' id='word_1_70' title='bbox 1064 1052 1153 1109; x_wconf 92' lang='lat' dir='ltr'>modo</span> <span class='ocrx_word' id='word_1_71' title='bbox 1168 1071 1203 1110; x_wconf 91' lang='lat' dir='ltr'>ac</span> <span class='ocrx_word' id='word_1_72' title='bbox 1218 1071 1299 1110; x_wconf 91' lang='lat' dir='ltr'>more</span> 
     </span>
     <span class='ocr_line' id='line_1_9' title="bbox 162 1143 1299 1221; baseline 0.004 -23"><span class='ocrx_word' id='word_1_73' title='bbox 162 1143 194 1198; x_wconf 92' lang='lat' dir='ltr'>in</span> <span class='ocrx_word' id='word_1_74' title='bbox 228 1148 318 1216; x_wconf 76' lang='lat' dir='ltr'>poeta</span> <span class='ocrx_word' id='word_1_75' title='bbox 349 1143 505 1199; x_wconf 89' lang='lat' dir='ltr'>Venusino</span> <span class='ocrx_word' id='word_1_76' title='bbox 538 1161 602 1199; x_wconf 89' lang='lat' dir='ltr'>esse</span> <span class='ocrx_word' id='word_1_77' title='bbox 635 1151 816 1216; x_wconf 89' lang='lat' dir='ltr'>grassatum,</span> <span class='ocrx_word' id='word_1_78' title='bbox 851 1153 881 1200; x_wconf 92' lang='lat' dir='ltr'>et</span> <span class='ocrx_word' id='word_1_79' title='bbox 912 1164 976 1201; x_wconf 91' lang='lat' dir='ltr'>rem</span> <span class='ocrx_word' id='word_1_80' title='bbox 1003 1148 1166 1221; x_wconf 78' lang='lat' dir='ltr'>periculosi</span> <span class='ocrx_word' id='word_1_81' title='bbox 1192 1146 1299 1205; x_wconf 85' lang='lat' dir='ltr'>fecisse</span> 
     </span>
     <span class='ocr_line' id='line_1_10' title="bbox 162 1237 1301 1315; baseline 0.004 -21"><span class='ocrx_word' id='word_1_82' title='bbox 162 1237 308 1312; x_wconf 85' lang='lat' dir='ltr'>exempli,</span> <span class='ocrx_word' id='word_1_83' title='bbox 331 1238 485 1295; x_wconf 90' lang='lat' dir='ltr'>dolebunt.</span> <span class='ocrx_word' id='word_1_84' title='bbox 527 1238 674 1294; x_wconf 83' lang='lat' dir='ltr'>Rumores</span> <span class='ocrx_word' id='word_1_85' title='bbox 700 1256 854 1311; x_wconf 88' lang='lat' dir='ltr'>nunquam</span> <span class='ocrx_word' id='word_1_86' title='bbox 880 1240 1018 1311; x_wconf 87' lang='lat' dir='ltr'>extimui,</span> <span class='ocrx_word' id='word_1_87' title='bbox 1041 1242 1127 1314; x_wconf 91' lang='lat' dir='ltr'>quin,</span> <span class='ocrx_word' id='word_1_88' title='bbox 1151 1242 1230 1315; x_wconf 91' lang='lat' dir='ltr'>quod</span> <span class='ocrx_word' id='word_1_89' title='bbox 1252 1260 1301 1298; x_wconf 88' lang='lat' dir='ltr'>ve·</span> 
     </span>
     <span class='ocr_line' id='line_1_11' title="bbox 161 1331 1301 1410; baseline 0.004 -21"><span class='ocrx_word' id='word_1_90' title='bbox 161 1351 229 1389; x_wconf 91' lang='lat' dir='ltr'>rum</span> <span class='ocrx_word' id='word_1_91' title='bbox 248 1332 322 1388; x_wconf 91' lang='lat' dir='ltr'>mihi</span> <span class='ocrx_word' id='word_1_92' title='bbox 343 1351 408 1388; x_wconf 91' lang='lat' dir='ltr'>esse</span> <span class='ocrx_word' id='word_1_93' title='bbox 430 1331 597 1402; x_wconf 89' lang='lat' dir='ltr'>videretur,</span> <span class='ocrx_word' id='word_1_94' title='bbox 619 1332 651 1388; x_wconf 93' lang='lat' dir='ltr'>id</span> <span class='ocrx_word' id='word_1_95' title='bbox 673 1350 759 1388; x_wconf 90' lang='lat' dir='ltr'>omne</span> <span class='ocrx_word' id='word_1_96' title='bbox 781 1332 955 1408; x_wconf 89' lang='lat' dir='ltr'>proferrem.</span> <span class='ocrx_word' id='word_1_97' title='bbox 998 1336 1091 1392; x_wconf 89' lang='lat' dir='ltr'>Iustis</span> <span class='ocrx_word' id='word_1_98' title='bbox 1116 1337 1301 1410; x_wconf 84' lang='lat' dir='ltr'>argumentis</span> 
     </span>
     <span class='ocr_line' id='line_1_12' title="bbox 161 1426 1300 1502; baseline 0.004 -19"><span class='ocrx_word' id='word_1_99' title='bbox 161 1426 326 1495; x_wconf 90' lang='lat' dir='ltr'>refutatus,</span> <span class='ocrx_word' id='word_1_100' title='bbox 348 1444 468 1500; x_wconf 87' lang='lat' dir='ltr'>semper</span> <span class='ocrx_word' id='word_1_101' title='bbox 489 1426 611 1500; x_wconf 90' lang='lat' dir='ltr'>gavisus</span> <span class='ocrx_word' id='word_1_102' title='bbox 637 1444 716 1497; x_wconf 91' lang='lat' dir='ltr'>sum,</span> <span class='ocrx_word' id='word_1_103' title='bbox 744 1435 775 1483; x_wconf 91' lang='lat' dir='ltr'>et</span> <span class='ocrx_word' id='word_1_104' title='bbox 800 1446 879 1484; x_wconf 87' lang='lat' dir='ltr'>nunc</span> <span class='ocrx_word' id='word_1_105' title='bbox 905 1429 1053 1502; x_wconf 86' lang='lat' dir='ltr'>gaudebo.</span> <span class='ocrx_word' id='word_1_106' title='bbox 1097 1429 1147 1489; x_wconf 88' lang='lat' dir='ltr'>Sic</span> <span class='ocrx_word' id='word_1_107' title='bbox 1168 1431 1247 1488; x_wconf 89' lang='lat' dir='ltr'>enim</span> <span class='ocrx_word' id='word_1_108' title='bbox 1270 1440 1300 1488; x_wconf 88' lang='lat' dir='ltr'>et</span> 
     </span>
     <span class='ocr_line' id='line_1_13' title="bbox 161 1520 1300 1595; baseline 0.006 -19"><span class='ocrx_word' id='word_1_109' title='bbox 161 1522 228 1595; x_wconf 90' lang='lat' dir='ltr'>ipse</span> <span class='ocrx_word' id='word_1_110' title='bbox 250 1520 365 1593; x_wconf 89' lang='lat' dir='ltr'>aliquid</span> <span class='ocrx_word' id='word_1_111' title='bbox 386 1520 555 1590; x_wconf 85' lang='lat' dir='ltr'>didicerim,</span> <span class='ocrx_word' id='word_1_112' title='bbox 580 1528 610 1577; x_wconf 91' lang='lat' dir='ltr'>et</span> <span class='ocrx_word' id='word_1_113' title='bbox 630 1540 686 1595; x_wconf 93' lang='lat' dir='ltr'>per</span> <span class='ocrx_word' id='word_1_114' title='bbox 706 1540 752 1578; x_wconf 90' lang='lat' dir='ltr'>me</span> <span class='ocrx_word' id='word_1_115' title='bbox 780 1522 939 1579; x_wconf 88' lang='lat' dir='ltr'>didicerint</span> <span class='ocrx_word' id='word_1_116' title='bbox 965 1524 1026 1580; x_wconf 90' lang='lat' dir='ltr'>alii.</span> <span class='ocrx_word' id='word_1_117' title='bbox 1068 1524 1207 1582; x_wconf 88' lang='lat' dir='ltr'>Molestis</span> <span class='ocrx_word' id='word_1_118' title='bbox 1234 1544 1300 1582; x_wconf 86' lang='lat' dir='ltr'>oen·</span> 
     </span>
     <span class='ocr_line' id='line_1_14' title="bbox 161 1600 1300 1690; baseline 0.004 -17"><span class='ocrx_word' id='word_1_119' title='bbox 161 1635 264 1673; x_wconf 91' lang='lat' dir='ltr'>sorum</span> <span class='ocrx_word' id='word_1_120' title='bbox 284 1615 538 1690; x_wconf 78' lang='lat' dir='ltr'>disputationibus</span> <span class='ocrx_word' id='word_1_121' title='bbox 559 1634 620 1671; x_wconf 93' lang='lat' dir='ltr'>non</span> <span class='ocrx_word' id='word_1_122' title='bbox 645 1617 828 1690; x_wconf 87' lang='lat' dir='ltr'>respondere</span> <span class='ocrx_word' id='word_1_123' title='bbox 856 1627 971 1675; x_wconf 88' lang='lat' dir='ltr'>certum</span> <span class='ocrx_word' id='word_1_124' title='bbox 980 1600 1052 1677; x_wconf 57' lang='lat' dir='ltr'>&#39;est</span> <span class='ocrx_word' id='word_1_125' title='bbox 1084 1621 1194 1677; x_wconf 82' lang='lat' dir='ltr'>&#39;Video</span> <span class='ocrx_word' id='word_1_126' title='bbox 1221 1621 1300 1677; x_wconf 88' lang='lat' dir='ltr'>enirn</span> 
     </span>
     <span class='ocr_line' id='line_1_15' title="bbox 162 1710 1299 1784; baseline 0.004 -17"><span class='ocrx_word' id='word_1_127' title='bbox 162 1712 313 1784; x_wconf 82' lang='lat' dir='ltr'>quoddam</span> <span class='ocrx_word' id='word_1_128' title='bbox 344 1711 496 1766; x_wconf 89' lang='lat' dir='ltr'>hominum</span> <span class='ocrx_word' id='word_1_129' title='bbox 528 1728 623 1783; x_wconf 90' lang='lat' dir='ltr'>genus</span> <span class='ocrx_word' id='word_1_130' title='bbox 655 1710 687 1766; x_wconf 93' lang='lat' dir='ltr'>in</span> <span class='ocrx_word' id='word_1_131' title='bbox 719 1713 884 1769; x_wconf 89' lang='lat' dir='ltr'>retinendis</span> <span class='ocrx_word' id='word_1_132' title='bbox 916 1713 1007 1772; x_wconf 88' lang='lat' dir='ltr'><strong>MSS.</strong></span> <span class='ocrx_word' id='word_1_133' title='bbox 1037 1715 1217 1773; x_wconf 87' lang='lat' dir='ltr'>lectionibus</span> <span class='ocrx_word' id='word_1_134' title='bbox 1238 1725 1299 1772; x_wconf 93' lang='lat' dir='ltr'>tam</span> 
     </span>
     <span class='ocr_line' id='line_1_16' title="bbox 161 1805 1300 1884; baseline 0.004 -21"><span class='ocrx_word' id='word_1_135' title='bbox 161 1825 300 1863; x_wconf 87' lang='lat' dir='ltr'>severum</span> <span class='ocrx_word' id='word_1_136' title='bbox 322 1824 387 1863; x_wconf 91' lang='lat' dir='ltr'>esse</span> <span class='ocrx_word' id='word_1_137' title='bbox 410 1812 441 1862; x_wconf 94' lang='lat' dir='ltr'>et</span> <span class='ocrx_word' id='word_1_138' title='bbox 461 1813 567 1875; x_wconf 87' lang='lat' dir='ltr'>tenax,</span> <span class='ocrx_word' id='word_1_139' title='bbox 592 1805 678 1862; x_wconf 92' lang='lat' dir='ltr'>utin</span> <span class='ocrx_word' id='word_1_140' title='bbox 705 1807 885 1881; x_wconf 86' lang='lat' dir='ltr'>explicando</span> <span class='ocrx_word' id='word_1_141' title='bbox 907 1807 1036 1883; x_wconf 89' lang='lat' dir='ltr'>ineptire</span> <span class='ocrx_word' id='word_1_142' title='bbox 1062 1809 1182 1880; x_wconf 88' lang='lat' dir='ltr'>malint,</span> <span class='ocrx_word' id='word_1_143' title='bbox 1210 1828 1300 1884; x_wconf 90' lang='lat' dir='ltr'>quam</span> 
     </span>
     <span class='ocr_line' id='line_1_17' title="bbox 121 1899 1300 1981; baseline 0.004 -23"><span class='ocrx_word' id='word_1_144' title='bbox 121 1899 135 1915; x_wconf 59' lang='lat'>⁸</span> <span class='ocrx_word' id='word_1_145' title='bbox 161 1903 211 1958; x_wconf 88' lang='lat' dir='ltr'>vel</span> <span class='ocrx_word' id='word_1_146' title='bbox 234 1900 486 1975; x_wconf 87' lang='lat' dir='ltr'>elegantissimam</span> <span class='ocrx_word' id='word_1_147' title='bbox 508 1900 645 1975; x_wconf 85' lang='lat' dir='ltr'>accipere</span> <span class='ocrx_word' id='word_1_148' title='bbox 668 1901 880 1958; x_wconf 88' lang='lat' dir='ltr'>coniecturam.</span> <span class='ocrx_word' id='word_1_149' title='bbox 922 1902 1031 1977; x_wconf 92' lang='lat' dir='ltr'>Itaque</span> <span class='ocrx_word' id='word_1_150' title='bbox 1054 1905 1159 1961; x_wconf 88' lang='lat' dir='ltr'>eadem</span> <span class='ocrx_word' id='word_1_151' title='bbox 1181 1923 1300 1981; x_wconf 90' lang='lat' dir='ltr'>semper</span> 
     </span>
     <span class='ocr_line' id='line_1_18' title="bbox 161 1997 1298 2074; baseline 0.002 -20"><span class='ocrx_word' id='word_1_152' title='bbox 161 1998 275 2055; x_wconf 88' lang='lat' dir='ltr'>chorda</span> <span class='ocrx_word' id='word_1_153' title='bbox 296 1998 448 2066; x_wconf 89' lang='lat' dir='ltr'>oberrant,</span> <span class='ocrx_word' id='word_1_154' title='bbox 471 2003 502 2051; x_wconf 92' lang='lat' dir='ltr'>et</span> <span class='ocrx_word' id='word_1_155' title='bbox 523 1997 664 2053; x_wconf 91' lang='lat' dir='ltr'>cramben</span> <span class='ocrx_word' id='word_1_156' title='bbox 687 1997 800 2054; x_wconf 85' lang='lat' dir='ltr'>centies</span> <span class='ocrx_word' id='word_1_157' title='bbox 821 2005 970 2054; x_wconf 87' lang='lat' dir='ltr'>recoctam</span> <span class='ocrx_word' id='word_1_158' title='bbox 992 1999 1100 2056; x_wconf 91' lang='lat' dir='ltr'>iterum</span> <span class='ocrx_word' id='word_1_159' title='bbox 1122 2010 1298 2074; x_wconf 87' lang='lat' dir='ltr'>recoquunt.</span> 
     </span>
     <span class='ocr_line' id='line_1_19' title="bbox 160 2090 1298 2170; baseline 0.002 -21"><span class='ocrx_word' id='word_1_160' title='bbox 160 2092 233 2150; x_wconf 91' lang='lat' dir='ltr'>Non</span> <span class='ocrx_word' id='word_1_161' title='bbox 254 2091 391 2160; x_wconf 88' lang='lat' dir='ltr'>invideo,</span> <span class='ocrx_word' id='word_1_162' title='bbox 420 2090 578 2146; x_wconf 91' lang='lat' dir='ltr'>dummodo</span> <span class='ocrx_word' id='word_1_163' title='bbox 592 2109 690 2146; x_wconf 88' lang='lat' dir='ltr'>meam</span> <span class='ocrx_word' id='word_1_164' title='bbox 710 2110 756 2147; x_wconf 93' lang='lat' dir='ltr'>me</span> <span class='ocrx_word' id='word_1_165' title='bbox 779 2100 883 2149; x_wconf 89' lang='lat' dir='ltr'>tenere</span> <span class='ocrx_word' id='word_1_166' title='bbox 898 2093 978 2150; x_wconf 89' lang='lat' dir='ltr'>viam</span> <span class='ocrx_word' id='word_1_167' title='bbox 993 2095 1156 2168; x_wconf 89' lang='lat' dir='ltr'>patientur.</span> <span class='ocrx_word' id='word_1_168' title='bbox 1190 2095 1298 2170; x_wconf 89' lang='lat' dir='ltr'>Neque</span> 
     </span>
     <span class='ocr_line' id='line_1_20' title="bbox 161 2186 1299 2266; baseline 0.004 -22"><span class='ocrx_word' id='word_1_169' title='bbox 161 2187 308 2244; x_wconf 89' lang='lat' dir='ltr'>Horatius</span> <span class='ocrx_word' id='word_1_170' title='bbox 330 2186 385 2242; x_wconf 92' lang='lat' dir='ltr'>tali</span> <span class='ocrx_word' id='word_1_171' title='bbox 406 2186 571 2259; x_wconf 88' lang='lat' dir='ltr'>interprete</span> <span class='ocrx_word' id='word_1_172' title='bbox 595 2187 712 2260; x_wconf 88' lang='lat' dir='ltr'>egebat,</span> <span class='ocrx_word' id='word_1_173' title='bbox 736 2186 788 2241; x_wconf 89' lang='lat' dir='ltr'>sed</span> <span class='ocrx_word' id='word_1_174' title='bbox 810 2206 855 2257; x_wconf 91' lang='lat' dir='ltr'>eo,</span> <span class='ocrx_word' id='word_1_175' title='bbox 879 2189 931 2261; x_wconf 93' lang='lat' dir='ltr'>qui</span> <span class='ocrx_word' id='word_1_176' title='bbox 952 2207 1030 2245; x_wconf 89' lang='lat' dir='ltr'>nova</span> <span class='ocrx_word' id='word_1_177' title='bbox 1052 2197 1082 2245; x_wconf 91' lang='lat' dir='ltr'>et</span> <span class='ocrx_word' id='word_1_178' title='bbox 1101 2190 1215 2248; x_wconf 87' lang='lat' dir='ltr'>indicta</span> <span class='ocrx_word' id='word_1_179' title='bbox 1233 2211 1299 2266; x_wconf 91' lang='lat' dir='ltr'>pro-</span> 
     </span>
     <span class='ocr_line' id='line_1_21' title="bbox 161 2280 1297 2360; baseline 0.001 -21"><span class='ocrx_word' id='word_1_180' title='bbox 161 2283 268 2352; x_wconf 85' lang='lat' dir='ltr'>ferret,</span> <span class='ocrx_word' id='word_1_181' title='bbox 296 2282 321 2337; x_wconf 87' lang='lat' dir='ltr'>si</span> <span class='ocrx_word' id='word_1_182' title='bbox 347 2280 424 2337; x_wconf 89' lang='lat' dir='ltr'>forte</span> <span class='ocrx_word' id='word_1_183' title='bbox 453 2281 657 2351; x_wconf 88' lang='lat' dir='ltr'>difficultates,</span> <span class='ocrx_word' id='word_1_184' title='bbox 681 2300 699 2336; x_wconf 91' lang='lat' dir='ltr'>a</span> <span class='ocrx_word' id='word_1_185' title='bbox 721 2281 839 2338; x_wconf 89' lang='lat' dir='ltr'>nemine</span> <span class='ocrx_word' id='word_1_186' title='bbox 863 2283 1034 2356; x_wconf 86' lang='lat' dir='ltr'>expeditas,</span> <span class='ocrx_word' id='word_1_187' title='bbox 1058 2285 1165 2341; x_wconf 91' lang='lat' dir='ltr'>tollere</span> <span class='ocrx_word' id='word_1_188' title='bbox 1187 2294 1297 2360; x_wconf 90' lang='lat' dir='ltr'>posset.</span> 
     </span>
     <span class='ocr_line' id='line_1_22' title="bbox 160 2375 1298 2450; baseline 0.002 -17"><span class='ocrx_word' id='word_1_189' title='bbox 160 2377 258 2449; x_wconf 92' lang='lat' dir='ltr'>quue</span> <span class='ocrx_word' id='word_1_190' title='bbox 280 2394 404 2450; x_wconf 88' lang='lat' dir='ltr'>operam</span> <span class='ocrx_word' id='word_1_191' title='bbox 425 2375 508 2445; x_wconf 90' lang='lat' dir='ltr'>dedi,</span> <span class='ocrx_word' id='word_1_192' title='bbox 532 2392 588 2431; x_wconf 90' lang='lat' dir='ltr'>nec</span> <span class='ocrx_word' id='word_1_193' title='bbox 611 2375 710 2432; x_wconf 91' lang='lat' dir='ltr'>dicere</span> <span class='ocrx_word' id='word_1_194' title='bbox 733 2393 825 2448; x_wconf 92' lang='lat' dir='ltr'>queo,</span> <span class='ocrx_word' id='word_1_195' title='bbox 853 2376 969 2448; x_wconf 91' lang='lat' dir='ltr'>quoties</span> <span class='ocrx_word' id='word_1_196' title='bbox 992 2397 1030 2433; x_wconf 86' lang='lat' dir='ltr'>ex</span> <span class='ocrx_word' id='word_1_197' title='bbox 1053 2380 1298 2436; x_wconf 89' lang='lat' dir='ltr'>annotationibus</span> 
     </span>
     <span class='ocr_line' id='line_1_23' title="bbox 160 2470 1297 2547; baseline 0.001 -20"><span class='ocrx_word' id='word_1_198' title='bbox 160 2471 235 2527; x_wconf 91' lang='lat' dir='ltr'>meis</span> <span class='ocrx_word' id='word_1_199' title='bbox 258 2489 344 2527; x_wconf 91' lang='lat' dir='ltr'>onme</span> <span class='ocrx_word' id='word_1_200' title='bbox 366 2470 442 2526; x_wconf 95' lang='lat' dir='ltr'>illud</span> <span class='ocrx_word' id='word_1_201' title='bbox 465 2470 642 2540; x_wconf 89' lang='lat' dir='ltr'>deleverim,</span> <span class='ocrx_word' id='word_1_202' title='bbox 665 2470 746 2543; x_wconf 91' lang='lat' dir='ltr'>quod</span> <span class='ocrx_word' id='word_1_203' title='bbox 767 2478 873 2544; x_wconf 89' lang='lat' dir='ltr'>postea</span> <span class='ocrx_word' id='word_1_204' title='bbox 893 2472 931 2527; x_wconf 92' lang='lat' dir='ltr'>ab</span> <span class='ocrx_word' id='word_1_205' title='bbox 954 2471 1021 2527; x_wconf 89' lang='lat' dir='ltr'>aliis</span> <span class='ocrx_word' id='word_1_206' title='bbox 1044 2472 1104 2528; x_wconf 92' lang='lat' dir='ltr'>iam</span> <span class='ocrx_word' id='word_1_207' title='bbox 1119 2482 1297 2547; x_wconf 85' lang='lat' dir='ltr'>occupatum</span> 
     </span>
     <span class='ocr_line' id='line_1_24' title="bbox 161 2565 1297 2641; baseline 0.001 -19"><span class='ocrx_word' id='word_1_208' title='bbox 161 2565 357 2641; x_wconf 88' lang='lat' dir='ltr'>deprehendi.</span> <span class='ocrx_word' id='word_1_209' title='bbox 400 2565 440 2621; x_wconf 88' lang='lat' dir='ltr'>Et</span> <span class='ocrx_word' id='word_1_210' title='bbox 467 2573 568 2621; x_wconf 90' lang='lat' dir='ltr'>tamen</span> <span class='ocrx_word' id='word_1_211' title='bbox 595 2584 702 2622; x_wconf 87' lang='lat' dir='ltr'>vereor</span> <span class='ocrx_word' id='word_1_212' title='bbox 728 2584 765 2621; x_wconf 91' lang='lat' dir='ltr'>ne</span> <span class='ocrx_word' id='word_1_213' title='bbox 793 2582 873 2620; x_wconf 90' lang='lat' dir='ltr'>nunc</span> <span class='ocrx_word' id='word_1_214' title='bbox 896 2565 987 2622; x_wconf 90' lang='lat' dir='ltr'>etiam</span> <span class='ocrx_word' id='word_1_215' title='bbox 1009 2567 1196 2640; x_wconf 87' lang='lat' dir='ltr'>reliquerim,</span> <span class='ocrx_word' id='word_1_216' title='bbox 1220 2587 1297 2640; x_wconf 90' lang='lat' dir='ltr'>quac</span> 
     </span>
     <span class='ocr_line' id='line_1_25' title="bbox 161 2658 1297 2738; baseline 0.002 -21"><span class='ocrx_word' id='word_1_217' title='bbox 161 2670 192 2717; x_wconf 95' lang='lat' dir='ltr'>et</span> <span class='ocrx_word' id='word_1_218' title='bbox 214 2662 287 2718; x_wconf 88' lang='lat' dir='ltr'>alibi</span> <span class='ocrx_word' id='word_1_219' title='bbox 308 2661 456 2735; x_wconf 88' lang='lat' dir='ltr'>legentur.</span> <span class='ocrx_word' id='word_1_220' title='bbox 500 2658 560 2732; x_wconf 83' lang='lat' dir='ltr'>Qui</span> <span class='ocrx_word' id='word_1_221' title='bbox 582 2661 715 2734; x_wconf 89' lang='lat' dir='ltr'>cogitent</span> <span class='ocrx_word' id='word_1_222' title='bbox 738 2661 914 2716; x_wconf 89' lang='lat' dir='ltr'>immensam</span> <span class='ocrx_word' id='word_1_223' title='bbox 940 2661 1104 2719; x_wconf 90' lang='lat' dir='ltr'>editionum</span> <span class='ocrx_word' id='word_1_224' title='bbox 1119 2663 1250 2738; x_wconf 90' lang='lat' dir='ltr'>copiam,</span> <span class='ocrx_word' id='word_1_225' title='bbox 1266 2664 1297 2718; x_wconf 95' lang='lat' dir='ltr'>hi</span> 
     </span>
     <span class='ocr_line' id='line_1_26' title="bbox 160 2755 1297 2830; baseline 0.004 -18"><span class='ocrx_word' id='word_1_226' title='bbox 160 2757 343 2830; x_wconf 87' lang='lat' dir='ltr'>intelligent,</span> <span class='ocrx_word' id='word_1_227' title='bbox 367 2773 456 2827; x_wconf 88' lang='lat' dir='ltr'>quarn</span> <span class='ocrx_word' id='word_1_228' title='bbox 479 2755 595 2811; x_wconf 91' lang='lat' dir='ltr'>difficile</span> <span class='ocrx_word' id='word_1_229' title='bbox 624 2756 676 2826; x_wconf 89' lang='lat' dir='ltr'>sit,</span> <span class='ocrx_word' id='word_1_230' title='bbox 702 2756 751 2812; x_wconf 88' lang='lat' dir='ltr'>vel</span> <span class='ocrx_word' id='word_1_231' title='bbox 778 2773 881 2811; x_wconf 88' lang='lat' dir='ltr'>omnes</span> <span class='ocrx_word' id='word_1_232' title='bbox 908 2755 1107 2830; x_wconf 90' lang='lat' dir='ltr'>interpretum</span> <span class='ocrx_word' id='word_1_233' title='bbox 1133 2760 1297 2816; x_wconf 88' lang='lat' dir='ltr'>sententias</span> 
     </span>
     <span class='ocr_line' id='line_1_27' title="bbox 161 2849 1299 2930; baseline 0.003 -23"><span class='ocrx_word' id='word_1_234' title='bbox 161 2859 191 2907; x_wconf 91' lang='lat' dir='ltr'>et</span> <span class='ocrx_word' id='word_1_235' title='bbox 216 2851 310 2906; x_wconf 88' lang='lat' dir='ltr'>allata</span> <span class='ocrx_word' id='word_1_236' title='bbox 336 2859 472 2906; x_wconf 85' lang='lat' dir='ltr'>veterum</span> <span class='ocrx_word' id='word_1_237' title='bbox 499 2849 677 2923; x_wconf 86' lang='lat' dir='ltr'>scriptorum</span> <span class='ocrx_word' id='word_1_238' title='bbox 706 2850 772 2906; x_wconf 90' lang='lat' dir='ltr'>loca</span> <span class='ocrx_word' id='word_1_239' title='bbox 798 2851 940 2907; x_wconf 91' lang='lat' dir='ltr'>memoria</span> <span class='ocrx_word' id='word_1_240' title='bbox 968 2861 1086 2922; x_wconf 91' lang='lat' dir='ltr'>tenere,</span> <span class='ocrx_word' id='word_1_241' title='bbox 1111 2855 1158 2910; x_wconf 91' lang='lat' dir='ltr'>vel</span> <span class='ocrx_word' id='word_1_242' title='bbox 1181 2873 1299 2930; x_wconf 88' lang='lat' dir='ltr'>semper</span> 
     </span>
     <span class='ocr_line' id='line_1_28' title="bbox 160 2944 372 3020; baseline -0.014 -18"><span class='ocrx_word' id='word_1_243' title='bbox 160 2946 335 3020; x_wconf 89' lang='lat' dir='ltr'>perquirere</span> <span class='ocrx_word' id='word_1_244' title='bbox 352 2944 372 2999; x_wconf 81' lang='lat'>¹.</span> 
     </span>
    </p>

    <p class='ocr_par' dir='ltr' id='par_1_3' title="bbox 157 3038 1298 3588">
     <span class='ocr_line' id='line_1_29' title="bbox 157 3038 1298 3102; baseline 0.005 -6"><span class='ocrx_word' id='word_1_245' title='bbox 157 3038 161 3044; x_wconf 78' lang='grc'>’</span> <span class='ocrx_word' id='word_1_246' title='bbox 201 3040 338 3097; x_wconf 85' lang='lat' dir='ltr'>Eandem</span> <span class='ocrx_word' id='word_1_247' title='bbox 364 3039 512 3095; x_wconf 90' lang='lat' dir='ltr'>rationem</span> <span class='ocrx_word' id='word_1_248' title='bbox 539 3048 660 3095; x_wconf 89' lang='lat' dir='ltr'>secutus</span> <span class='ocrx_word' id='word_1_249' title='bbox 689 3058 753 3097; x_wconf 90' lang='lat' dir='ltr'>sum</span> <span class='ocrx_word' id='word_1_250' title='bbox 774 3041 806 3097; x_wconf 92' lang='lat' dir='ltr'>in</span> <span class='ocrx_word' id='word_1_251' title='bbox 829 3041 913 3097; x_wconf 92' lang='lat' dir='ltr'>libris</span> <span class='ocrx_word' id='word_1_252' title='bbox 934 3041 1024 3100; x_wconf 86' lang='lat' dir='ltr'><strong>MSS.</strong></span> <span class='ocrx_word' id='word_1_253' title='bbox 1049 3052 1080 3100; x_wconf 91' lang='lat' dir='ltr'>et</span> <span class='ocrx_word' id='word_1_254' title='bbox 1100 3046 1298 3102; x_wconf 89' lang='lat' dir='ltr'>annotationi-</span> 
     </span>
     <span class='ocr_line' id='line_1_30' title="bbox 160 3132 1297 3206; baseline 0.004 -14"><span class='ocrx_word' id='word_1_255' title='bbox 160 3137 216 3192; x_wconf 92' lang='lat' dir='ltr'>bns</span> <span class='ocrx_word' id='word_1_256' title='bbox 238 3133 431 3203; x_wconf 88' lang='lat' dir='ltr'>Broukhnsii,</span> <span class='ocrx_word' id='word_1_257' title='bbox 456 3132 673 3206; x_wconf 92' lang='lat' dir='ltr'>Oudendorpii,</span> <span class='ocrx_word' id='word_1_258' title='bbox 697 3142 727 3189; x_wconf 94' lang='lat' dir='ltr'>et</span> <span class='ocrx_word' id='word_1_259' title='bbox 749 3135 875 3192; x_wconf 90' lang='lat' dir='ltr'>aliorum</span> <span class='ocrx_word' id='word_1_260' title='bbox 897 3137 1029 3192; x_wconf 89' lang='lat' dir='ltr'>nondum</span> <span class='ocrx_word' id='word_1_261' title='bbox 1051 3137 1149 3194; x_wconf 92' lang='lat' dir='ltr'>editis.</span> <span class='ocrx_word' id='word_1_262' title='bbox 1186 3141 1297 3197; x_wconf 86' lang='lat' dir='ltr'>Varias</span> 
     </span>
     <span class='ocr_line' id='line_1_31' title="bbox 159 3228 1298 3302; baseline 0.004 -15"><span class='ocrx_word' id='word_1_263' title='bbox 159 3231 304 3288; x_wconf 87' lang='lat' dir='ltr'>lectiones</span> <span class='ocrx_word' id='word_1_264' title='bbox 328 3248 346 3285; x_wconf 89' lang='lat' dir='ltr'>a</span> <span class='ocrx_word' id='word_1_265' title='bbox 368 3229 507 3286; x_wconf 93' lang='lat' dir='ltr'>Bentleio</span> <span class='ocrx_word' id='word_1_266' title='bbox 529 3229 590 3285; x_wconf 89' lang='lat' dir='ltr'>iam</span> <span class='ocrx_word' id='word_1_267' title='bbox 611 3228 760 3302; x_wconf 88' lang='lat' dir='ltr'>prolatas,</span> <span class='ocrx_word' id='word_1_268' title='bbox 782 3230 877 3300; x_wconf 84' lang='lat' dir='ltr'>tacui,</span> <span class='ocrx_word' id='word_1_269' title='bbox 901 3230 957 3286; x_wconf 88' lang='lat' dir='ltr'>nisi</span> <span class='ocrx_word' id='word_1_270' title='bbox 978 3231 1009 3285; x_wconf 92' lang='lat' dir='ltr'>in</span> <span class='ocrx_word' id='word_1_271' title='bbox 1038 3231 1105 3287; x_wconf 87' lang='lat' dir='ltr'>aliis</span> <span class='ocrx_word' id='word_1_272' title='bbox 1135 3233 1226 3292; x_wconf 89' lang='lat' dir='ltr'>MSS.</span> <span class='ocrx_word' id='word_1_273' title='bbox 1254 3255 1298 3292; x_wconf 92' lang='lat' dir='ltr'>re·</span> 
     </span>
     <span class='ocr_line' id='line_1_32' title="bbox 159 3322 1297 3402; baseline 0.004 -20"><span class='ocrx_word' id='word_1_274' title='bbox 159 3333 271 3401; x_wconf 86' lang='lat' dir='ltr'>pertas.</span> <span class='ocrx_word' id='word_1_275' title='bbox 315 3324 406 3380; x_wconf 86' lang='lat' dir='ltr'>Edidi</span> <span class='ocrx_word' id='word_1_276' title='bbox 432 3333 533 3380; x_wconf 88' lang='lat' dir='ltr'>autem</span> <span class='ocrx_word' id='word_1_277' title='bbox 562 3322 707 3379; x_wconf 88' lang='lat' dir='ltr'>lectiones</span> <span class='ocrx_word' id='word_1_278' title='bbox 735 3341 853 3397; x_wconf 91' lang='lat' dir='ltr'>quoque</span> <span class='ocrx_word' id='word_1_279' title='bbox 879 3324 1008 3380; x_wconf 86' lang='lat' dir='ltr'>maxime</span> <span class='ocrx_word' id='word_1_280' title='bbox 1031 3334 1202 3400; x_wconf 87' lang='lat' dir='ltr'>corruptas,</span> <span class='ocrx_word' id='word_1_281' title='bbox 1227 3332 1297 3402; x_wconf 88' lang='lat' dir='ltr'>quia</span> 
     </span>
     <span class='ocr_line' id='line_1_33' title="bbox 160 3419 1297 3494; baseline 0.003 -16"><span class='ocrx_word' id='word_1_282' title='bbox 160 3442 199 3478; x_wconf 83' lang='lat' dir='ltr'>ex</span> <span class='ocrx_word' id='word_1_283' title='bbox 230 3421 290 3477; x_wconf 92' lang='lat' dir='ltr'>illis</span> <span class='ocrx_word' id='word_1_284' title='bbox 323 3420 474 3476; x_wconf 92' lang='lat' dir='ltr'>interdum</span> <span class='ocrx_word' id='word_1_285' title='bbox 507 3437 579 3474; x_wconf 89' lang='lat' dir='ltr'>vera</span> <span class='ocrx_word' id='word_1_286' title='bbox 611 3419 764 3492; x_wconf 89' lang='lat' dir='ltr'>scriptoris</span> <span class='ocrx_word' id='word_1_287' title='bbox 796 3438 901 3476; x_wconf 91' lang='lat' dir='ltr'>manus</span> <span class='ocrx_word' id='word_1_288' title='bbox 933 3419 1051 3475; x_wconf 91' lang='lat' dir='ltr'>restitui</span> <span class='ocrx_word' id='word_1_289' title='bbox 1087 3429 1195 3494; x_wconf 88' lang='lat' dir='ltr'>potest.</span> <span class='ocrx_word' id='word_1_290' title='bbox 1248 3424 1297 3481; x_wconf 87' lang='lat' dir='ltr'>Ex</span> 
     </span>
     <span class='ocr_line' id='line_1_34' title="bbox 159 3515 1296 3588; baseline 0.003 -14"><span class='ocrx_word' id='word_1_291' title='bbox 159 3516 351 3574; x_wconf 87' lang='lat' dir='ltr'>Broukhusio</span> <span class='ocrx_word' id='word_1_292' title='bbox 373 3525 404 3572; x_wconf 89' lang='lat' dir='ltr'>et</span> <span class='ocrx_word' id='word_1_293' title='bbox 425 3515 640 3588; x_wconf 87' lang='lat' dir='ltr'>Oudendorpio</span> <span class='ocrx_word' id='word_1_294' title='bbox 661 3534 697 3571; x_wconf 91' lang='lat' dir='ltr'>ea</span> <span class='ocrx_word' id='word_1_295' title='bbox 717 3515 854 3588; x_wconf 89' lang='lat' dir='ltr'>excerpsi</span> <span class='ocrx_word' id='word_1_296' title='bbox 870 3522 998 3584; x_wconf 89' lang='lat' dir='ltr'>tanturn,</span> <span class='ocrx_word' id='word_1_297' title='bbox 1015 3532 1092 3586; x_wconf 90' lang='lat' dir='ltr'>quae</span> <span class='ocrx_word' id='word_1_298' title='bbox 1108 3535 1187 3573; x_wconf 90' lang='lat' dir='ltr'>nova</span> <span class='ocrx_word' id='word_1_299' title='bbox 1201 3519 1296 3576; x_wconf 85' lang='lat' dir='ltr'>videri</span> 
     </span>
    </p>
   </div>
   <div class='ocr_carea' id='block_1_3' title="bbox 158 3668 1297 4454">
    <p class='ocr_par' dir='ltr' id='par_1_4' title="bbox 158 3668 1297 4454">
     <span class='ocr_line' id='line_1_35' title="bbox 193 3668 1296 3733; baseline 0.003 -14"><span class='ocrx_word' id='word_1_300' title='bbox 193 3671 241 3720; x_wconf 86' lang='grc' dir='ltr'>1Ι.</span> <span class='ocrx_word' id='word_1_301' title='bbox 263 3670 293 3720; x_wconf 86' lang='lat' dir='ltr'>C.</span> <span class='ocrx_word' id='word_1_302' title='bbox 315 3669 425 3720; x_wconf 90' lang='lat' dir='ltr'>Orellius</span> <span class='ocrx_word' id='word_1_303' title='bbox 450 3671 481 3717; x_wconf 85' lang='lat' dir='ltr'>ad</span> <span class='ocrx_word' id='word_1_304' title='bbox 506 3668 589 3719; x_wconf 79' lang='lat' dir='ltr'>Carni.</span> <span class='ocrx_word' id='word_1_305' title='bbox 607 3669 628 3727; x_wconf 87' lang='lat'>1,</span> <span class='ocrx_word' id='word_1_306' title='bbox 645 3671 693 3725; x_wconf 85' lang='lat'>31,</span> <span class='ocrx_word' id='word_1_307' title='bbox 711 3671 734 3718; x_wconf 81' lang='lat'>5.</span> <span class='ocrx_word' id='word_1_308' title='bbox 756 3669 894 3716; x_wconf 89' lang='lat' dir='ltr'>annotavit:</span> <span class='ocrx_word' id='word_1_309' title='bbox 920 3669 1002 3717; x_wconf 82' lang='lat' dir='ltr'>“Miro</span> <span class='ocrx_word' id='word_1_310' title='bbox 1022 3684 1093 3726; x_wconf 88' lang='lat' dir='ltr'>casu,</span> <span class='ocrx_word' id='word_1_311' title='bbox 1119 3686 1192 3733; x_wconf 89' lang='lat' dir='ltr'>quem</span> <span class='ocrx_word' id='word_1_312' title='bbox 1214 3681 1296 3722; x_wconf 87' lang='lat' dir='ltr'>tamen</span> 
     </span>
     <span class='ocr_line' id='line_1_36' title="bbox 159 3748 1297 3814; baseline 0.002 -16"><span class='ocrx_word' id='word_1_313' title='bbox 159 3754 209 3800; x_wconf 87' lang='lat' dir='ltr'>ium</span> <span class='ocrx_word' id='word_1_314' title='bbox 227 3750 354 3814; x_wconf 88' lang='lat' dir='ltr'>aliquoties</span> <span class='ocrx_word' id='word_1_315' title='bbox 371 3750 523 3807; x_wconf 77' lang='lat' dir='ltr'>notavimuS,</span> <span class='ocrx_word' id='word_1_316' title='bbox 548 3749 641 3798; x_wconf 78' lang='lat' dir='ltr'>Miinch</span> <span class='ocrx_word' id='word_1_317' title='bbox 663 3755 687 3797; x_wconf 92' lang='lat' dir='ltr'>et</span> <span class='ocrx_word' id='word_1_318' title='bbox 703 3748 811 3797; x_wconf 88' lang='lat' dir='ltr'>Hofman</span> <span class='ocrx_word' id='word_1_319' title='bbox 829 3749 979 3812; x_wconf 87' lang='lat' dir='ltr'>Peerlkamp</span> <span class='ocrx_word' id='word_1_320' title='bbox 996 3749 1021 3795; x_wconf 91' lang='lat' dir='ltr'>in</span> <span class='ocrx_word' id='word_1_321' title='bbox 1038 3751 1141 3799; x_wconf 89' lang='lat' dir='ltr'>eandem</span> <span class='ocrx_word' id='word_1_322' title='bbox 1158 3753 1297 3800; x_wconf 86' lang='lat' dir='ltr'>inciderunt</span> 
     </span>
     <span class='ocr_line' id='line_1_37' title="bbox 158 3829 1296 3892; baseline -0.001 -12"><span class='ocrx_word' id='word_1_323' title='bbox 158 3831 349 3880; x_wconf 84' lang='lat' dir='ltr'>coniecturam.”</span> <span class='ocrx_word' id='word_1_324' title='bbox 384 3829 448 3878; x_wconf 86' lang='lat' dir='ltr'>Uter</span> <span class='ocrx_word' id='word_1_325' title='bbox 465 3830 490 3876; x_wconf 89' lang='lat' dir='ltr'>in</span> <span class='ocrx_word' id='word_1_326' title='bbox 508 3830 555 3876; x_wconf 84' lang='lat' dir='ltr'>hac</span> <span class='ocrx_word' id='word_1_327' title='bbox 571 3842 658 3877; x_wconf 87' lang='lat' dir='ltr'>caussa</span> <span class='ocrx_word' id='word_1_328' title='bbox 675 3834 800 3892; x_wconf 86' lang='lat' dir='ltr'>suspectus</span> <span class='ocrx_word' id='word_1_329' title='bbox 817 3831 869 3876; x_wconf 87' lang='lat' dir='ltr'>est?</span> <span class='ocrx_word' id='word_1_330' title='bbox 902 3829 1038 3891; x_wconf 84' lang='lat' dir='ltr'>Equidem,</span> <span class='ocrx_word' id='word_1_331' title='bbox 1056 3830 1162 3878; x_wconf 85' lang='lat' dir='ltr'>siiudex</span> <span class='ocrx_word' id='word_1_332' title='bbox 1177 3832 1296 3880; x_wconf 83' lang='lat' dir='ltr'>Turicen-</span> 
     </span>
     <span class='ocr_line' id='line_1_38' title="bbox 158 3908 1296 3972; baseline -0.002 -13"><span class='ocrx_word' id='word_1_333' title='bbox 158 3913 191 3959; x_wconf 88' lang='lat' dir='ltr'>sis</span> <span class='ocrx_word' id='word_1_334' title='bbox 207 3911 380 3959; x_wconf 85' lang='lat' dir='ltr'>iusiurandum</span> <span class='ocrx_word' id='word_1_335' title='bbox 398 3910 516 3972; x_wconf 89' lang='lat' dir='ltr'>postulet,</span> <span class='ocrx_word' id='word_1_336' title='bbox 540 3915 623 3956; x_wconf 86' lang='lat' dir='ltr'>sancte</span> <span class='ocrx_word' id='word_1_337' title='bbox 645 3908 726 3957; x_wconf 89' lang='lat' dir='ltr'>iurare</span> <span class='ocrx_word' id='word_1_338' title='bbox 747 3923 795 3955; x_wconf 87' lang='lat' dir='ltr'>non</span> <span class='ocrx_word' id='word_1_339' title='bbox 819 3923 915 3956; x_wconf 86' lang='lat' dir='ltr'>verear:</span> <span class='ocrx_word' id='word_1_340' title='bbox 941 3908 1068 3970; x_wconf 77' lang='lat' dir='ltr'>Nunquam</span> <span class='ocrx_word' id='word_1_341' title='bbox 1090 3909 1165 3956; x_wconf 81' lang='lat' dir='ltr'>ullam</span> <span class='ocrx_word' id='word_1_342' title='bbox 1187 3911 1296 3957; x_wconf 71' lang='lat' dir='ltr'>tiburtii</span> 
     </span>
     <span class='ocr_line' id='line_1_39' title="bbox 159 3988 1296 4050; baseline 0.001 -13"><span class='ocrx_word' id='word_1_343' title='bbox 159 3991 266 4040; x_wconf 81' lang='lat' dir='ltr'>libellam</span> <span class='ocrx_word' id='word_1_344' title='bbox 283 3989 343 4038; x_wconf 81' lang='lat' dir='ltr'>vidi.</span> <span class='ocrx_word' id='word_1_345' title='bbox 379 3989 419 4036; x_wconf 82' lang='lat' dir='ltr'>Ita</span> <span class='ocrx_word' id='word_1_346' title='bbox 437 4003 472 4036; x_wconf 84' lang='lat' dir='ltr'>me</span> <span class='ocrx_word' id='word_1_347' title='bbox 490 3995 550 4037; x_wconf 88' lang='lat' dir='ltr'>caet.</span> <span class='ocrx_word' id='word_1_348' title='bbox 584 3989 637 4037; x_wconf 85' lang='lat' dir='ltr'>Nec</span> <span class='ocrx_word' id='word_1_349' title='bbox 662 3989 805 4045; x_wconf 76' lang='lat' dir='ltr'>Miinchius,</span> <span class='ocrx_word' id='word_1_350' title='bbox 832 3994 976 4050; x_wconf 64' lang='lat' dir='ltr'>putamus</span> <span class='ocrx_word' id='word_1_351' title='bbox 993 3994 1036 4035; x_wconf 87' lang='lat' dir='ltr'>est.</span> <span class='ocrx_word' id='word_1_352' title='bbox 1071 3988 1158 4050; x_wconf 88' lang='lat' dir='ltr'>Neque</span> <span class='ocrx_word' id='word_1_353' title='bbox 1175 4004 1212 4036; x_wconf 85' lang='lat' dir='ltr'>res</span> <span class='ocrx_word' id='word_1_354' title='bbox 1231 3990 1296 4038; x_wconf 90' lang='lat' dir='ltr'>surto</span> 
     </span>
     <span class='ocr_line' id='line_1_40' title="bbox 158 4065 1295 4134; baseline -0.001 -16"><span class='ocrx_word' id='word_1_355' title='bbox 158 4073 236 4134; x_wconf 85' lang='lat' dir='ltr'>digna</span> <span class='ocrx_word' id='word_1_356' title='bbox 252 4070 343 4133; x_wconf 89' lang='lat' dir='ltr'>agitur.</span> <span class='ocrx_word' id='word_1_357' title='bbox 376 4067 544 4118; x_wconf 87' lang='lat' dir='ltr'>Coniocimus:</span> <span class='ocrx_word' id='word_1_358' title='bbox 565 4067 641 4114; x_wconf 83' lang='lat' dir='ltr'>Grata</span> <span class='ocrx_word' id='word_1_359' title='bbox 657 4071 777 4124; x_wconf 79' lang='lat' dir='ltr'>armentu,</span> <span class='ocrx_word' id='word_1_360' title='bbox 797 4067 945 4114; x_wconf 89' lang='lat' dir='ltr'>mutandum</span> <span class='ocrx_word' id='word_1_361' title='bbox 961 4067 987 4113; x_wconf 92' lang='lat' dir='ltr'>in</span> <span class='ocrx_word' id='word_1_362' title='bbox 1008 4065 1091 4113; x_wconf 79' lang='lat' dir='ltr'>Graio.</span> <span class='ocrx_word' id='word_1_363' title='bbox 1126 4065 1236 4115; x_wconf 88' lang='lat' dir='ltr'>Orellius</span> <span class='ocrx_word' id='word_1_364' title='bbox 1250 4070 1295 4117; x_wconf 90' lang='lat' dir='ltr'>hoc</span> 
     </span>
     <span class='ocr_line' id='line_1_41' title="bbox 158 4145 1295 4215; baseline -0.001 -16"><span class='ocrx_word' id='word_1_365' title='bbox 158 4152 252 4215; x_wconf 83' lang='lat' dir='ltr'>spernit</span> <span class='ocrx_word' id='word_1_366' title='bbox 269 4158 374 4213; x_wconf 88' lang='lat' dir='ltr'>quatuor</span> <span class='ocrx_word' id='word_1_367' title='bbox 392 4150 483 4198; x_wconf 89' lang='lat' dir='ltr'>verbis:</span> <span class='ocrx_word' id='word_1_368' title='bbox 512 4148 571 4196; x_wconf 79' lang='lat' dir='ltr'>Oves</span> <span class='ocrx_word' id='word_1_369' title='bbox 588 4164 634 4195; x_wconf 80' lang='lat' dir='ltr'>non</span> <span class='ocrx_word' id='word_1_370' title='bbox 651 4152 707 4196; x_wconf 82' lang='lat' dir='ltr'>sunt</span> <span class='ocrx_word' id='word_1_371' title='bbox 724 4153 840 4197; x_wconf 80' lang='lat' dir='ltr'>armenta.</span> <span class='ocrx_word' id='word_1_372' title='bbox 875 4145 928 4196; x_wconf 85' lang='lat' dir='ltr'>Cur</span> <span class='ocrx_word' id='word_1_373' title='bbox 949 4161 995 4209; x_wconf 88' lang='lat' dir='ltr'>ego</span> <span class='ocrx_word' id='word_1_374' title='bbox 1011 4147 1141 4204; x_wconf 79' lang='lat' dir='ltr'>Mdnchio,</span> <span class='ocrx_word' id='word_1_375' title='bbox 1164 4149 1202 4197; x_wconf 89' lang='lat' dir='ltr'>vel</span> <span class='ocrx_word' id='word_1_376' title='bbox 1222 4149 1295 4198; x_wconf 82' lang='lat' dir='ltr'>Miiu-</span> 
     </span>
     <span class='ocr_line' id='line_1_42' title="bbox 158 4226 1296 4292; baseline -0.002 -12"><span class='ocrx_word' id='word_1_377' title='bbox 158 4233 229 4280; x_wconf 88' lang='lat' dir='ltr'>chius</span> <span class='ocrx_word' id='word_1_378' title='bbox 246 4231 306 4279; x_wconf 88' lang='lat' dir='ltr'>mibi</span> <span class='ocrx_word' id='word_1_379' title='bbox 325 4231 463 4279; x_wconf 89' lang='lat' dir='ltr'>huiusmodi</span> <span class='ocrx_word' id='word_1_380' title='bbox 480 4235 563 4278; x_wconf 88' lang='lat' dir='ltr'>scruta</span> <span class='ocrx_word' id='word_1_381' title='bbox 579 4229 643 4276; x_wconf 88' lang='lat' dir='ltr'>clam</span> <span class='ocrx_word' id='word_1_382' title='bbox 661 4231 805 4291; x_wconf 88' lang='lat' dir='ltr'>surriperet,</span> <span class='ocrx_word' id='word_1_383' title='bbox 826 4243 888 4290; x_wconf 84' lang='lat' dir='ltr'>quac</span> <span class='ocrx_word' id='word_1_384' title='bbox 911 4226 1019 4276; x_wconf 91' lang='lat' dir='ltr'>Orollius</span> <span class='ocrx_word' id='word_1_385' title='bbox 1037 4227 1137 4276; x_wconf 83' lang='lat' dir='ltr'>sublata</span> <span class='ocrx_word' id='word_1_386' title='bbox 1154 4229 1230 4292; x_wconf 84' lang='lat' dir='ltr'>digna</span> <span class='ocrx_word' id='word_1_387' title='bbox 1246 4245 1296 4278; x_wconf 89' lang='lat' dir='ltr'>nou</span> 
     </span>
     <span class='ocr_line' id='line_1_43' title="bbox 159 4294 1297 4372; baseline -0.002 -12"><span class='ocrx_word' id='word_1_388' title='bbox 159 4313 324 4367; x_wconf 83' lang='lat' dir='ltr'>aestimasset,</span> <span class='ocrx_word' id='word_1_389' title='bbox 340 4312 360 4359; x_wconf 91' lang='lat' dir='ltr'>si</span> <span class='ocrx_word' id='word_1_390' title='bbox 377 4312 402 4358; x_wconf 88' lang='lat' dir='ltr'>in</span> <span class='ocrx_word' id='word_1_391' title='bbox 419 4311 459 4357; x_wconf 86' lang='lat' dir='ltr'>via</span> <span class='ocrx_word' id='word_1_392' title='bbox 476 4309 575 4372; x_wconf 84' lang='lat' dir='ltr'>publica</span> <span class='ocrx_word' id='word_1_393' title='bbox 592 4309 738 4357; x_wconf 83' lang='lat' dir='ltr'>invenisset?</span> <span class='ocrx_word' id='word_1_394' title='bbox 772 4294 871 4357; x_wconf 79' lang='lat' dir='ltr'>interea</span> <span class='ocrx_word' id='word_1_395' title='bbox 888 4322 971 4356; x_wconf 87' lang='lat' dir='ltr'>sumus</span> <span class='ocrx_word' id='word_1_396' title='bbox 989 4310 1106 4370; x_wconf 84' lang='lat' dir='ltr'>suspecti,</span> <span class='ocrx_word' id='word_1_397' title='bbox 1123 4323 1169 4370; x_wconf 84' lang='lat' dir='ltr'>ego</span> <span class='ocrx_word' id='word_1_398' title='bbox 1187 4316 1210 4356; x_wconf 80' lang='lat' dir='ltr'>ct</span> <span class='ocrx_word' id='word_1_399' title='bbox 1224 4309 1297 4358; x_wconf 80' lang='lat' dir='ltr'>Mdn·</span> 
     </span>
     <span class='ocr_line' id='line_1_44' title="bbox 159 4389 1164 4454; baseline -0.003 -14"><span class='ocrx_word' id='word_1_400' title='bbox 159 4393 235 4440; x_wconf 81' lang='lat' dir='ltr'>chius.</span> <span class='ocrx_word' id='word_1_401' title='bbox 271 4391 378 4441; x_wconf 88' lang='lat' dir='ltr'>Orellius</span> <span class='ocrx_word' id='word_1_402' title='bbox 396 4390 476 4439; x_wconf 83' lang='lat' dir='ltr'>furem</span> <span class='ocrx_word' id='word_1_403' title='bbox 494 4391 574 4453; x_wconf 87' lang='lat' dir='ltr'>ipsum</span> <span class='ocrx_word' id='word_1_404' title='bbox 591 4390 719 4438; x_wconf 89' lang='lat' dir='ltr'>nominare</span> <span class='ocrx_word' id='word_1_405' title='bbox 736 4390 863 4438; x_wconf 82' lang='lat' dir='ltr'>debuerat:</span> <span class='ocrx_word' id='word_1_406' title='bbox 883 4390 962 4454; x_wconf 75' lang='grc' dir='ltr'><em>φωρὸς</em></span> <span class='ocrx_word' id='word_1_407' title='bbox 980 4389 1048 4452; x_wconf 75' lang='grc' dir='ltr'><strong><em>ἴχνια</em></strong></span> <span class='ocrx_word' id='word_1_408' title='bbox 1067 4390 1164 4452; x_wconf 79' lang='grc' dir='ltr'><em>ἔμαθεν.</em></span> 
     </span>
    </p>
   </div>
   <div class='ocr_carea' id='block_1_4' title="bbox 0 0 1462 5220">
    <p class='ocr_par' dir='ltr' id='par_1_5' title="bbox 0 0 1462 5220">
     <span class='ocr_line' id='line_1_45' title="bbox 0 0 1462 5220; baseline 0 1"><span class='ocrx_word' id='word_1_409' title='bbox 0 0 1462 5220; x_wconf 95' lang='lat' dir='ltr'> </span> 
     </span>
    </p>
   </div>
  </div>
 </body>
</html>
