2916 5220
706 347 996 411 EPODON

500 537 528 600 O
553 535 633 599 dura
656 555 838 599 messorum
863 532 936 597 ilia!

456 638 543 717 Quid
566 638 627 702 hoc
649 636 768 702 veneni
792 636 898 702 saevit
920 636 955 700 in
978 635 1200 722 praecordiis?

499 740 588 805 Num
612 739 780 825 viperinus
804 738 856 803 his
881 760 975 803 cruor

456 846 608 909 lncoctus
633 843 743 908 herbis
767 865 820 907 me
843 842 986 907 fefellit?
1009 865 1052 908 an
1076 843 1181 906 malas

503 947 641 1013 Canidia
664 945 819 1011 tractavit
842 945 961 1030 dapes?

456 1049 503 1115 Ut
526 1049 739 1132 Argonautas
762 1053 891 1133 praeter
914 1068 1027 1111 omnes
1052 1047 1230 1112 candidum

500 1150 616 1216 Medea
638 1151 758 1215 mirata
781 1156 832 1215 est
855 1149 990 1232 ducem,

458 1255 577 1339 Ignota
600 1254 702 1318 tauris
726 1253 934 1338 illigaturum
959 1251 1053 1337 iuga,

498 1357 660 1422 Perunxit
681 1358 742 1421 hoc
767 1356 933 1421 Iasonem:

457 1461 529 1526 Hoc
554 1460 710 1524 delibutis
734 1459 807 1525 ulta
830 1459 925 1524 donis
949 1458 1101 1543 pellicem

501 1564 657 1649 Serpente
680 1564 770 1649 fugit
792 1563 880 1628 alite.

456 1665 525 1731 Nec
549 1672 662 1731 tantus
686 1688 845 1751 umquam
869 1666 1014 1731 siderum
1037 1664 1161 1730 insedit
1183 1686 1289 1750 vapor

501 1771 696 1836 Siticulosae
719 1771 879 1856 Apuliae:

452 1872 521 1939 Neo
544 1896 665 1939 munus
690 1875 835 1940 humeris
860 1873 999 1939 efficacis
1026 1871 1180 1938 Herculis

498 1977 622 2041 Inarsit
644 1977 837 2042 aestuosius

451 2079 516 2161 At,
541 2080 569 2145 si
593 2081 672 2165 quid
695 2103 852 2166 umquam
877 2080 943 2145 tale
966 2076 1211 2164 concupiveriS,

497 2183 609 2249 lecese
633 2185 821 2266 Maecenas,
845 2205 974 2269 precor,

273 2375 328 2423 retii
344 2375 422 2438 Epod.
435 2375 474 2423 3.“’
508 2376 626 2423 Heinsius
638 2375 737 2422 volebat
749 2374 820 2423 Com·
863 2379 1043 2434 gonautarum,
1068 2370 1111 2434 qui
1134 2369 1242 2421 Colchos
1264 2377 1365 2419 vendat
1382 2373 1407 2416 ut

272 2460 347 2502 ment.
366 2454 442 2518 Cruq.
469 2457 564 2503 “attum
582 2455 715 2503 dicendum
730 2461 767 2502 est
778 2469 822 2516 per
863 2459 949 2500 tauros
966 2450 1056 2499 Martis
1073 2450 1220 2511 subiugum
1232 2448 1406 2506 mitteret,hoc

274 2534 376 2581 unicum
394 2536 415 2591 l,
432 2532 673 2597 quiaucorripitur,
689 2534 821 2581 sedetiam
862 2531 1024 2579 medicamine
1053 2544 1111 2578 eum
1141 2529 1272 2591 perunxit,
1304 2534 1333 2575 ut
1360 2525 1406 2590 peri

271 2611 389 2672 produxit
421 2610 546 2673 Virgilius
579 2628 623 2675 per
656 2611 822 2672 Epenthesin,
863 2625 946 2658 amore
970 2610 1100 2673 flagraret,
1129 2623 1179 2673 quo
1205 2609 1260 2670 ipsa
1285 2607 1405 2670 flagrabat.

272 2690 345 2736 Allia
369 2691 555 2752 serpyllumque
579 2693 668 2739 herbas
690 2691 822 2738 contundit
861 2687 896 2734 Et
913 2687 946 2734 sic
963 2686 1161 2736 commentator:
1178 2692 1210 2733 ut
1224 2702 1272 2747 per
1285 2686 1406 2735 boeotiam

271 2767 387 2815 olentes.'’
434 2767 504 2826 Quae
529 2776 645 2831 corrupta
675 2783 708 2816 ex
737 2767 821 2816 Probo
862 2770 918 2813 arte
939 2768 1036 2827 suspica
1057 2782 1111 2814 eum
1123 2766 1243 2828 flecteret
1260 2768 1288 2813 tn
1307 2780 1406 2814 euntem

271 2851 331 2892 sunt
348 2846 509 2893 emendanda.
536 2850 636 2903 Attene,
652 2855 726 2909 puto,
743 2853 768 2894 et
784 2849 820 2894 at·
861 2845 907 2892 sei.
933 2845 1053 2893 Horatius
1070 2845 1161 2908 ubique
1178 2843 1238 2893 allio
1249 2845 1304 2892 vim
1315 2845 1405 2908 igneam

272 2924 335 2971 tium
352 2929 390 2971 est
407 2923 506 2971 diversa
523 2925 706 2986 orthographia,
723 2926 821 2988 deque
861 2924 955 2972 tribuit.
988 2922 1071 2987 Igitur
1095 2924 1212 2972 Iasonem
1229 2920 1292 2971 'non
1321 2922 1406 2970 ardenti

270 3001 317 3062 ipsi
333 3009 427 3050 veteres
444 3017 494 3051 non
516 3003 706 3064 conveniebant,
729 3011 758 3051 ut
778 3019 820 3052 ne·
861 3003 1024 3051 medicamine
1048 3005 1162 3066 tinguere
1187 3003 1290 3059 debuit,
1311 3004 1406 3059 sedeo,

271 3095 318 3142 que
334 3083 360 3130 in
378 3085 440 3130 Atta
456 3090 481 3131 et
499 3084 580 3144 Allia,
596 3082 685 3131 fluvio:
699 3083 819 3132 videDu-
861 3083 927 3143 quod
952 3083 1021 3144 ignes
1047 3088 1176 3130 taurorum
1203 3082 1359 3140 detenderet,
1381 3087 1406 3127 nt

271 3158 322 3207 ker.
341 3161 372 3207 ad
388 3160 458 3208 Flori
474 3161 496 3209 Ι.
516 3162 553 3210 13.
862 3161 979 3210 Phoebus
989 3161 1014 3209 In
1026 3162 1183 3210 Pba'e'thonte
1194 3160 1252 3208 fecit
1264 3161 1332 3224 apud
1341 3159 1405 3210 ovid.

304 3240 435 3288 Peruaee't
456 3242 500 3288 boc
519 3241 639 3289 Iasonem.
674 3238 694 3286 Ι.
713 3238 742 3288 C.
760 3238 819 3288 Sca·
860 3239 896 3287 II.
914 3240 1017 3288 Metam.
1037 3241 1091 3290 122.
1128 3241 1195 3288 Tam
1217 3246 1296 3302 poter
1311 3256 1356 3289 ora
1370 3240 1406 3287 sui

271 3315 335 3378 liger
356 3316 383 3364 in
400 3315 448 3364 VI.
470 3317 541 3366 Post.
558 3332 615 3379 pag.
632 3318 689 3365 819.
712 3318 747 3365 ita
764 3319 816 3366 Ho-
860 3333 931 3366 sacro
947 3322 1109 3368 nrerllcoueine
1124 3322 1182 3367 autt
1195 3319 1326 3382 Conttpit,
1336 3325 1404 3368 etru-

270 3397 360 3443 ratium
385 3395 553 3457 reprehendit:
593 3396 667 3444 “Non
692 3402 729 3444 est
755 3396 818 3445 illud
859 3398 934 3458 pictae
943 3397 1011 3460 feeit
1024 3397 1152 3459 patientta
1162 3397 1296 3459 flanimea
1332 3396 1357 3446 Si
1371 3395 1404 3444 Ia·

269 3472 357 3535 supino
378 3479 422 3520 aut
442 3473 556 3520 oscitanti
576 3475 667 3522 iudicio
685 3475 816 3523 admitten-
860 3489 944 3522 sonem
972 3476 1062 3524 Medea
1086 3474 1146 3522 allio
1170 3475 1255 3530 unxit,
1286 3474 1360 3521 unxit
1380 3478 1404 3520 ut

270 3551 337 3600 dum.
370 3551 467 3613 Quippe
492 3552 526 3598 ait
549 3552 664 3601 Iasonem
690 3569 705 3600 a
729 3554 818 3601 Medea
859 3568 916 3600 enm
941 3569 1025 3602 amore
1050 3553 1199 3600 incenderet..
1242 3550 1404 3601 conserentur

269 3633 417 3691 perunctum
434 3627 503 3687 allio,
529 3630 623 3678 scilicet
644 3640 672 3680 ut
695 3647 723 3680 eo
741 3632 817 3680 merli·
859 3640 942 3680 autem
964 3647 1050 3681 versus
1072 3631 1168 3681 Sidonii
1189 3630 1306 3692 Apollin.
1328 3631 1403 3681 Cam.

269 3714 381 3756 cemento
399 3713 462 3755 esset
479 3710 581 3756 atauris
592 3716 668 3759 tutus.
692 3712 730 3759 At
740 3711 817 3759 enim·
857 3710 906 3760 IX.
923 3713 963 3760 62.
1000 3715 1056 3760 Nou
1073 3717 1154 3759 vectos
1171 3710 1283 3771 Minyas
1297 3713 1404 3773 loquente

268 3800 326 3834 vero
351 3786 437 3834 eadem
458 3801 507 3849 quo
529 3788 601 3836 modo
622 3791 695 3838 unxit
712 3797 815 3850 vestem,
857 3792 933 3848 sile-e,
956 3793 1050 3839 Dirum
1068 3789 1196 3837 Phasiaco
1211 3789 1311 3837 stetisse
1327 3795 1402 3849 portu.

268 3878 318 3925 qua
347 3863 443 3913 Creilsa
477 3864 624 3925 flagraret?''
666 3867 816 3932 Interpretes
860 3871 952 3918 Forma
980 3869 1079 3931 percita
1108 3882 1164 3915 cum
1193 3867 1266 3914 ducis
1294 3869 1401 3929 Petaspi,

268 3942 480 4004 reprehensionem
494 3943 615 4007 Scaligcri
624 3961 674 3994 non
683 3947 815 3997 diluerunt.
860 3947 973 3996 Molliret
990 3948 1092 3995 rabidos
1108 3948 1194 4008 strupo
1212 3951 1311 3994 tauros.

267 4020 354 4084 Neque
376 4035 405 4068 ea
430 4020 554 4082 diluetur,
584 4024 632 4071 nisi
661 4025 706 4073 hos
731 4040 816 4074 versus
891 4028 1011 4090 Serpente
1021 4025 1175 4088 supttottte.
1211 4023 1309 4073 Seneca
1320 4023 1402 4072 Medea

267 4098 339 4146 aliter
350 4098 543 4162 distinguamus·
563 4105 654 4152 Medea
669 4107 765 4154 mirata
778 4114 816 4155 est
859 4106 930 4154 1025.
965 4107 1021 4168 Epo
1045 4104 1112 4152 iuter
1137 4115 1219 4150 ouras
1243 4103 1306 4150 aliti
1330 4116 1401 4150 eum

266 4179 352 4226 ducem
369 4179 462 4240 Ipuota
473 4183 558 4230 tauris
568 4184 728 4245 illipeturum
740 4187 814 4247 ispa:
856 4187 936 4234 vehor.

267 4259 397 4306 Peruenit
415 4260 458 4306 boc
478 4257 596 4308 Iasonem.
630 4262 731 4319 Medea,
749 4271 814 4326 post·
890 4264 974 4312 Iocose
1005 4261 1152 4316 Maecenas,
1176 4273 1274 4321 precer.
1309 4258 1400 4308 Verum

266 4348 340 4398 quam
362 4347 470 4382 amorem
495 4347 639 4400 conceperat
665 4341 733 4388 ducis
762 4342 812 4391 Ar·
856 4347 928 4403 puto,
949 4339 1016 4402 quod
1036 4336 1177 4386 emendavit
1194 4336 1363 4386 Marklandns
1377 4336 1400 4382 iu
