2916 5220
601 303 891 369 uPODoN

313 494 416 558 Nulla
439 494 484 559 sit
509 495 569 558 hac
592 493 701 578 potior
724 491 905 557 sententia:
932 491 1157 557 Phocaeorum

357 597 460 662 Velut
482 596 632 682 profugit
655 600 825 660 exsecrata
847 593 964 660 civitas

314 701 419 787 Apros
447 711 539 786 atque
561 701 665 764 Lares
682 701 812 784 patrios
834 696 1065 783 habitandaque
1075 696 1170 783 sana

360 803 464 888 Apris
487 802 613 888 reliquit
637 811 666 866 et
688 799 859 887 rapacibus
884 800 986 886 iupis,

312 907 381 989 ire,
399 907 498 992 pedes
514 927 720 991 quocumque
736 904 859 986 ferent,
876 924 1083 990 quocumque
1097 925 1157 988 per
1172 901 1282 966 undas

357 1011 464 1075 Notus
489 1008 619 1075 vocabit
642 1013 700 1073 aut
722 1012 893 1093 protervus
917 1006 1059 1072 Africus.

315 1113 369 1178 Sic
384 1113 513 1198 placet?
528 1135 571 1177 an
587 1111 707 1176 melius
723 1110 796 1196 quis
813 1110 914 1175 hahet
930 1109 1085 1175 suadere?
1110 1107 1266 1173 Secunda

358 1217 476 1281 Ratem
500 1237 657 1300 occupare
681 1215 762 1300 quid
786 1236 952 1279 moramur
975 1214 1079 1278 alite?

314 1319 378 1384 Sed
402 1320 546 1385 iuremus
571 1318 605 1382 in
629 1319 726 1383 haee:
755 1318 862 1384 Simul
886 1317 962 1382 imis
988 1338 1067 1382 saxa
1089 1316 1243 1382 renarint

357 1422 460 1487 Vadis
484 1422 611 1504 levata,
637 1443 678 1486 ne
700 1420 806 1486 redire
830 1420 875 1486 sit
898 1420 1008 1486 nefas:

314 1526 386 1590 Neu
409 1546 558 1590 cananea
581 1524 704 1589 demunt
721 1528 834 1610 piqeat
856 1523 936 1589 dare
959 1523 1075 1605 lintea,
1099 1523 1229 1609 qnando

179 1697 301 1756 expedita
318 1700 439 1757 repetunt.
463 1694 535 1744 Ocni.
555 1693 624 1744 cort.
642 1693 674 1740 ad
687 1691 728 1742 Ci-

180 1786 228 1820 cer.
246 1773 296 1821 III.
314 1775 394 1836 Epist.
416 1774 452 1822 12.

214 1855 394 1900 Phocaeorum.
429 1850 459 1897 In
486 1864 537 1898 uno
562 1850 618 1900 MS.
642 1852 729 1899 Paete·

183 1945 276 1978 rorum

215 2011 297 2070 Aqroe
322 2015 398 2070 atque
423 2009 503 2055 Lares
524 2009 631 2068 patrios.
669 2006 728 2056 Seu-

182 2088 260 2135 tentia
276 2085 341 2134 male
358 2085 462 2148 repetita
471 2099 503 2133 ex
515 2085 728 2134 antecedentibus:

183 2167 303 2227 Feriaque
327 2181 418 2214 rursus
447 2168 612 2228 occupabitur
641 2167 728 2212 solum.

182 2244 297 2306 Simplex
319 2244 436 2306 profuqit
457 2242 483 2290 in
501 2243 615 2306 exemplo
631 2256 664 2290 ex
681 2241 730 2289 his-

182 2323 247 2371 toria
270 2323 347 2386 petito
372 2321 472 2370 suffieit.
506 2323 540 2371 Et
561 2321 671 2369 alienum
693 2326 730 2368 est

182 2401 221 2448 hic
238 2400 432 2450 misericordiam
449 2414 560 2449 movere:
576 2414 607 2447 ea
623 2398 731 2448 Romani

182 2481 275 2543 magis,
288 2487 360 2543 puto,
370 2481 554 2529 deterrerentur
568 2494 583 2526 a
595 2478 641 2526 tali
652 2478 730 2525 eonsi-

182 2558 228 2617 lio,
242 2574 318 2622 quam
335 2560 366 2606 ad
382 2559 448 2608 illud
460 2559 632 2608 incitarentur.
653 2557 730 2604 Prae-

183 2647 250 2686 terea
258 2639 357 2700 ingrata
374 2645 411 2687 est
427 2638 584 2700 ambiguitas.
618 2636 685 2684 Nam
706 2641 731 2684 et

183 2717 287 2778 iungere
303 2718 394 2779 poteris
410 2719 525 2780 prrrfuqit
541 2722 645 2777 aproset
662 2729 731 2763 exse·

183 2803 257 2845 crata
274 2812 355 2858 apros.
389 2797 509 2844 Horatius
526 2796 659 2844 faciliorem
676 2809 730 2842 cur·

183 2890 240 2921 sum
257 2875 363 2922 orationi
380 2875 492 2931 dedisset,
504 2891 527 2922 v.
537 2889 557 2923 e.
575 2882 731 2937 atqueaqros

182 2953 329 3014 patriaeque
339 2954 419 3000 Lares
431 2954 618 3015 habitandaque
633 2966 669 3014 sq.
681 2954 731 3002 De-

184 3031 260 3095 nique
276 3031 336 3079 haec
353 3031 429 3079 verba
445 3045 542 3079 moram
555 3030 661 3080 afferunt
677 3047 731 3081 sen·

184 3111 288 3168 tentiae,
304 3126 381 3174 quam
402 3111 468 3158 dicit.
493 3112 533 3158 Ea
554 3125 620 3158 nuuc
641 3112 731 3160 melius

185 3205 213 3237 ae
229 3190 333 3238 celerius
354 3191 518 3254 progreditur.

218 3269 275 3325 Ire,
292 3271 368 3330 pedes
384 3283 527 3331 quocunque
536 3267 633 3330 serent.
651 3268 731 3331 Apol-

185 3347 235 3395 lon.
264 3347 345 3396 Rhod.
367 3347 388 3395 Ι.
413 3347 483 3395 1263.
510 3347 535 3403 ἐς
561 3346 586 3395 δὲ
612 3346 731 3397 κέλευθον

185 3426 238 3484 Τὴν
253 3425 324 3490 θὲενζ,
349 3425 368 3491 ᾖ
393 3425 467 3482 πόδες
489 3425 567 3474 αὑτὸν
592 3425 731 3490 ὑπέκφερον

186 3504 320 3554 dieucum.

220 3586 263 3632 Sic
269 3586 368 3644 placet?
378 3601 412 3632 an
424 3586 510 3632 meiius
520 3586 578 3647 quia
590 3586 663 3633 habet
673 3598 731 3632 aaa·

186 3664 257 3711 dere?
282 3663 341 3712 Non
357 3670 396 3711 est
413 3663 578 3712 necessarium
591 3664 673 3712 haece
684 3663 731 3711 for·

186 3742 260 3789 mulis
284 3742 434 3791 deliberandi
459 3743 578 3791 Romanis
599 3743 731 3804 explicare.

187 3821 272 3869 Plaut.
298 3822 393 3884 Epidio.
420 3821 441 3869 Ι,
470 3821 490 3869 l.
515 3822 555 3870 80.
583 3824 670 3884 Neque
690 3838 732 3885 eqo

186 3917 254 3949 etune
274 3903 393 3964 quatiendo
418 3917 456 3950 ure
472 3903 617 3961 expeditum
638 3918 669 3950 eu
686 3904 731 3948 iur-

185 3983 272 4041 pedito
289 3980 392 4043 faciam
415 3979 556 4029 Concilium
576 3983 667 4042 piacet.
697 3981 732 4029 Et

187 4059 223 4107 11.
241 4061 264 4109 2.
282 4060 321 4110 78.
349 4061 379 4108 Si
392 4061 502 4124 placebit
527 4059 615 4114 utitor,
643 4059 730 4107 Consi·

188 4140 251 4186 lium
268 4139 289 4185 ri
301 4154 350 4188 non
359 4141 474 4202 placebit,
486 4141 620 4201 reperitote
630 4140 730 4186 rectius.

188 4219 282 4270 Lucan.
300 4219 363 4267 VII.
382 4220 422 4268 58.
442 4222 499 4268 Hoc
513 4220 610 4281 piacet,
627 4219 731 4280 oSupe·

188 4299 232 4346 ri?
253 4299 336 4346 Multo
353 4300 434 4348 miuus
452 4298 585 4361 sequentia.
615 4297 730 4360 Xenoph.

770 1692 855 1742 Anah.
880 1692 932 1741 ΙΙΙ,
955 1693 981 1742 2.
1006 1690 1020 1740 b
1045 1708 1071 1740 τι
1093 1692 1141 1756 μὲν
1158 1691 1206 1739 οὖν
1224 1689 1322 1738 τούτων

771 1772 837 1822 δοκεῖ
869 1773 952 1829 καλῶς
978 1771 1058 1834 ἔχειν,
1088 1768 1264 1832 ἐπεκυρώσατε
1290 1767 1322 1823 ὡς

771 1851 892 1915 τάχιστα,
908 1849 943 1899 'iv'
960 1850 1025 1915 ἔργῳ
1042 1848 1188 1914 περαίνητε.
1207 1844 1268 1895 εἰδὲ
1285 1846 1322 1902 τίς

771 1947 795 1977 τι
817 1927 864 1977 εἶδε
882 1932 934 1977 τῶν
951 1927 1040 1976 ἄλλων
1059 1923 1201 1986 βέλτιονὴ
1226 1923 1321 1988 ταύτῃ,

771 2008 888 2073 τολμάτω
899 2008 942 2055 rai
954 2008 967 2056 ὁ
979 2005 1078 2065 ἰδιώτης
1088 2003 1226 2054 διδάσκειν.
1245 2004 1320 2067 Apol·

770 2087 853 2136 ionius
879 2087 960 2136 Rhod.
987 2085 1009 2132 Ι.
1027 2085 1084 2133 664.
1126 2081 1250 2148 Ἠμετέρη
1277 2082 1321 2146 μέν

771 2183 819 2216 νυν
845 2165 901 2224 τοίη
929 2163 1090 2229 παρενήνοθε
1111 2165 1196 2226 μῆτις.
1240 2160 1322 2226 ὑμέων

772 2245 792 2294 δ’
810 2246 885 2302 εἴτις
903 2244 987 2310 ἄρειον
1004 2243 1066 2299 ἔπος
1087 2241 1222 2305 μητίσεται
1240 2241 1321 2301 ἄλλη,

772 2323 889 2388 ἐγρέσθω.

807 2404 865 2451 Neu
884 2417 1001 2452 conuersa
1021 2403 1121 2450 domum
1147 2401 1237 2462 pipant
1262 2401 1323 2447 dare

774 2483 858 2530 lintea.
877 2480 1015 2530 Duodecim
1024 2493 1109 2527 versus
1125 2492 1178 2525 non
1194 2491 1249 2526 esse
1265 2491 1321 2539 pos·

774 2568 832 2607 sunt
848 2559 954 2608 Horatii.
972 2559 1003 2607 In
1016 2558 1131 2620 exemplo
1148 2557 1322 2605 Phocaeorum

773 2644 830 2686 ante
846 2638 931 2686 oculos
948 2638 1034 2686 habuit
1050 2637 1208 2686 Herodotum
1225 2636 1248 2685 Ι.
1269 2636 1321 2684 too.

773 2719 845 2767 cuius
862 2718 939 2766 verba
950 2718 1092 2779 apposuisse
1103 2731 1153 2764 uon
1165 2716 1257 2765 inutile
1265 2717 1321 2764 erit:

773 2800 913 2847 Phocenses
930 2796 1088 2856 ἐποιήσαντο
1110 2795 1217 2859 ἰσχυρὰς
1243 2796 1321 2844 κατα-

773 2894 820 2941 ρας
832 2877 869 2939 τῷ
879 2873 1073 2938 ὑπολειπομένῳ
1089 2873 1191 2922 ἑωϋτῶν
1201 2875 1249 2922 τοῦ
1262 2873 1321 2921 στό-

773 2957 828 3004 λον·
848 2955 913 3019 πρὸς
933 2955 958 3004 δὲ
975 2952 1082 3016 ταύτῃσι
1103 2952 1145 3000 καὶ
1168 2950 1267 3016 μύδρον
1284 2970 1321 2999 σι·

774 3032 862 3096 διἠρεον
878 3032 1086 3092 κατεπόντωσαν,
1104 3031 1147 3079 καὶ
1163 3029 1272 3094 ὤμοσαν
1286 3031 1321 3094 μὴ

774 3113 836 3176 πρὶν
853 3109 888 3168 εἰς
905 3113 1024 3171 Φωκαίην
1045 3111 1127 3172 ἥξειν,
1146 3111 1211 3174 πρὶν
1233 3110 1250 3169 ἢ
1277 3110 1321 3160 τὸν

772 3189 868 3254 μύδρον
886 3193 980 3240 τοῦτον
1005 3190 1144 3254 ἀναφῆναι.
1180 3189 1321 3237 Phocenses

773 3283 851 3316 unum
869 3269 961 3332 aliquid
978 3271 1107 3327 iurarunt,
1123 3269 1227 3333 quodsi
1244 3269 1322 3327 fieret,

774 3354 829 3396 tum
846 3349 892 3396 sibi
909 3350 1018 3398 reditum
1039 3348 1119 3398 licere.
1145 3350 1181 3397 Et
1197 3349 1258 3405 hoc,
1275 3363 1320 3411 pu·

774 3434 811 3485 to,
828 3429 853 3475 in
870 3428 973 3476 consilio
989 3435 1041 3477 tam
1058 3429 1132 3477 celeri
1151 3435 1177 3477 et
1193 3430 1322 3492 desperato

774 3507 870 3556 suffieit.
904 3509 950 3557 An
965 3509 1095 3557 credamus
1116 3508 1253 3556 Horatium
1271 3514 1322 3554 tarn

773 3587 843 3649 parvi
864 3586 939 3636 fuisse
959 3587 1054 3646 iudicii,
1075 3593 1105 3634 ut
1124 3585 1271 3634 luxurianti
1287 3588 1322 3635 in·

774 3667 846 3729 genio
863 3666 1007 3723 indulserit,
1023 3667 1098 3729 plane
1114 3666 1207 3714 oblitus
1224 3681 1251 3714 se
1269 3681 1322 3714 ora-

774 3745 833 3793 toris
854 3752 937 3808 partes
963 3745 1109 3808 suscepisse,
1131 3751 1155 3792 et
1176 3747 1202 3793 in
1219 3759 1250 3793 ea
1267 3747 1321 3808 qai·

774 3825 830 3873 dem
854 3839 943 3882 cansa,
967 3839 1031 3887 quae
1051 3823 1186 3872 verberum
1211 3824 1322 3886 gravita-

773 3910 865 3953 temet
883 3903 1027 3952 brevitatem
1044 3903 1198 3966 postularet?
1226 3905 1322 3953 Melius

772 3984 816 4032 ille
840 3983 947 4040 sciebat,
969 3989 993 4030 et
1018 3983 1064 4031 hoe
1085 3983 1146 4030 alios
1166 3983 1263 4039 docuit,
1281 3984 1322 4030 uhi

773 4070 836 4112 esset
853 4062 1005 4118 finiendum,
1022 4068 1046 4109 et
1062 4074 1137 4123 equo
1153 4067 1254 4121 pectore
1270 4075 1321 4108 ma·

773 4148 843 4191 naret
874 4154 1064 4205 supervacuum.
1106 4141 1154 4188 Est
1184 4139 1224 4188 hic
1250 4140 1322 4188 locus

773 4221 909 4268 communis
927 4220 957 4267 de
973 4219 1002 4267 iis
1020 4233 1092 4282 quae,
1105 4224 1133 4265 ut
1145 4225 1251 4267 naturae
1264 4235 1321 4267 oon-

773 4300 858 4355 traria,
879 4299 942 4359 ficri
964 4315 1013 4347 non
1032 4304 1145 4360 possuntt.
1183 4299 1215 4346 Iu
1240 4298 1321 4347 istius-
