2916 5220
587 339 764 403 LIBER
812 341 870 404 tv.

551 580 796 645 CARMEN
846 582 906 645 XI.

340 718 410 798 Est
432 733 516 797 mihi
540 754 664 798 nonum
688 733 874 817 superantis
898 754 1022 797 annum

340 837 462 901 Plenus
487 834 609 901 Albani
633 837 751 901 cadus:
776 835 884 901 estin
908 835 1019 912 horto,

340 939 470 1024 Phylli,
495 938 664 1004 nectendis
689 938 801 1023 apium
826 937 970 1003 coronis:

428 1043 490 1108 Est
513 1043 650 1108 hederae
674 1041 724 1107 vis

339 1145 461 1228 Madia,
485 1167 547 1231 qaa
570 1149 673 1209 crines
695 1143 830 1231 reltpata
841 1143 962 1230 salpae.

338 1249 435 1313 Ridet
458 1259 587 1336 arpenta
610 1248 732 1313 damas:
758 1270 834 1329 ara,
860 1252 957 1312 castis

348 1353 459 1416 Vincta
481 1350 638 1424 acrbeais,
665 1361 735 1416 atet
760 1350 913 1415 immolato

427 1447 583 1542 'Sparpier
607 1476 695 1541 apae.

327 1599 479 1649 CARMEN
497 1600 545 1649 XI·
751 1573 822 1636 εὐρὺς
839 1572 946 1638 ὕπερθεν
964 1573 1029 1622 Γαῖά
1048 1590 1073 1623 τε
1091 1572 1153 1622 πᾶσ’
1171 1572 1297 1638 ἐγέλασσε.

505 1691 512 1703 .
750 1652 849 1701 Domus
870 1658 954 1700 autem
976 1658 1079 1715 arpenta
1095 1654 1180 1701 ridear
1200 1659 1298 1700 tanturn

193 1693 267 1792 Ego
285 1743 333 1777 non
351 1736 477 1792 praestare
497 1730 590 1788 ausim,
608 1745 709 1780 carmen
750 1731 906 1794 splendorem
924 1737 949 1779 et
966 1731 1062 1778 divitias
1078 1729 1197 1787 ostendit,
1220 1746 1298 1793 quan·

158 1821 210 1856 esse
228 1809 335 1856 Horatii.
365 1808 421 1856 Hoc
438 1815 522 1857 tamen
539 1809 709 1872 unusquisque
750 1816 788 1858 tas
809 1810 930 1858 Horatius
952 1809 1043 1872 ubique
1064 1825 1089 1858 sc
1109 1824 1191 1873 neque
1208 1810 1300 1858 habere

158 1900 256 1934 mecum
275 1887 375 1946 sentiet,
397 1888 514 1946 meliora,
534 1889 653 1936 insimili
671 1904 709 1937 ar·
750 1904 829 1954 neque
851 1904 942 1952 cupere
963 1889 1080 1938 declarat.
1113 1889 1174 1948 Ille,
1195 1890 1239 1953 qui
1256 1906 1298 1938 au-

158 1973 289 2027 gumento,
307 1967 337 2014 de
350 1982 415 2015 vena
425 1967 493 2016 illius
505 1968 612 2016 fluxisse.
630 1966 709 2015 Deest
751 1983 818 2017 ream
842 1969 1035 2018 mediocritatem
1062 1970 1236 2018 commendans
1265 1970 1298 2018 fe·

158 2042 223 2092 illud
239 2044 388 2107 castigatum
406 2052 431 2094 et
447 2053 593 2105 venustum,
614 2046 640 2092 in
660 2061 709 2108 quo
749 2047 822 2096 licem
849 2047 1000 2110 praedicavit
1025 2062 1098 2104 eum,
1125 2049 1166 2096 eui
1191 2049 1298 2096 salinum

158 2119 303 2181 Catullum,
328 2123 501 2186 Propertium,
527 2124 658 2172 Tibullum
684 2132 709 2174 et
749 2135 882 2190 paternum
903 2128 929 2175 in
951 2127 1020 2176 tenui
1040 2142 1126 2176 mensa
1146 2128 1298 2191 splenderet,

159 2200 293 2249 Horatium
320 2203 486 2264 agnoscimus.
529 2204 631 2263 Verbo,
658 2219 707 2252 non
749 2207 789 2254 hic
821 2207 923 2254 domum
956 2211 1091 2254 ostentarat
1123 2213 1226 2269 argento
1259 2207 1296 2255 ni-

158 2285 261 2342 apparct
277 2280 385 2328 Latinus
402 2280 445 2328 ille
462 2281 530 2329 color
542 2297 631 2330 aureae
643 2288 707 2330 aeta·
749 2287 858 2333 tentem?

158 2359 203 2417 tis,
220 2373 299 2420 neque
316 2359 342 2405 in
359 2360 455 2417 verbis,
472 2375 552 2424 neque
569 2360 596 2408 in
609 2362 691 2409 rebus.
783 2363 847 2412 Aaet
857 2365 985 2412 immolato
1003 2365 1124 2426 Sparpier
1135 2380 1205 2426 ayne.
1225 2365 1298 2414 Iuvc

191 2437 293 2495 Malta,
318 2455 369 2500 qaa
391 2439 473 2489 crines
491 2443 601 2503 religata.
611 2440 708 2502 salpae.
748 2441 812 2489 nalis
844 2441 955 2488 imitatus
987 2448 1024 2489 est
1052 2456 1088 2489 vs.
1117 2443 1154 2493 17.
1184 2443 1296 2503 Horatii,

157 2513 273 2576 Linguae
290 2517 353 2565 ratio
370 2518 479 2580 postulat
489 2521 601 2583 fulgeas.
623 2520 658 2567 Et
674 2520 709 2567 sic
749 2527 777 2568 ut
799 2526 950 2568 annotarunt
972 2520 1133 2569 scholiastae.
1169 2521 1196 2571 Si
1217 2529 1297 2572 totum

158 2594 274 2642 nonnulli
291 2597 461 2654 coniecerunt,
478 2605 503 2645 et
519 2612 566 2659 ego
583 2597 666 2645 iuveni
682 2597 707 2644 in
748 2600 795 2647 hoc
816 2614 915 2648 carmen
940 2599 972 2646 sit
992 2598 1106 2658 Horatii,
1134 2614 1182 2648 non
1204 2603 1296 2653 dubito.

157 2672 216 2722 MS.
250 2673 323 2721 Voss.
350 2681 476 2723 mutatum
497 2675 585 2724 deinde
610 2676 635 2722 in
651 2676 708 2738 sal·
750 2680 800 2729 Sed
828 2680 888 2727 haec
909 2684 975 2726 certe
996 2679 1100 2726 Horatio
1125 2693 1157 2728 ex
1178 2680 1297 2732 Iuvenale

157 2767 211 2813 aas,
238 2751 321 2799 addita
342 2754 436 2816 glossa:
463 2756 540 2804 salita
561 2770 586 2803 ea
597 2753 708 2817 fulgere.
749 2757 910 2813 affluxerunt,
928 2756 981 2806 Sat.
993 2757 1056 2805 XII.
1078 2760 1098 2807 l.
1121 2760 1223 2819 Natali,
1234 2762 1295 2809 Cor·

158 2829 285 2893 Synizesis
308 2845 337 2880 ea
351 2835 457 2896 fulgeas
478 2833 584 2881 Horatio
605 2833 709 2896 indigna
748 2838 816 2893 ciac,
833 2838 885 2893 die,
903 2839 965 2885 natat
982 2838 1080 2887 dulcior
1093 2841 1153 2887 haee
1165 2842 1218 2899 lua,
1238 2841 1296 2899 Qua

157 2917 202 2959 est.
237 2911 375 2975 Indignum
386 2914 477 2976 salpae
490 2929 505 2960 a
509 2915 612 2978 fulgere
622 2915 709 2963 tertiae
742 2915 824 2976 festia
843 2919 970 2977 proruisse
989 2916 1048 2966 Deis
1070 2920 1193 2966 animalia
1215 2934 1298 2982 ccupas

157 2991 351 3054 coniugationis,
368 2991 500 3054 indignum
511 2992 605 3056 salpia,
617 2999 645 3040 nt
656 2996 709 3042 edis
750 2996 906 3056 Exspectat:
928 2998 1027 3044 alaeam
1046 2998 1157 3060 Reginae
1173 3000 1298 3046 cardimus

157 3085 203 3132 pro
220 3069 284 3118 edas.
320 3071 386 3119 Edit
405 3085 453 3119 usu
470 3076 596 3134 receptum
613 3078 638 3119 ct
654 3086 708 3134 pro·
748 3088 846 3133 aonam.
881 3073 986 3122 Caetera
1003 3076 1078 3122 ducta
1094 3083 1154 3123 sunt
1169 3090 1201 3123 ex
1217 3075 1260 3126 lib.
1275 3078 1295 3126 Ι,

157 3149 244 3197 batum
262 3149 322 3206 tuit,
332 3151 419 3212 fulgis
435 3157 460 3198 et
477 3150 540 3198 aliae
557 3150 659 3208 formae,
677 3151 708 3198 ab
750 3149 834 3199 Carm.
850 3152 887 3199 19.
924 3153 976 3201 Hic
993 3154 1076 3200 uiuam
1092 3155 1156 3199 mihi
1172 3156 1296 3214 cespitem,

157 3227 335 3291 interpretibus
351 3230 497 3293 propositae,
519 3234 600 3276 aetate
610 3228 709 3276 Horatii
749 3231 789 3278 hie
810 3232 935 3278 Verbeaaa
953 3232 1028 3291 paeri
1048 3233 1140 3293 ponite.
1175 3230 1296 3281 Mactata

159 3322 210 3356 non
235 3308 344 3357 fueramt.
380 3310 498 3372 Reltpata
522 3321 554 3356 ex
580 3307 601 3355 Ι.
623 3307 708 3357 Germ.
747 3310 830 3356 variet
853 3309 932 3356 lenior
956 3310 1044 3357 hostia.
1080 3308 1129 3358 Sed
1146 3308 1224 3357 habeo
1241 3325 1293 3371 cer·

159 3387 182 3435 5.
211 3387 366 3449 Caiflaaam
376 3389 469 3450 relipas
478 3403 579 3436 comam.
602 3385 708 3435 Comam
748 3387 797 3434 tius
811 3393 996 3448 argumentum,
1011 3401 1062 3451 quo
1075 3388 1239 3437 demonstrem
1250 3391 1294 3439 hos

156 3467 266 3528 retiquae
286 3472 311 3515 et
333 3469 413 3530 lipare
433 3465 501 3528 (nam
519 3466 580 3514 haec
597 3480 646 3513 non
663 3464 708 3514 dis·
749 3480 834 3515 versus
851 3480 904 3514 esse
920 3466 1025 3529 spurios
1060 3465 1143 3513 Homo
1161 3465 1295 3516 Scholasti-

157 3543 222 3593 ferre
238 3546 345 3594 concedo
364 3545 492 3594 Passowio
508 3546 541 3593 ad
554 3545 634 3593 Taciti
646 3544 707 3594 Ger·
748 3559 791 3593 cus
808 3544 866 3594 fecit
882 3546 1015 3594 Horatium
1032 3544 1071 3593 die
1083 3546 1235 3594 Maecenatis
1252 3562 1294 3596 na·

158 3636 224 3671 man.
242 3623 293 3686 38.)
309 3626 396 3672 esaia
407 3626 499 3672 nodam
511 3625 631 3687 colligere,
643 3622 708 3670 nodo
748 3623 794 3671 tali
816 3639 886 3672 aram
912 3624 1032 3686 sanguine
1053 3639 1132 3686 agnae
1153 3626 1295 3676 immolatae

158 3715 253 3765 eogere.
293 3703 425 3764 Quomodo
450 3709 534 3750 autem
560 3715 650 3751 carcaa
674 3715 707 3749 ex
747 3711 912 3765 spargentem.
946 3704 1051 3751 Veteres
1068 3711 1151 3751 autern
1167 3704 1211 3753 illo
1228 3707 1266 3754 die
1280 3723 1295 3754 a

158 3781 214 3842 apio
235 3787 259 3829 et
280 3781 372 3829 hedera
392 3795 444 3829 csse
464 3782 540 3843 possit
559 3783 640 3829 nodas
658 3795 707 3844 quo
747 3781 821 3829 caede
843 3789 868 3830 ct
888 3782 1010 3845 sanguine
1030 3780 1104 3843 plane
1125 3782 1293 3845 abstinebant,

157 3859 237 3906 crines
254 3859 400 3921 religantur,
412 3858 540 3908 intellectu
552 3859 651 3908 difficile
662 3865 706 3907 est.
748 3872 790 3916 ne,
812 3861 878 3922 quod
897 3875 929 3909 ex
946 3860 1062 3908 Varrone
1079 3860 1164 3907 retulit
1181 3861 1293 3912 Censori·

158 3935 257 3986 Corona
272 3936 352 3985 onnes
368 3939 454 4001 cingit,
470 3940 581 3996 redimit,
597 3944 681 3988 araat.
746 3950 810 3995 nus,
831 3954 879 4000 qao
901 3941 941 3987 die
960 3940 1010 4000 ipat
1032 3940 1109 3985 lacem
1131 3943 1293 4002 acceptarent,

193 4018 271 4065 ataet
292 4024 395 4080 arpenta
410 4021 504 4066 damas.
539 4017 596 4066 Hoc
613 4016 643 4065 de
659 4016 706 4066 Ca·
746 4018 806 4065 aliia
831 4019 963 4065 dearcreat.
1005 4015 1064 4064 Vid.
1094 4015 1235 4068 casaubon.
1261 4021 1293 4068 ad

158 4094 224 4142 tullo
240 4097 370 4144 transtulit
386 4097 412 4144 in
429 4097 540 4160 Epithal.
557 4097 615 4146 284.
643 4098 707 4155 Qaa's
746 4095 827 4144 Persii
845 4095 898 4144 Sat.
915 4095 951 4143 II.
968 4109 1042 4158 quem
1060 4093 1178 4145 Ouaelius
1196 4099 1226 4145 ad
1245 4099 1293 4147 Mt·

155 4176 286 4236 permulta
311 4176 397 4223 murras
417 4177 526 4224 iuranda
546 4177 607 4224 risit
626 4176 705 4224 odore.
746 4179 800 4222 nut.
821 4172 931 4222 Felicem
953 4189 1010 4236 pag.
1028 4173 1067 4222 63.
1089 4173 1195 4223 refirtare
1215 4176 1293 4225 voluit

157 4253 261 4303 Ruhnk.
286 4255 440 4317 comparavit
459 4255 591 4318 Hymnum
611 4253 706 4304 Cereris
746 4251 792 4299 boc
804 4252 858 4300 loeo
869 4252 1011 4309 Horatii‚et
1020 4251 1140 4315 exemplis
1151 4253 1293 4304 Alexandri

158 4347 194 4381 vs.
213 4332 251 4380 13.
287 4330 381 4392 Κηώόει
402 4331 422 4380 δ’
440 4333 505 4397 ὀδμῇ
526 4335 579 4390 πᾶς
596 4333 705 4399 οὐρανὸς
747 4330 833 4380 Severi
853 4331 918 4394 apud
941 4330 1126 4394 Lampridium,
1148 4339 1173 4380 ot
1196 4333 1291 4382 Antan.
