2916 5220
642 330 961 393 (·.tlclliNUli

620 558 644 619 (fi
658 558 687 619 tl
706 558 729 619 ll
745 557 776 618 ll
792 557 819 619 lt
834 557 864 618 N
911 558 989 620 ΧΠ.

415 707 517 784 Nolis
543 722 638 803 leuga
665 723 750 786 ferae
774 722 859 786 bella
885 723 1084 788 Numantiae

413 825 480 887 Nec
504 825 612 889 dirum
637 824 860 888 Hannibalem
885 848 943 889 nec
969 826 1117 891 Siculum
1141 849 1229 891 marc

414 929 522 992 Poeno
546 950 744 1013 purpureum
769 929 930 1012 sanguine
954 930 1109 994 mollibus

501 1032 619 1117 Aptari
643 1032 787 1095 citharae
810 1032 935 1114 modis,

414 1136 481 1199 Nec
507 1157 619 1199 saevos
645 1135 802 1219 Lapithas
828 1142 861 1199 et
884 1136 1024 1200 nimium
1048 1159 1137 1201 meru

418 1239 578 1321 Hylaeum
602 1238 784 1302 domitoave
809 1239 971 1303 Herculea
996 1261 1096 1303 manu

414 1341 550 1405 Telluris
577 1342 725 1423 iuvenca,
749 1341 837 1406 unde
860 1341 1041 1426 periculum

502 1444 647 1529 Fulgens
672 1444 870 1509 contremuit
894 1445 1010 1509 domus

414 1549 546 1613 Saturni
571 1548 707 1612 veteris:
733 1552 834 1632 tuque
857 1548 1062 1632 pedestribus

415 1650 510 1713 Dices
535 1649 681 1714 historiis
705 1651 829 1734 proelia
853 1652 1018 1734 Caesario,

414 1751 604 1833 Maecenate,
629 1752 748 1817 melius
774 1753 936 1838 ductaque
958 1776 1016 1838 per
1039 1754 1109 1818 vias

503 1855 632 1940 Regum
656 1857 740 1920 colla
766 1857 954 1922 minacium.

413 1958 466 2021 Me
491 1957 596 2021 dulcis
621 1958 773 2023 dominae
798 1959 896 2024 Musa
920 1960 1109 2043 Licymniae

394 2148 548 2198 CARMEN
566 2149 628 2197 ΧΠΙ
821 2124 947 2185 explicant
972 2122 1138 2171 Hannibalem
1169 2125 1274 2178 dearum,
1304 2124 1375 2171 cuius¹

821 2201 893 2249 nullo
914 2201 999 2250 labore
1020 2208 1064 2249 aut
1085 2215 1173 2264 corpus
1196 2200 1308 2264 fatigari,
1331 2212 1375 2251 aut

265 2245 438 2331 Necdirum
451 2280 631 2328 Hannibalem.
653 2277 780 2327 Bentlcius
821 2280 919 2327 animus
942 2279 1008 2328 vinci
1033 2279 1121 2342 potuit.
1161 2279 1245 2342 Igitur
1270 2281 1375 2329 dixisset

234 2374 265 2407 ex
290 2359 405 2421 pluribus
432 2359 507 2409 MSS.
533 2361 633 2406 durum.
672 2357 703 2405 In
728 2364 780 2403 tam
822 2358 956 2407 Hanatiua:
977 2360 1066 2408 “Nolis
1082 2359 1192 2407 citharae
1200 2360 1280 2421 aptari
1288 2361 1376 2409 laudes

233 2453 311 2501 parvo
331 2439 461 2488 literarum
478 2438 618 2486 discrimine
636 2435 712 2485 MSS.
731 2449 781 2482 non
822 2437 994 2486 Hannibalis.”
1034 2439 1100 2486 Nam
1122 2444 1160 2486 cst
1180 2453 1210 2490 aa
1226 2437 1375 2500 significatio

234 2531 358 2567 curamus.
382 2519 515 2567 Etccnties
525 2518 586 2565 haec
599 2522 658 2564 suut
672 2514 780 2563 confusa.
821 2517 846 2564 in
869 2530 929 2566 voce
951 2520 1038 2566 durna.
1075 2518 1136 2566 Ideo
1154 2531 1254 2580 quoque
1272 2517 1374 2567 Servius

233 2597 292 2645 Vid.
310 2599 448 2646 Burmann.
471 2598 502 2645 ad
524 2595 609 2645 Valer.
627 2595 710 2644 Illaec.
731 2593 781 2640 III.
824 2595 855 2642 ad
872 2595 907 2643 ΙΙ.
926 2597 991 2645 Aen.
1014 2598 1037 2648 7.
1061 2611 1149 2660 operae
1170 2597 1278 2659 pretium
1299 2597 1374 2644 duxit

233 2677 288 2725 610.
316 2676 474 2739 Oudendorp.
500 2676 532 2724 ad
558 2674 652 2737 Appul.
679 2673 780 2721 Metam.
824 2681 954 2723 annotare:
971 2679 1075 2736 “Dora',
1095 2690 1145 2723 non
1166 2679 1292 2734 laboriosi,
1314 2677 1375 2739 quia

233 2771 290 2817 pag,
311 2756 364 2804 121.
382 2756 526 2804 Markland.
540 2755 571 2802 ad
584 2753 657 2804 Statii
669 2754 705 2802 11.
719 2752 781 2801 silv.
823 2769 872 2802 non
894 2754 1008 2803 laudaret
1028 2769 1099 2813 eum,
1120 2769 1177 2801 cum
1200 2761 1263 2802 esset
1284 2754 1374 2811 hostis,

234 2835 256 2881 6.
287 2836 328 2882 80.
362 2836 425 2882 Erat
455 2833 583 2882 Hannibal
608 2838 633 2880 et
653 2833 734 2878 durus
759 2839 782 2878 et
824 2834 866 2881 sed
884 2836 958 2892 dimi,
974 2835 999 2881 id
1016 2841 1053 2882 est
1075 2835 1190 2883 crudelia
1224 2833 1290 2880 Nam
1312 2832 1374 2882 Vir-

234 2915 313 2960 dlrna.
348 2914 492 2962 Videndum
513 2912 597 2967 modo,
620 2917 703 2958 utrum
725 2911 783 2958 huic
824 2913 899 2976 gilius
927 2928 972 2976 pro
1001 2913 1154 2974 negotiorum
1186 2911 1306 2974 qualitate
1332 2912 1374 2959 dat

234 2993 288 3039 loco
309 2993 341 3038 sit
363 2991 451 3054 aptius.
489 2990 570 3040 Credo
596 2991 696 3046 dirum,
723 3004 782 3037 nam
824 2993 956 3055 epitlrcta.”
990 2992 1108 3040 Vitemus
1125 3006 1185 3053 ergo
1196 2998 1220 3038 et
1231 2992 1256 3038 in
1268 2991 1374 3039 Horatio

235 3071 280 3117 hoc
298 3070 354 3133 plus
372 3077 408 3118 est
425 3086 499 3133 quam
522 3073 627 3126 dicrum,
648 3074 673 3115 ct
693 3067 783 3116 melius
825 3072 889 3119 illud
907 3072 1066 3134 ambiguum,
1082 3077 1107 3118 ct
1118 3070 1244 3132 legamus:
1272 3073 1373 3119 Necdi-

234 3150 347 3197 convenit
372 3164 429 3197 cum
451 3149 515 3212 seru
544 3147 694 3204 Numantia,
720 3147 783 3194 mari
825 3167 883 3198 ram
900 3153 1080 3199 Hannibalem.

233 3232 354 3290 surrpuine
370 3243 507 3292 purpureo,
525 3234 549 3275 et
566 3228 646 3275 suecia
663 3226 782 3288 Lapithis.
859 3232 975 3278 Nimirum
995 3245 1068 3278 mmo.
1106 3228 1231 3285 Nimium,
1258 3228 1373 3276 intolera-

234 3309 352 3356 Horatius
369 3309 414 3356 hoc
439 3308 564 3371 epitheton
591 3307 616 3354 in
642 3306 784 3354 Hannibale
826 3307 910 3365 bilem,
922 3309 1089 3370 impotentem.
1104 3308 1171 3355 Vide
1186 3309 1331 3370 interpretes
1343 3309 1374 3356 ad

234 3395 309 3435 amat.
327 3387 377 3435 III.
395 3387 478 3436 Carm.
501 3387 525 3434 6.
560 3388 739 3448 Pyrrhumque
759 3390 783 3433 et
827 3386 917 3436 Vellei.
936 3387 1033 3435 Paterc.
1051 3387 1085 3435 II.
1103 3387 1142 3434 32.

234 3469 356 3528 inperitam
386 3468 474 3515 cecidit
505 3467 657 3512 Antiochum
684 3465 785 3511 Hunni·
858 3467 1012 3528 Licymniae.
1031 3465 1175 3514 Terentiam
1186 3463 1322 3526 significari
1334 3480 1374 3514 vo-

234 3547 360 3606 luctataque
385 3546 476 3592 dirum.
523 3541 589 3589 Hinc
618 3549 704 3588 auctor
735 3541 783 3590 IV.
826 3543 987 3592 luutretcres
1002 3545 1155 3594 Scholiastae
1168 3544 1198 3591 ad
1212 3543 1375 3591 hunclocum

234 3623 319 3672 Carru.
337 3624 360 3669 4.
396 3624 478 3669 Diras
502 3635 549 3681 per
574 3623 646 3667 arbes
663 3621 729 3682 Afer
754 3628 785 3668 at
825 3628 850 3669 et
863 3621 1220 3685 omncsl'ercaliiinterpretes¹
1239 3622 1333 3670 Poetae
1349 3624 1374 3670 in

234 3702 327 3750 [tulos.
360 3700 517 3749 Ubieadem
539 3699 623 3746 estin
644 3698 722 3748 MSS.
739 3715 781 3747 va·
825 3700 870 3747 tali
886 3701 1016 3749 nominum
1029 3700 1167 3749 mutatione
1179 3702 1312 3750 servabant
1323 3701 1374 3764 plc-

235 3781 321 3841 rictas,
340 3779 382 3827 sed
399 3792 503 3827 numero
514 3784 539 3827 et
550 3778 696 3826 auctoritate
709 3778 784 3840 longe
825 3794 931 3842 rumque
951 3781 1053 3828 eandem
1075 3780 1230 3842 syllabarum
1251 3780 1374 3842 quantita·

234 3860 377 3908 minoribus.
411 3857 568 3908 Recentiores
589 3857 689 3919 quidam
711 3859 783 3906 inter·
826 3864 875 3905 tem
893 3865 918 3905 et
935 3873 1080 3916 numerum,
1096 3860 1137 3906 scd
1156 3874 1204 3907 non
1218 3872 1314 3921 semper
1325 3874 1374 3908 scr-

234 3946 314 4001 pretes
339 3938 479 3987 Bentlcium
514 3952 563 3985 non
598 3936 783 3986 intellexeruut.
826 3938 925 3985 vabaut.
959 3937 1067 4000 Egregie
1088 3938 1118 3986 dc
1135 3938 1179 3985 illa
1195 3938 1375 3986 consuetudine

234 4021 301 4067 Nam
322 4019 449 4069 Bentleius
470 4021 563 4066 durum
584 4019 668 4066 cadem
690 4018 784 4064 ratione
826 4024 880 4079 post
903 4006 1043 4066 Bentleium
1068 4017 1203 4079 disputarit
1228 4016 1375 4064 Huschkius

235 4100 311 4161 accipi
328 4099 438 4155 volebat,
456 4114 507 4161 qua
524 4100 619 4153 dirmn,
637 4105 665 4144 ut
683 4102 784 4158 apparet
825 4096 851 4143 in
869 4096 998 4144 Analectis
1015 4097 1141 4144 Litcrariis
1161 4111 1217 4158 pag.
1235 4096 1292 4144 303.
1310 4103 1336 4143 ct
1354 4097 1374 4143 l.

235 4193 266 4224 ex
284 4178 401 4240 appositis
419 4178 450 4224 ab
466 4192 495 4223 eo
514 4177 616 4240 Virgilii
628 4177 699 4232 locis,
714 4189 783 4237 prac—
826 4175 857 4224 G.
866 4175 895 4223 F.
905 4175 1009 4222 Estreus
1027 4175 1051 4220 iu
1070 4176 1168 4236 egregio
1180 4174 1243 4222 libro
1256 4175 1287 4222 de
1300 4175 1374 4223 Pros-

236 4257 326 4303 l'erclrut
344 4263 453 4313 tautum,
472 4262 500 4302 ut
518 4256 613 4314 gratius
631 4256 697 4302 ficret
717 4253 781 4300 anti·
825 4255 990 4316 opegraplreia
1006 4254 1156 4312 Horatiana,
1169 4255 1311 4304 adolescens
1329 4255 1374 4303 illc

236 4335 319 4382 theton
351 4335 376 4380 in
403 4328 517 4381 mollibus
544 4336 628 4382 modia
666 4335 700 4382 Hi
726 4347 783 4381 rcro
826 4340 949 4390 mortuus,
967 4332 1065 4389 multis,
1087 4340 1110 4380 et
1128 4333 1189 4380 mihi
1195 4368 1202 4393 ,
1219 4337 1373 4397 praeceptori
