<?xml version="1.0" encoding="UTF-8"?>
<!DOCTYPE html PUBLIC "-//W3C//DTD XHTML 1.0 Transitional//EN"
    "http://www.w3.org/TR/xhtml1/DTD/xhtml1-transitional.dtd">
<html xmlns="http://www.w3.org/1999/xhtml" xml:lang="en" lang="en">
 <head>
  <title>
</title>
<meta http-equiv="Content-Type" content="text/html;charset=utf-8" />
  <meta name='ocr-system' content='tesseract 3.04.00' />
  <meta name='ocr-capabilities' content='ocr_page ocr_carea ocr_par ocr_line ocrx_word'/>
</head>
<body>
  <div class='ocr_page' id='page_1' title='image "./qhoratiiflaccic00horagoog_0290.png"; bbox 0 0 2916 5220; ppageno 0'>
   <div class='ocr_carea' id='block_1_1' title="bbox 576 296 862 358">
    <p class='ocr_par' dir='ltr' id='par_1_1' title="bbox 576 296 862 358">
     <span class='ocr_line' id='line_1_1' title="bbox 576 296 862 358; baseline 0 -1"><span class='ocrx_word' id='word_1_1' title='bbox 576 296 630 357; x_wconf 75' lang='lat' dir='ltr'>ul</span> <span class='ocrx_word' id='word_1_2' title='bbox 648 296 751 357; x_wconf 70' lang='lat' dir='ltr'>linit</span> <span class='ocrx_word' id='word_1_3' title='bbox 797 297 862 358; x_wconf 80' lang='lat' dir='ltr'>ill.</span> 
     </span>
    </p>
   </div>
   <div class='ocr_carea' id='block_1_2' title="bbox 535 528 901 595">
    <p class='ocr_par' dir='ltr' id='par_1_2' title="bbox 535 528 901 595">
     <span class='ocr_line' id='line_1_2' title="bbox 535 528 901 595; baseline 0.005 -3"><span class='ocrx_word' id='word_1_4' title='bbox 535 528 779 594; x_wconf 76' lang='lat' dir='ltr'><strong>OARMEN</strong></span> <span class='ocrx_word' id='word_1_5' title='bbox 828 531 901 595; x_wconf 90' lang='lat' dir='ltr'>XV.</span> 
     </span>
    </p>
   </div>
   <div class='ocr_carea' id='block_1_3' title="bbox 334 685 1153 2332">
    <p class='ocr_par' dir='ltr' id='par_1_3' title="bbox 337 685 749 787">
     <span class='ocr_line' id='line_1_3' title="bbox 337 685 749 787; baseline 0.005 -23"><span class='ocrx_word' id='word_1_6' title='bbox 337 685 433 765; x_wconf 83' lang='lat' dir='ltr'>Uxor</span> <span class='ocrx_word' id='word_1_7' title='bbox 464 702 616 787; x_wconf 87' lang='lat' dir='ltr'>pauperis</span> <span class='ocrx_word' id='word_1_8' title='bbox 641 703 749 786; x_wconf 88' lang='lat' dir='ltr'>Ibyci,</span> 
     </span>
    </p>

    <p class='ocr_par' dir='ltr' id='par_1_4' title="bbox 335 804 1053 994">
     <span class='ocr_line' id='line_1_4' title="bbox 377 804 1053 892; baseline 0.006 -24"><span class='ocrx_word' id='word_1_9' title='bbox 377 804 519 869; x_wconf 83' lang='lat' dir='ltr'>Tandem</span> <span class='ocrx_word' id='word_1_10' title='bbox 544 805 709 890; x_wconf 74' lang='lat' dir='ltr'>nequitiae</span> <span class='ocrx_word' id='word_1_11' title='bbox 731 806 796 892; x_wconf 79' lang='lat' dir='ltr'>fige</span> <span class='ocrx_word' id='word_1_12' title='bbox 819 808 954 872; x_wconf 89' lang='lat' dir='ltr'>modum</span> <span class='ocrx_word' id='word_1_13' title='bbox 979 816 1053 872; x_wconf 87' lang='lat' dir='ltr'>tuae</span> 
     </span>
     <span class='ocr_line' id='line_1_5' title="bbox 335 909 759 994; baseline 0.007 -22"><span class='ocrx_word' id='word_1_14' title='bbox 335 909 550 994; x_wconf 86' lang='lat' dir='ltr'>Famosisque</span> <span class='ocrx_word' id='word_1_15' title='bbox 573 909 759 975; x_wconf 76' lang='lat' dir='ltr'>laboribus:</span> 
     </span>
    </p>

    <p class='ocr_par' dir='ltr' id='par_1_5' title="bbox 335 1012 925 1201">
     <span class='ocr_line' id='line_1_6' title="bbox 377 1012 925 1098; baseline 0.007 -23"><span class='ocrx_word' id='word_1_16' title='bbox 377 1012 506 1077; x_wconf 88' lang='lat' dir='ltr'>Maturo</span> <span class='ocrx_word' id='word_1_17' title='bbox 529 1013 661 1098; x_wconf 86' lang='lat' dir='ltr'>propior</span> <span class='ocrx_word' id='word_1_18' title='bbox 685 1013 797 1079; x_wconf 83' lang='lat' dir='ltr'>desine</span> <span class='ocrx_word' id='word_1_19' title='bbox 820 1015 925 1080; x_wconf 87' lang='lat' dir='ltr'>funeri</span> 
     </span>
     <span class='ocr_line' id='line_1_7' title="bbox 335 1115 741 1201; baseline 0.012 -24"><span class='ocrx_word' id='word_1_20' title='bbox 335 1116 424 1179; x_wconf 88' lang='lat' dir='ltr'>luter</span> <span class='ocrx_word' id='word_1_21' title='bbox 447 1115 558 1180; x_wconf 83' lang='lat' dir='ltr'>ludere</span> <span class='ocrx_word' id='word_1_22' title='bbox 581 1116 741 1201; x_wconf 85' lang='lat' dir='ltr'>virgines,</span> 
     </span>
    </p>

    <p class='ocr_par' dir='ltr' id='par_1_6' title="bbox 334 1218 1087 1406">
     <span class='ocr_line' id='line_1_8' title="bbox 378 1218 1087 1306; baseline 0.006 -24"><span class='ocrx_word' id='word_1_23' title='bbox 378 1218 423 1282; x_wconf 83' lang='lat' dir='ltr'>Et</span> <span class='ocrx_word' id='word_1_24' title='bbox 447 1218 553 1284; x_wconf 89' lang='lat' dir='ltr'>stellis</span> <span class='ocrx_word' id='word_1_25' title='bbox 578 1219 733 1284; x_wconf 85' lang='lat' dir='ltr'>nebulam</span> <span class='ocrx_word' id='word_1_26' title='bbox 757 1242 908 1306; x_wconf 84' lang='lat' dir='ltr'>spargere</span> <span class='ocrx_word' id='word_1_27' title='bbox 931 1222 1087 1286; x_wconf 83' lang='lat' dir='ltr'>candidis.</span> 
     </span>
     <span class='ocr_line' id='line_1_9' title="bbox 334 1320 879 1406; baseline 0.007 -23"><span class='ocrx_word' id='word_1_28' title='bbox 334 1320 426 1403; x_wconf 89' lang='lat' dir='ltr'>Non,</span> <span class='ocrx_word' id='word_1_29' title='bbox 453 1321 480 1385; x_wconf 92' lang='lat' dir='ltr'>si</span> <span class='ocrx_word' id='word_1_30' title='bbox 505 1321 584 1406; x_wconf 92' lang='lat' dir='ltr'>quid</span> <span class='ocrx_word' id='word_1_31' title='bbox 609 1320 755 1386; x_wconf 73' lang='lat' dir='ltr'>Pholoen</span> <span class='ocrx_word' id='word_1_32' title='bbox 780 1322 879 1405; x_wconf 89' lang='lat' dir='ltr'>satis,</span> 
     </span>
    </p>

    <p class='ocr_par' dir='ltr' id='par_1_7' title="bbox 335 1423 1020 1613">
     <span class='ocr_line' id='line_1_10' title="bbox 379 1423 1020 1507; baseline 0.009 -21"><span class='ocrx_word' id='word_1_33' title='bbox 379 1423 424 1487; x_wconf 86' lang='lat' dir='ltr'>Et</span> <span class='ocrx_word' id='word_1_34' title='bbox 447 1429 495 1506; x_wconf 91' lang='lat' dir='ltr'>te,</span> <span class='ocrx_word' id='word_1_35' title='bbox 523 1424 652 1507; x_wconf 81' lang='lat' dir='ltr'>Chlori,</span> <span class='ocrx_word' id='word_1_36' title='bbox 677 1426 783 1490; x_wconf 85' lang='lat' dir='ltr'>decet:</span> <span class='ocrx_word' id='word_1_37' title='bbox 808 1425 879 1490; x_wconf 89' lang='lat' dir='ltr'>filia</span> <span class='ocrx_word' id='word_1_38' title='bbox 901 1427 1020 1492; x_wconf 86' lang='lat' dir='ltr'>rectius</span> 
     </span>
     <span class='ocr_line' id='line_1_11' title="bbox 335 1526 850 1613; baseline 0.01 -25"><span class='ocrx_word' id='word_1_39' title='bbox 335 1526 515 1613; x_wconf 80' lang='lat' dir='ltr'>Expugnat</span> <span class='ocrx_word' id='word_1_40' title='bbox 539 1528 695 1594; x_wconf 89' lang='lat' dir='ltr'>iuvenum</span> <span class='ocrx_word' id='word_1_41' title='bbox 719 1530 850 1611; x_wconf 86' lang='lat' dir='ltr'>domos,</span> 
     </span>
    </p>

    <p class='ocr_par' dir='ltr' id='par_1_8' title="bbox 338 1630 1039 1819">
     <span class='ocr_line' id='line_1_12' title="bbox 381 1630 1039 1718; baseline 0.006 -24"><span class='ocrx_word' id='word_1_42' title='bbox 381 1630 482 1695; x_wconf 86' lang='lat' dir='ltr'>Pulso</span> <span class='ocrx_word' id='word_1_43' title='bbox 505 1631 623 1715; x_wconf 80' lang='lat' dir='ltr'>Thyias</span> <span class='ocrx_word' id='word_1_44' title='bbox 648 1631 698 1696; x_wconf 89' lang='lat' dir='ltr'>uti</span> <span class='ocrx_word' id='word_1_45' title='bbox 723 1632 851 1697; x_wconf 88' lang='lat' dir='ltr'>concita</span> <span class='ocrx_word' id='word_1_46' title='bbox 874 1641 1039 1718; x_wconf 84' lang='lat' dir='ltr'>tympano.</span> 
     </span>
     <span class='ocr_line' id='line_1_13' title="bbox 338 1731 790 1819; baseline 0.009 -25"><span class='ocrx_word' id='word_1_47' title='bbox 338 1731 435 1796; x_wconf 89' lang='lat' dir='ltr'>Illam</span> <span class='ocrx_word' id='word_1_48' title='bbox 460 1734 550 1819; x_wconf 83' lang='lat' dir='ltr'>cogit</span> <span class='ocrx_word' id='word_1_49' title='bbox 573 1756 663 1799; x_wconf 89' lang='lat' dir='ltr'>amor</span> <span class='ocrx_word' id='word_1_50' title='bbox 686 1734 790 1799; x_wconf 81' lang='lat' dir='ltr'>Nothi</span> 
     </span>
    </p>

    <p class='ocr_par' dir='ltr' id='par_1_9' title="bbox 336 1834 1013 2024">
     <span class='ocr_line' id='line_1_14' title="bbox 384 1834 1013 1923; baseline 0.01 -25"><span class='ocrx_word' id='word_1_51' title='bbox 384 1834 539 1902; x_wconf 87' lang='lat' dir='ltr'>Lascivae</span> <span class='ocrx_word' id='word_1_52' title='bbox 563 1837 707 1902; x_wconf 77' lang='lat' dir='ltr'>similem</span> <span class='ocrx_word' id='word_1_53' title='bbox 731 1837 842 1902; x_wconf 88' lang='lat' dir='ltr'>ludere</span> <span class='ocrx_word' id='word_1_54' title='bbox 866 1860 1013 1923; x_wconf 89' lang='lat' dir='ltr'>capreae:</span> 
     </span>
     <span class='ocr_line' id='line_1_15' title="bbox 336 1936 790 2024; baseline 0.009 -24"><span class='ocrx_word' id='word_1_55' title='bbox 336 1936 380 2001; x_wconf 86' lang='lat' dir='ltr'>Te</span> <span class='ocrx_word' id='word_1_56' title='bbox 403 1938 498 2003; x_wconf 88' lang='lat' dir='ltr'>lanae</span> <span class='ocrx_word' id='word_1_57' title='bbox 520 1961 621 2024; x_wconf 88' lang='lat' dir='ltr'>prope</span> <span class='ocrx_word' id='word_1_58' title='bbox 645 1939 790 2005; x_wconf 88' lang='lat' dir='ltr'>nobilem</span> 
     </span>
    </p>

    <p class='ocr_par' dir='ltr' id='par_1_10' title="bbox 336 2040 1153 2230">
     <span class='ocr_line' id='line_1_16' title="bbox 381 2040 1153 2126; baseline 0.006 -22"><span class='ocrx_word' id='word_1_59' title='bbox 381 2040 505 2106; x_wconf 80' lang='lat' dir='ltr'>Tonsae</span> <span class='ocrx_word' id='word_1_60' title='bbox 530 2041 719 2124; x_wconf 88' lang='lat' dir='ltr'>Luceriam,</span> <span class='ocrx_word' id='word_1_61' title='bbox 745 2064 810 2106; x_wconf 88' lang='lat' dir='ltr'>non</span> <span class='ocrx_word' id='word_1_62' title='bbox 835 2043 994 2126; x_wconf 85' lang='lat' dir='ltr'>citharae,</span> <span class='ocrx_word' id='word_1_63' title='bbox 1020 2045 1153 2126; x_wconf 87' lang='lat' dir='ltr'>decent,</span> 
     </span>
     <span class='ocr_line' id='line_1_17' title="bbox 336 2143 807 2230; baseline 0.011 -24"><span class='ocrx_word' id='word_1_64' title='bbox 336 2143 403 2208; x_wconf 88' lang='lat' dir='ltr'>Nec</span> <span class='ocrx_word' id='word_1_65' title='bbox 426 2143 487 2208; x_wconf 91' lang='lat' dir='ltr'>flos</span> <span class='ocrx_word' id='word_1_66' title='bbox 510 2166 691 2230; x_wconf 89' lang='lat' dir='ltr'>purpureus</span> <span class='ocrx_word' id='word_1_67' title='bbox 716 2167 807 2210; x_wconf 88' lang='lat' dir='ltr'>rosae</span> 
     </span>
    </p>

    <p class='ocr_par' dir='ltr' id='par_1_11' title="bbox 380 2247 1049 2332">
     <span class='ocr_line' id='line_1_18' title="bbox 380 2247 1049 2332; baseline 0.001 -21"><span class='ocrx_word' id='word_1_68' title='bbox 380 2247 448 2312; x_wconf 88' lang='lat' dir='ltr'>Nec</span> <span class='ocrx_word' id='word_1_69' title='bbox 472 2248 542 2332; x_wconf 89' lang='lat' dir='ltr'>poti</span> <span class='ocrx_word' id='word_1_70' title='bbox 566 2248 712 2313; x_wconf 84' lang='lat' dir='ltr'>vetulam</span> <span class='ocrx_word' id='word_1_71' title='bbox 736 2249 824 2314; x_wconf 87' lang='lat' dir='ltr'>faece</span> <span class='ocrx_word' id='word_1_72' title='bbox 848 2255 944 2315; x_wconf 87' lang='lat' dir='ltr'>tenus</span> <span class='ocrx_word' id='word_1_73' title='bbox 968 2250 1049 2314; x_wconf 87' lang='lat' dir='ltr'>cadi.</span> 
     </span>
    </p>
   </div>
   <div class='ocr_carea' id='block_1_4' title="bbox 312 2388 1294 2529">
    <p class='ocr_par' dir='ltr' id='par_1_12' title="bbox 312 2388 1294 2529">
     <span class='ocr_line' id='line_1_19' title="bbox 312 2388 1294 2463; baseline -0.02 -8"><span class='ocrx_word' id='word_1_74' title='bbox 312 2413 465 2462; x_wconf 74' lang='lat' dir='ltr'><strong>CARMEN</strong></span> <span class='ocrx_word' id='word_1_75' title='bbox 484 2413 544 2463; x_wconf 45' lang='lat' dir='ltr'>XV,</span> <span class='ocrx_word' id='word_1_76' title='bbox 780 2389 922 2451; x_wconf 72' lang='lat' dir='ltr'>Beccoaut</span> <span class='ocrx_word' id='word_1_77' title='bbox 945 2390 1062 2437; x_wconf 79' lang='lat' dir='ltr'>iuvenum</span> <span class='ocrx_word' id='word_1_78' title='bbox 1087 2390 1174 2437; x_wconf 59' lang='lat' dir='ltr'>mines.</span> <span class='ocrx_word' id='word_1_79' title='bbox 1218 2388 1294 2437; x_wconf 87' lang='lat' dir='ltr'>Haud</span> 
     </span>
     <span class='ocr_line' id='line_1_20' title="bbox 747 2465 1294 2529; baseline 0.005 -17"><span class='ocrx_word' id='word_1_80' title='bbox 747 2465 860 2514; x_wconf 87' lang='lat' dir='ltr'>dissimili</span> <span class='ocrx_word' id='word_1_81' title='bbox 888 2466 1043 2529; x_wconf 88' lang='lat' dir='ltr'>impudentia</span> <span class='ocrx_word' id='word_1_82' title='bbox 1067 2474 1139 2515; x_wconf 84' lang='lat' dir='ltr'>crant</span> <span class='ocrx_word' id='word_1_83' title='bbox 1164 2467 1294 2524; x_wconf 84' lang='lat' dir='ltr'>mulieres,</span> 
     </span>
    </p>
   </div>
   <div class='ocr_carea' id='block_1_5' title="bbox 195 2509 1294 2610">
    <p class='ocr_par' dir='ltr' id='par_1_13' title="bbox 195 2509 1294 2610">
     <span class='ocr_line' id='line_1_21' title="bbox 195 2509 1294 2610; baseline 0.002 -18"><span class='ocrx_word' id='word_1_84' title='bbox 195 2509 321 2592; x_wconf 75' lang='lat' dir='ltr'>Tandem</span> <span class='ocrx_word' id='word_1_85' title='bbox 332 2544 704 2606; x_wconf 74' lang='lat' dir='ltr'>aequitiuefiqemodumtuee.</span> <span class='ocrx_word' id='word_1_86' title='bbox 746 2560 810 2607; x_wconf 87' lang='lat' dir='ltr'>quae</span> <span class='ocrx_word' id='word_1_87' title='bbox 826 2545 934 2594; x_wconf 87' lang='lat' dir='ltr'>Athenis</span> <span class='ocrx_word' id='word_1_88' title='bbox 956 2546 982 2594; x_wconf 80' lang='grc' dir='ltr'>ἐκ</span> <span class='ocrx_word' id='word_1_89' title='bbox 1007 2550 1053 2607; x_wconf 82' lang='grc' dir='ltr'>τῆς</span> <span class='ocrx_word' id='word_1_90' title='bbox 1076 2545 1135 2594; x_wconf 77' lang='grc' dir='ltr'>ὁδοῦ</span> <span class='ocrx_word' id='word_1_91' title='bbox 1153 2547 1212 2604; x_wconf 81' lang='grc' dir='ltr'><strong><em>τοὺς</em></strong></span> <span class='ocrx_word' id='word_1_92' title='bbox 1230 2564 1294 2610; x_wconf 79' lang='grc' dir='ltr'>παρ·</span> 
     </span>
    </p>
   </div>
   <div class='ocr_carea' id='block_1_6' title="bbox 157 2621 1297 3714">
    <p class='ocr_par' dir='ltr' id='par_1_14' title="bbox 157 2621 1295 2848">
     <span class='ocr_line' id='line_1_22' title="bbox 157 2621 1293 2688; baseline 0 -16"><span class='ocrx_word' id='word_1_93' title='bbox 157 2624 190 2672; x_wconf 90' lang='lat' dir='ltr'>In</span> <span class='ocrx_word' id='word_1_94' title='bbox 206 2621 261 2670; x_wconf 81' lang='lat' dir='ltr'>aliis</span> <span class='ocrx_word' id='word_1_95' title='bbox 278 2621 355 2672; x_wconf 85' lang='lat' dir='ltr'><strong>MSS.</strong></span> <span class='ocrx_word' id='word_1_96' title='bbox 379 2638 449 2685; x_wconf 79' lang='lat' dir='ltr'>porte.</span> <span class='ocrx_word' id='word_1_97' title='bbox 475 2623 570 2686; x_wconf 83' lang='lat' dir='ltr'>Auigit</span> <span class='ocrx_word' id='word_1_98' title='bbox 587 2623 637 2671; x_wconf 83' lang='lat' dir='ltr'>iam</span> <span class='ocrx_word' id='word_1_99' title='bbox 654 2621 704 2672; x_wconf 87' lang='lat'>011·</span> <span class='ocrx_word' id='word_1_100' title='bbox 745 2625 835 2681; x_wconf 81' lang='grc' dir='ltr'><strong><em>ἰοντας</em></strong></span> <span class='ocrx_word' id='word_1_101' title='bbox 869 2623 1034 2688; x_wconf 75' lang='grc' dir='ltr'><strong><em>ἁρπάζουσι,</em></strong></span> <span class='ocrx_word' id='word_1_102' title='bbox 1064 2626 1130 2688; x_wconf 84' lang='lat' dir='ltr'>apud</span> <span class='ocrx_word' id='word_1_103' title='bbox 1168 2625 1293 2688; x_wconf 76' lang='lat' dir='ltr'>Theophr.</span> 
     </span>
     <span class='ocr_line' id='line_1_23' title="bbox 157 2701 1295 2768; baseline 0.003 -20"><span class='ocrx_word' id='word_1_104' title='bbox 157 2701 383 2764; x_wconf 79' lang='lat' dir='ltr'>dend.adAppul.</span> <span class='ocrx_word' id='word_1_105' title='bbox 396 2702 499 2751; x_wconf 85' lang='lat' dir='ltr'>Metam.</span> <span class='ocrx_word' id='word_1_106' title='bbox 510 2718 534 2765; x_wconf 93' lang='lat' dir='ltr'>p.</span> <span class='ocrx_word' id='word_1_107' title='bbox 544 2703 603 2751; x_wconf 76' lang='lat'><strong>405.</strong></span> <span class='ocrx_word' id='word_1_108' title='bbox 624 2701 706 2765; x_wconf 72' lang='lat' dir='ltr'>Fiqere</span> <span class='ocrx_word' id='word_1_109' title='bbox 747 2702 821 2752; x_wconf 86' lang='lat' dir='ltr'>Char.</span> <span class='ocrx_word' id='word_1_110' title='bbox 839 2704 898 2752; x_wconf 85' lang='lat' dir='ltr'>Eth.</span> <span class='ocrx_word' id='word_1_111' title='bbox 918 2719 971 2768; x_wconf 83' lang='lat' dir='ltr'>cap.</span> <span class='ocrx_word' id='word_1_112' title='bbox 988 2705 1029 2754; x_wconf 82' lang='lat'>22.</span> <span class='ocrx_word' id='word_1_113' title='bbox 1063 2704 1212 2753; x_wconf 89' lang='lat' dir='ltr'>Xenarchus</span> <span class='ocrx_word' id='word_1_114' title='bbox 1229 2704 1295 2766; x_wconf 88' lang='lat' dir='ltr'>apud</span> 
     </span>
     <span class='ocr_line' id='line_1_24' title="bbox 158 2781 1292 2848; baseline 0.004 -21"><span class='ocrx_word' id='word_1_115' title='bbox 158 2781 246 2829; x_wconf 80' lang='lat' dir='ltr'>lbrtius</span> <span class='ocrx_word' id='word_1_116' title='bbox 263 2787 312 2839; x_wconf 87' lang='lat' dir='ltr'>est,</span> <span class='ocrx_word' id='word_1_117' title='bbox 329 2795 404 2843; x_wconf 89' lang='lat' dir='ltr'>quam</span> <span class='ocrx_word' id='word_1_118' title='bbox 417 2796 517 2844; x_wconf 77' lang='lat' dir='ltr'>periere.</span> <span class='ocrx_word' id='word_1_119' title='bbox 746 2783 840 2832; x_wconf 87' lang='lat' dir='ltr'>Athen.</span> <span class='ocrx_word' id='word_1_120' title='bbox 853 2783 930 2832; x_wconf 88' lang='lat' dir='ltr'><strong>XIII.</strong></span> <span class='ocrx_word' id='word_1_121' title='bbox 942 2785 965 2832; x_wconf 81' lang='lat'>3.</span> <span class='ocrx_word' id='word_1_122' title='bbox 991 2782 1070 2832; x_wconf 84' lang='grc' dir='ltr'>Αὗται</span> <span class='ocrx_word' id='word_1_123' title='bbox 1081 2781 1217 2844; x_wconf 73' lang='grc' dir='ltr'>βιάζονται</span> <span class='ocrx_word' id='word_1_124' title='bbox 1229 2785 1292 2848; x_wconf 81' lang='grc' dir='ltr'><em>γὰρ,</em></span> 
     </span>
    </p>

    <p class='ocr_par' dir='ltr' id='par_1_15' title="bbox 193 2859 1195 2920">
     <span class='ocr_line' id='line_1_25' title="bbox 193 2859 1195 2920; baseline 0.002 -12"><span class='ocrx_word' id='word_1_125' title='bbox 193 2862 281 2909; x_wconf 69' lang='lat' dir='ltr'>Stellio</span> <span class='ocrx_word' id='word_1_126' title='bbox 296 2861 417 2909; x_wconf 79' lang='lat' dir='ltr'>nebulum.</span> <span class='ocrx_word' id='word_1_127' title='bbox 443 2860 501 2909; x_wconf 87' lang='lat' dir='ltr'>MS.</span> <span class='ocrx_word' id='word_1_128' title='bbox 516 2859 591 2909; x_wconf 83' lang='lat' dir='ltr'>Voss.</span> <span class='ocrx_word' id='word_1_129' title='bbox 607 2861 704 2908; x_wconf 81' lang='lat' dir='ltr'>nebula.</span> <span class='ocrx_word' id='word_1_130' title='bbox 747 2860 883 2912; x_wconf 82' lang='grc' dir='ltr'>εἰσέλκουσί</span> <span class='ocrx_word' id='word_1_131' title='bbox 901 2881 941 2920; x_wconf 76' lang='lat' dir='ltr'>rs,</span> <span class='ocrx_word' id='word_1_132' title='bbox 955 2863 981 2910; x_wconf 91' lang='lat' dir='ltr'>in</span> <span class='ocrx_word' id='word_1_133' title='bbox 999 2863 1084 2911; x_wconf 78' lang='lat' dir='ltr'>cadem</span> <span class='ocrx_word' id='word_1_134' title='bbox 1102 2877 1195 2911; x_wconf 82' lang='lat' dir='ltr'>caussa.</span> 
     </span>
    </p>

    <p class='ocr_par' dir='ltr' id='par_1_16' title="bbox 160 2939 1297 3714">
     <span class='ocr_line' id='line_1_26' title="bbox 194 2939 1296 3005; baseline 0.004 -20"><span class='ocrx_word' id='word_1_135' title='bbox 194 2939 264 2994; x_wconf 82' lang='lat' dir='ltr'>Noa,</span> <span class='ocrx_word' id='word_1_136' title='bbox 280 2939 302 2986; x_wconf 78' lang='lat' dir='ltr'>si</span> <span class='ocrx_word' id='word_1_137' title='bbox 318 2939 381 3000; x_wconf 78' lang='lat' dir='ltr'>quid</span> <span class='ocrx_word' id='word_1_138' title='bbox 396 2939 510 2988; x_wconf 77' lang='lat' dir='ltr'>Pholo‘e&#39;n</span> <span class='ocrx_word' id='word_1_139' title='bbox 526 2940 603 2998; x_wconf 83' lang='lat' dir='ltr'>satis,</span> <span class='ocrx_word' id='word_1_140' title='bbox 618 2940 655 2986; x_wconf 82' lang='lat' dir='ltr'>Et</span> <span class='ocrx_word' id='word_1_141' title='bbox 667 2943 706 2998; x_wconf 80' lang='lat' dir='ltr'>te,</span> <span class='ocrx_word' id='word_1_142' title='bbox 780 2943 859 2991; x_wconf 66' lang='lat' dir='ltr'>Acrior</span> <span class='ocrx_word' id='word_1_143' title='bbox 894 2944 981 2991; x_wconf 76' lang='lat' dir='ltr'>Nothi</span> <span class='ocrx_word' id='word_1_144' title='bbox 1022 2942 1121 2991; x_wconf 86' lang='lat' dir='ltr'>Nomen</span> <span class='ocrx_word' id='word_1_145' title='bbox 1155 2946 1296 3005; x_wconf 88' lang='lat' dir='ltr'>suspectum</span> 
     </span>
     <span class='ocr_line' id='line_1_27' title="bbox 160 3015 1296 3083; baseline 0.003 -20"><span class='ocrx_word' id='word_1_146' title='bbox 160 3016 347 3074; x_wconf 49' lang='lat' dir='ltr'>Chloridem.</span> <span class='ocrx_word' id='word_1_147' title='bbox 366 3015 469 3075; x_wconf 84' lang='lat' dir='ltr'>Malim,</span> <span class='ocrx_word' id='word_1_148' title='bbox 482 3017 705 3066; x_wconf 84' lang='lat' dir='ltr'>hacdistinctiona:</span> <span class='ocrx_word' id='word_1_149' title='bbox 747 3019 816 3068; x_wconf 91' lang='lat' dir='ltr'>mihi.</span> <span class='ocrx_word' id='word_1_150' title='bbox 851 3021 957 3083; x_wconf 79' lang='lat' dir='ltr'>Propter·</span> <span class='ocrx_word' id='word_1_151' title='bbox 983 3021 1185 3083; x_wconf 83' lang='lat' dir='ltr'>significationem</span> <span class='ocrx_word' id='word_1_152' title='bbox 1202 3021 1296 3083; x_wconf 81' lang='lat' dir='ltr'>spurii,</span> 
     </span>
     <span class='ocr_line' id='line_1_28' title="bbox 160 3097 1295 3160; baseline 0.001 -16"><span class='ocrx_word' id='word_1_153' title='bbox 160 3097 232 3157; x_wconf 81' lang='lat' dir='ltr'>Non,</span> <span class='ocrx_word' id='word_1_154' title='bbox 249 3098 271 3145; x_wconf 81' lang='lat' dir='ltr'>si</span> <span class='ocrx_word' id='word_1_155' title='bbox 290 3099 352 3160; x_wconf 78' lang='lat' dir='ltr'>quid</span> <span class='ocrx_word' id='word_1_156' title='bbox 373 3099 499 3156; x_wconf 73' lang='lat' dir='ltr'>Pholoio,</span> <span class='ocrx_word' id='word_1_157' title='bbox 519 3100 585 3147; x_wconf 78' lang='lat' dir='ltr'>sotis</span> <span class='ocrx_word' id='word_1_158' title='bbox 607 3101 646 3147; x_wconf 83' lang='lat' dir='ltr'>Et</span> <span class='ocrx_word' id='word_1_159' title='bbox 671 3104 706 3155; x_wconf 80' lang='lat' dir='ltr'>ie,</span> <span class='ocrx_word' id='word_1_160' title='bbox 747 3098 854 3148; x_wconf 89' lang='lat' dir='ltr'>convitio</span> <span class='ocrx_word' id='word_1_161' title='bbox 871 3099 951 3148; x_wconf 89' lang='lat' dir='ltr'>simile</span> <span class='ocrx_word' id='word_1_162' title='bbox 967 3106 1010 3148; x_wconf 86' lang='lat' dir='ltr'>est.</span> <span class='ocrx_word' id='word_1_163' title='bbox 1043 3099 1162 3148; x_wconf 82' lang='lat' dir='ltr'>Horatius</span> <span class='ocrx_word' id='word_1_164' title='bbox 1179 3098 1238 3146; x_wconf 88' lang='lat' dir='ltr'>alibi</span> <span class='ocrx_word' id='word_1_165' title='bbox 1250 3098 1295 3145; x_wconf 90' lang='lat' dir='ltr'>uti·</span> 
     </span>
     <span class='ocr_line' id='line_1_29' title="bbox 161 3175 1295 3239; baseline -0.001 -15"><span class='ocrx_word' id='word_1_166' title='bbox 161 3175 262 3233; x_wconf 76' lang='lat' dir='ltr'>Chlori,</span> <span class='ocrx_word' id='word_1_167' title='bbox 280 3178 354 3226; x_wconf 80' lang='lat' dir='ltr'>decet.</span> <span class='ocrx_word' id='word_1_168' title='bbox 390 3176 502 3239; x_wconf 83' lang='lat' dir='ltr'>Simplex</span> <span class='ocrx_word' id='word_1_169' title='bbox 525 3179 593 3226; x_wconf 81' lang='lat' dir='ltr'>decet</span> <span class='ocrx_word' id='word_1_170' title='bbox 613 3179 640 3225; x_wconf 93' lang='lat' dir='ltr'>iu</span> <span class='ocrx_word' id='word_1_171' title='bbox 660 3177 707 3224; x_wconf 83' lang='lat' dir='ltr'>hac</span> <span class='ocrx_word' id='word_1_172' title='bbox 747 3184 788 3225; x_wconf 88' lang='lat' dir='ltr'>tur</span> <span class='ocrx_word' id='word_1_173' title='bbox 813 3177 920 3226; x_wconf 85' lang='lat' dir='ltr'>honestis</span> <span class='ocrx_word' id='word_1_174' title='bbox 951 3179 1054 3234; x_wconf 73' lang='lat' dir='ltr'>Oronti,</span> <span class='ocrx_word' id='word_1_175' title='bbox 1082 3177 1180 3236; x_wconf 75' lang='lat' dir='ltr'>calcu,</span> <span class='ocrx_word' id='word_1_176' title='bbox 1205 3177 1295 3239; x_wconf 75' lang='lat' dir='ltr'>Gppia,</span> 
     </span>
     <span class='ocr_line' id='line_1_30' title="bbox 160 3253 1296 3317; baseline 0 -16"><span class='ocrx_word' id='word_1_177' title='bbox 160 3253 502 3317; x_wconf 78' lang='lat' dir='ltr'>1·eplnsest,quamsotis</span> <span class='ocrx_word' id='word_1_178' title='bbox 523 3259 599 3306; x_wconf 80' lang='lat' dir='ltr'>decet.</span> <span class='ocrx_word' id='word_1_179' title='bbox 634 3255 706 3316; x_wconf 84' lang='lat' dir='ltr'>Quod</span> <span class='ocrx_word' id='word_1_180' title='bbox 748 3257 839 3315; x_wconf 81' lang='lat' dir='ltr'>Hebri,</span> <span class='ocrx_word' id='word_1_181' title='bbox 858 3257 929 3317; x_wconf 77' lang='lat' dir='ltr'>Lpei,</span> <span class='ocrx_word' id='word_1_182' title='bbox 947 3256 1060 3317; x_wconf 76' lang='lat' dir='ltr'>Mysiae,</span> <span class='ocrx_word' id='word_1_183' title='bbox 1079 3255 1204 3315; x_wconf 79' lang='lat' dir='ltr'>Nearchi,</span> <span class='ocrx_word' id='word_1_184' title='bbox 1223 3255 1296 3301; x_wconf 79' lang='lat' dir='ltr'>Xan·</span> 
     </span>
     <span class='ocr_line' id='line_1_31' title="bbox 160 3331 1296 3398; baseline 0 -18"><span class='ocrx_word' id='word_1_185' title='bbox 160 3333 274 3381; x_wconf 69' lang='lat' dir='ltr'>Pholoen</span> <span class='ocrx_word' id='word_1_186' title='bbox 291 3334 349 3382; x_wconf 84' lang='lat' dir='ltr'>satis</span> <span class='ocrx_word' id='word_1_187' title='bbox 367 3335 447 3394; x_wconf 79' lang='lat' dir='ltr'>dccet,</span> <span class='ocrx_word' id='word_1_188' title='bbox 464 3334 628 3398; x_wconf 89' lang='lat' dir='ltr'>est,qu0din</span> <span class='ocrx_word' id='word_1_189' title='bbox 641 3335 706 3383; x_wconf 92' lang='lat' dir='ltr'>Pho·</span> <span class='ocrx_word' id='word_1_190' title='bbox 748 3335 822 3381; x_wconf 75' lang='lat' dir='ltr'>thure.</span> <span class='ocrx_word' id='word_1_191' title='bbox 857 3333 998 3383; x_wconf 85' lang='lat' dir='ltr'>Meinekius</span> <span class='ocrx_word' id='word_1_192' title='bbox 1026 3331 1125 3381; x_wconf 86' lang='lat' dir='ltr'>coniicit</span> <span class='ocrx_word' id='word_1_193' title='bbox 1156 3333 1246 3392; x_wconf 74' lang='lat' dir='ltr'>Cotti,</span> <span class='ocrx_word' id='word_1_194' title='bbox 1271 3340 1296 3381; x_wconf 83' lang='lat' dir='ltr'>et</span> 
     </span>
     <span class='ocr_line' id='line_1_32' title="bbox 160 3411 1082 3477; baseline -0.001 -17"><span class='ocrx_word' id='word_1_195' title='bbox 160 3412 200 3460; x_wconf 71' lang='lat' dir='ltr'>loe</span> <span class='ocrx_word' id='word_1_196' title='bbox 217 3427 267 3460; x_wconf 91' lang='lat' dir='ltr'>non</span> <span class='ocrx_word' id='word_1_197' title='bbox 283 3419 335 3461; x_wconf 85' lang='lat' dir='ltr'>tam</span> <span class='ocrx_word' id='word_1_198' title='bbox 352 3414 435 3477; x_wconf 82' lang='lat' dir='ltr'>inique</span> <span class='ocrx_word' id='word_1_199' title='bbox 446 3413 560 3473; x_wconf 86' lang='lat' dir='ltr'>ferimus,</span> <span class='ocrx_word' id='word_1_200' title='bbox 572 3415 638 3477; x_wconf 88' lang='lat' dir='ltr'>quod</span> <span class='ocrx_word' id='word_1_201' title='bbox 650 3429 706 3477; x_wconf 88' lang='lat' dir='ltr'>pro·</span> <span class='ocrx_word' id='word_1_202' title='bbox 747 3412 863 3475; x_wconf 86' lang='lat' dir='ltr'>exempla</span> <span class='ocrx_word' id='word_1_203' title='bbox 879 3412 986 3461; x_wconf 89' lang='lat' dir='ltr'>nominis</span> <span class='ocrx_word' id='word_1_204' title='bbox 1003 3411 1082 3461; x_wconf 84' lang='lat' dir='ltr'>affert.</span> 
     </span>
     <span class='ocr_line' id='line_1_33' title="bbox 160 3489 1296 3554; baseline -0.002 -14"><span class='ocrx_word' id='word_1_205' title='bbox 160 3497 216 3554; x_wconf 86' lang='lat' dir='ltr'>pter</span> <span class='ocrx_word' id='word_1_206' title='bbox 241 3491 319 3542; x_wconf 87' lang='lat' dir='ltr'>iustas</span> <span class='ocrx_word' id='word_1_207' title='bbox 344 3507 445 3541; x_wconf 85' lang='lat' dir='ltr'>caussas</span> <span class='ocrx_word' id='word_1_208' title='bbox 469 3493 583 3541; x_wconf 84' lang='lat' dir='ltr'>excusari</span> <span class='ocrx_word' id='word_1_209' title='bbox 609 3493 633 3540; x_wconf 90' lang='lat' dir='ltr'>in</span> <span class='ocrx_word' id='word_1_210' title='bbox 663 3493 709 3541; x_wconf 86' lang='lat' dir='ltr'>illa</span> <span class='ocrx_word' id='word_1_211' title='bbox 782 3493 840 3539; x_wconf 85' lang='lat' dir='ltr'>Noa</span> <span class='ocrx_word' id='word_1_212' title='bbox 856 3493 972 3540; x_wconf 79' lang='lat' dir='ltr'>citharae</span> <span class='ocrx_word' id='word_1_213' title='bbox 988 3494 1081 3540; x_wconf 77' lang='lat' dir='ltr'>deceat.</span> <span class='ocrx_word' id='word_1_214' title='bbox 1116 3489 1147 3539; x_wconf 92' lang='lat' dir='ltr'>Iu</span> <span class='ocrx_word' id='word_1_215' title='bbox 1173 3505 1223 3538; x_wconf 87' lang='lat' dir='ltr'>uno</span> <span class='ocrx_word' id='word_1_216' title='bbox 1239 3490 1296 3540; x_wconf 87' lang='lat' dir='ltr'>MS.</span> 
     </span>
     <span class='ocr_line' id='line_1_34' title="bbox 160 3571 1297 3634; baseline -0.001 -15"><span class='ocrx_word' id='word_1_217' title='bbox 160 3577 248 3633; x_wconf 81' lang='lat' dir='ltr'>potest.</span> <span class='ocrx_word' id='word_1_218' title='bbox 283 3572 352 3633; x_wconf 83' lang='lat' dir='ltr'>Quae</span> <span class='ocrx_word' id='word_1_219' title='bbox 376 3587 427 3620; x_wconf 91' lang='lat' dir='ltr'>non</span> <span class='ocrx_word' id='word_1_220' title='bbox 452 3579 489 3621; x_wconf 84' lang='lat' dir='ltr'>est</span> <span class='ocrx_word' id='word_1_221' title='bbox 513 3573 633 3621; x_wconf 85' lang='lat' dir='ltr'>sententia</span> <span class='ocrx_word' id='word_1_222' title='bbox 657 3572 708 3621; x_wconf 92' lang='grc' dir='ltr'>Ηο-</span> <span class='ocrx_word' id='word_1_223' title='bbox 748 3573 843 3620; x_wconf 69' lang='lat' dir='ltr'>siccem.</span> <span class='ocrx_word' id='word_1_224' title='bbox 886 3571 964 3620; x_wconf 78' lang='lat' dir='ltr'>Error</span> <span class='ocrx_word' id='word_1_225' title='bbox 993 3571 1137 3634; x_wconf 86' lang='lat' dir='ltr'>scripturae.</span> <span class='ocrx_word' id='word_1_226' title='bbox 1178 3571 1297 3620; x_wconf 88' lang='lat' dir='ltr'>Horatius</span> 
     </span>
     <span class='ocr_line' id='line_1_35' title="bbox 161 3649 1297 3714; baseline -0.001 -16"><span class='ocrx_word' id='word_1_227' title='bbox 161 3652 226 3699; x_wconf 87' lang='lat' dir='ltr'>ratii.</span> <span class='ocrx_word' id='word_1_228' title='bbox 749 3649 851 3712; x_wconf 83' lang='lat' dir='ltr'>pulchre</span> <span class='ocrx_word' id='word_1_229' title='bbox 868 3649 956 3714; x_wconf 88' lang='lat' dir='ltr'>repetit</span> <span class='ocrx_word' id='word_1_230' title='bbox 972 3653 1070 3707; x_wconf 83' lang='lat' dir='ltr'>decent,</span> <span class='ocrx_word' id='word_1_231' title='bbox 1081 3653 1109 3698; x_wconf 92' lang='lat' dir='ltr'>ut</span> <span class='ocrx_word' id='word_1_232' title='bbox 1119 3651 1193 3698; x_wconf 88' lang='lat' dir='ltr'>ctiam</span> <span class='ocrx_word' id='word_1_233' title='bbox 1205 3651 1297 3698; x_wconf 74' lang='lat' dir='ltr'>ludere,</span> 
     </span>
    </p>
   </div>
   <div class='ocr_carea' id='block_1_7' title="bbox 0 0 1478 5220">
    <p class='ocr_par' dir='ltr' id='par_1_17' title="bbox 0 0 1478 5220">
     <span class='ocr_line' id='line_1_36' title="bbox 0 0 1478 5220; baseline 0 0"><span class='ocrx_word' id='word_1_234' title='bbox 0 0 1478 5220; x_wconf 95' lang='lat' dir='ltr'> </span> 
     </span>
    </p>
   </div>
  </div>
 </body>
</html>
