2916 5220
559 306 733 370 LIBER
779 308 805 370 l.

290 496 414 561 Felices
440 510 488 560 ter
511 501 544 561 et
567 496 728 581 ampliuS,

335 600 424 678 Quos
448 600 573 683 irrupta
596 604 687 662 tenet
709 597 843 682 copula,
868 619 927 662 neo
950 597 1047 661 mulis

291 703 449 767 Divulsus
470 701 682 787 querimoniis

336 805 496 889 Suprema
519 804 617 869 eitius
643 805 749 869 solvet
772 826 863 870 amor
887 804 947 867 die.

107 971 206 1018 Prado:
223 977 320 1033 quantu
336 976 411 1034 prrrte
431 973 473 1019 sui
489 972 599 1020 rreoturis
615 972 659 1018 im-
735 972 859 1032 Suprema
876 973 952 1020 citius
967 973 1044 1019 solvet
1054 983 1124 1017 ortior
1135 970 1182 1016 die.
1204 968 1250 1015 Ee·

106 1052 171 1098 tuit.
199 1051 235 1098 Et
251 1049 297 1097 hoc
307 1050 395 1097 laudat
406 1048 597 1112 Oudendorpius
608 1048 660 1110 qui,
700 1050 770 1106 lines,
787 1065 848 1112 quos
864 1050 954 1113 copula
971 1056 1051 1107 tenet,
1072 1054 1098 1096 et
1114 1060 1183 1094 amor
1200 1059 1249 1092 non

107 1135 137 1175 ut
145 1129 320 1186 Burmannus,
336 1128 464 1191 inVirgil.
473 1129 509 1177 11.
526 1129 593 1176 Aen.
603 1127 659 1176 503.
700 1131 784 1176 solvet.
819 1128 912 1189 Quidni
927 1130 1042 1191 legamus
1058 1127 1147 1175 soluit?
1165 1123 1248 1174 Offen-

108 1206 221 1255 volebat:
259 1208 450 1271 Quinquuqinta
475 1209 515 1256 illi
540 1207 660 1264 thalami,
701 1207 736 1254 dit
752 1221 792 1256 me
809 1215 936 1270 praeterea
952 1208 1043 1255 omissa
1058 1206 1158 1268 negatio
1173 1205 1199 1251 in
1216 1203 1250 1251 al-

106 1301 168 1348 spes
184 1292 283 1348 quanta
298 1292 423 1348 nepotum.
702 1294 756 1334 tera
772 1294 842 1349 parte
858 1286 1000 1335 sententies.
1034 1287 1073 1334 Ea
1092 1298 1159 1331 nnnc
1175 1283 1251 1345 repeti

142 1367 269 1413 Diuulsus
285 1367 452 1427 querimoniis.
485 1365 661 1413 Broukhusius
701 1362 773 1412 debet
790 1379 822 1412 ex
835 1364 989 1413 anteoedsnti
1001 1379 1054 1424 nec,
1064 1363 1131 1426 quod
1142 1365 1252 1411 divolsus

107 1446 135 1492 iu
158 1444 299 1494 Gruoriano
321 1444 382 1495 Cod.
401 1445 464 1492 vidit
478 1446 663 1507 prementibus,
701 1444 736 1490 itu
752 1444 841 1505 poscit:
863 1457 925 1505 qnos
946 1441 1035 1505 copula
1056 1448 1124 1489 tenet
1143 1442 1251 1503 irrupta,

108 1523 218 1581 addens,
235 1537 261 1572 se
277 1524 382 1583 nescire,
400 1524 521 1586 quidhoc
537 1523 583 1571 sibi
594 1523 661 1571 velit.
701 1529 727 1570 et
743 1536 825 1579 amor,
842 1535 892 1568 non
908 1520 1020 1568 divolsus
1031 1520 1194 1584 querimoniis,
1206 1519 1251 1567 sol·

110 1602 199 1650 Unum
222 1617 235 1651 e
256 1603 346 1650 nostn's
362 1605 519 1666 divulsusque
533 1619 662 1665 maeoseu-
703 1607 744 1650 vet
759 1601 830 1648 citius
847 1600 886 1648 die
903 1614 1025 1662 suprema.
1054 1598 1183 1647 Praefero:
1202 1599 1251 1647 Su·

109 1683 192 1737 tibus,
209 1688 353 1744 corruptum
370 1697 403 1730 ex
419 1684 662 1744 divolsroeqwimo-
701 1696 790 1744 prema
815 1682 885 1728 horici
908 1681 985 1729 utini
1013 1681 1086 1729 solvit
1111 1694 1181 1727 amor
1205 1679 1252 1727 die.

110 1762 170 1808 niis.
187 1759 608 1810 Bentlei.etiamconiieiimvouoa
623 1761 664 1808 Ita
704 1761 785 1808 Solvit
816 1765 853 1808 ost
885 1759 910 1806 in
940 1773 991 1806 uuo
1023 1757 1084 1807 Cod.
1116 1757 1175 1806 Van
1209 1757 1252 1805 der

108 1845 136 1886 et
145 1839 261 1886 Muretus
269 1844 294 1886 et
307 1838 349 1885 alii
361 1839 387 1886 in
393 1838 525 1900 msslegi
534 1844 663 1886 testantur.
704 1839 796 1900 Bourg.

601 2002 764 2030 *⁴0*-

505 2162 751 2228 OARMEN
796 2164 888 2228 XIV.

293 2316 329 2395 Ο
353 2329 465 2412 navis,
490 2328 629 2393 referent
653 2328 686 2391 in
711 2350 799 2392 mare
823 2336 855 2393 te
879 2331 952 2394 novi

294 2434 454 2498 Fluctus?
478 2432 506 2498 Ο
531 2432 610 2517 quid
633 2432 727 2516 agis?
751 2432 893 2496 Fortiter
917 2454 1038 2516 occupa

338 2537 484 2601 Portum.
532 2535 650 2599 Nonne
673 2535 782 2617 vides,
806 2540 844 2599 ut

383 2639 519 2703 Nudum
543 2638 681 2724 remigio
705 2639 791 2703 latus

267 2831 419 2881 CARMEN
437 2830 504 2879 XIV
707 2802 756 2861 bis,
774 2817 851 2866 quam
872 2809 932 2850 suut
953 2803 978 2850 iu
999 2810 1051 2851 toto
1072 2803 1118 2851 lroc
1139 2803 1255 2852 carmine.

507 2869 511 2877 ¹
707 2882 845 2944 Eleganter
867 2881 917 2931 Dio
942 2881 1041 2932 Cassius
1066 2883 1123 2931 LII.
1149 2883 1185 2931 16.
1225 2882 1255 2930 Ἡ

154 2928 291 3018 Onosis,
309 2961 421 3024 referent
436 2963 464 3009 iu
481 2975 551 3010 neure
568 2965 592 3008 te
608 2961 666 3009 novi
708 2961 782 3018 πόλις
800 2960 881 3024 ἡμῶν,
900 2962 982 3026 ὥσπερ
999 2961 1076 3018 ὁλκὰς
1093 2962 1134 3009 καὶ
1151 2961 1256 3026 μεγάλη,

117 3045 231 3090 Fluctus.
253 3041 405 3103 Exemplum
415 3040 516 3097 Alcaei,
534 3041 666 3089 auctoritas
709 3039 807 3103 πλήρης
825 3041 902 3104 ὄχλου
921 3040 1100 3103 παντοδαποῦ,
1117 3043 1195 3105 χωρὶς
1213 3059 1256 3089 κυ-

115 3120 265 3183 Quintiliani
285 3120 362 3168 VIII.
389 3121 411 3168 6.
437 3134 570 3169 eonsensus
589 3120 665 3170 Scho·
707 3118 832 3182 βερνὴτον
854 3119 953 3175 πολλὰς
974 3116 1021 3179 ἤδη
1043 3121 1130 3183 γενεὰς
1151 3121 1179 3168 ἐν
1195 3120 1256 3168 κλύ·

117 3201 259 3257 liusturum,
284 3201 328 3262 qui
348 3200 499 3263 antiquiores
520 3199 667 3262 interpretes
709 3197 768 3246 duur
787 3197 879 3261 πολλῷ
895 3195 1028 3261 φερομένη,
1053 3197 1152 3246 σαλεύει
1173 3216 1199 3246 τε
1215 3198 1256 3245 καὶ

116 3280 245 3335 viderunt,
265 3278 310 3326 vix
331 3279 461 3341 patiuntur
478 3293 523 3326 nos
541 3279 667 3335 dubitare,
709 3274 780 3342 ᾄττει
796 3275 866 3339 δεῦρο
884 3274 994 3339 κᾴκεῖσε,
1014 3276 1129 3339 καθάπερ
1147 3276 1256 3340 ἀνερμά-

116 3373 148 3406 an
160 3358 208 3406 hoo
218 3371 318 3406 carmen
329 3357 361 3404 sit
371 3356 504 3421 Allegoria
516 3357 666 3406 continuata.
709 3373 793 3411 τιστος
819 3355 890 3402 οὖσα.
921 3353 978 3418 μήτ’
1004 3356 1052 3403 οὖν
1077 3353 1258 3418 χειμαζομένην

117 3438 204 3485 Multa
217 3437 355 3485 istiusmodi
371 3436 528 3498 reperiuntur·
548 3438 573 3484 in
591 3434 667 3486 Grae·
709 3434 742 3484 ir'
760 3433 842 3492 αὐτὴν
860 3431 980 3497 περιΐδρς,
997 3433 1059 3498 ὁρᾷς
1071 3435 1119 3498 γὰρ
1132 3434 1166 3491 ὡς
1179 3433 1257 3499 ὑπέρ·

116 3517 152 3564 cis
168 3517 259 3578 positis,
275 3515 387 3563 Pindaro
397 3515 538 3578 praecipue,
550 3530 614 3578 quae
626 3530 667 3563 uo·
710 3515 804 3572 αντλός
825 3516 885 3564 ἐστι’
912 3515 973 3579 μήτε
999 3513 1116 3579 περιέρμα
1141 3512 1257 3579 περιῤῥα-

118 3595 155 3643 bis
173 3595 298 3643 interdum
314 3593 398 3656 inepta
414 3594 553 3643 videantur.
582 3594 667 3653 Adde,
710 3598 785 3659 γῆναι
803 3595 888 3660 ἐάσρς·
908 3594 990 3659 σαθρὰ
1007 3594 1056 3659 γάρ
1073 3594 1140 3655 ἐστι,
1158 3593 1200 3643 καὶ
1214 3593 1257 3641 οὐ·

117 3673 185 3737 quod
202 3671 296 3721 similes
312 3672 469 3736 Allegoriae,
491 3688 507 3721 a
527 3673 586 3720 navi
603 3688 668 3721 sum-
710 3672 769 3722 δένα
790 3673 826 3722 ἔτι
845 3674 939 3739 χρόνον
964 3673 1094 3736 ἀντισχεῖν
1115 3671 1256 3732 δυνήσεται.

118 3761 172 3810 tue,
190 3765 241 3799 non
257 3751 331 3799 modo
347 3752 413 3813 apud
430 3752 525 3813 po'e'tas,
546 3752 589 3800 sed
607 3751 668 3800 ulios
709 3752 744 3799 Et
764 3753 931 3814 Quintilianus
952 3753 968 3800 l.
987 3752 1003 3800 1.
1025 3752 1134 3814 figuram
1156 3751 1258 3813 Allego-

118 3833 195 3881 etiam
210 3831 291 3878 omnis
308 3832 405 3892 generis
422 3832 565 3893 scriptores,
586 3844 669 3879 oecur-
709 3832 759 3878 riae
784 3846 833 3879 non
858 3840 957 3880 tantum
982 3832 1096 3893 exemplo
1121 3829 1259 3878 Horatiano

119 3918 190 3969 runt,
207 3909 332 3972 longiores
350 3910 421 3970 illae,
438 3925 513 3973 quarn
526 3924 571 3973 pro
584 3917 670 3958 nostra
710 3910 856 3968 illustravit,
873 3926 960 3960 verum
977 3910 1029 3973 ipso
1046 3910 1120 3958 otiam
1138 3924 1198 3957 usus
1211 3916 1258 3966 est,

119 3988 304 4038 consuetudine.
338 3989 481 4052 Exemplis,
506 4003 571 4052 quae
596 3988 669 4036 iuter·
711 4006 734 4038 v.
751 4003 771 4036 e.
794 3996 822 4036 ut
843 3989 893 4036 alia
913 3989 1039 4047 omittam,
1058 3988 1120 4036 XII.
1141 3990 1177 4036 10.
1213 3991 1258 4036 In·

119 4077 201 4133 prutes
218 4068 364 4126 laudarunt,
386 4069 448 4117 adde
468 4066 604 4131 Polybium
621 4067 669 4116 Vl.
710 4070 781 4130 penio
806 4069 960 4117 Graecorum
981 4069 1057 4116 etiarn
1084 4069 1179 4115 ruinoso
1201 4082 1258 4115 suos

120 4151 159 4197 44.
178 4151 233 4211 qui,
254 4151 401 4212 comparatis
418 4150 494 4198 semel
512 4137 678 4198 Atheniensi·¹
710 4153 801 4210 portus
818 4149 922 4196 lubuit?
952 4149 1006 4195 Nos
1021 4147 1167 4210 plerumque
1184 4147 1258 4196 urulo-

121 4228 167 4275 bus
184 4243 241 4276 cum
258 4230 316 4277 nari
334 4228 479 4292 ἅδεσπότῳ,
493 4230 535 4276 diu
547 4229 572 4276 in
584 4229 670 4277 eadem
690 4230 692 4239 '
711 4229 781 4275 ribus
798 4229 858 4275 uelis
875 4227 1030 4276 irrooermmrl
1057 4228 1172 4276 Validior
1184 4228 1259 4290 spiri·

122 4309 270 4371 Metuphora
287 4316 414 4365 versatur,
433 4324 461 4356 uo
481 4307 594 4370 pluribus
616 4323 669 4356 rer·
713 4314 754 4356 lus
772 4312 869 4356 nostros
885 4309 957 4355 siuns
975 4309 1069 4355 residui.
1101 4308 1158 4356 Nou
1177 4314 1258 4356 tornea
