2916 5220
548 300 724 364 LIBER
769 301 795 363 l.

211 575 213 578 .
285 488 449 554 Saeculum
473 490 636 575 Pprrlrue,
661 511 741 555 naua
763 499 904 555 martura
927 499 1069 576 quactum·

101 670 171 719 coelo
188 672 289 720 veniens
310 673 421 735 spiritua,
443 674 485 736 qui
504 674 530 721 in
548 679 653 735 quatuor
690 673 764 722 etiam
782 675 951 734 remotissimi,
967 675 1051 725 timere
1063 682 1176 739 poterant
1188 676 1241 723 hor·

101 750 303 799 antecedentibus
320 751 431 800 versibus
448 759 561 815 apparet,
584 760 653 800 tanto
690 753 792 800 rendam
815 753 947 813 diluviem,
969 754 1029 817 quia
1050 754 1144 804 Romae
1168 760 1193 803 et
1216 755 1242 802 in

100 829 143 877 hic
159 828 249 892 frigore
266 831 400 894 excipitur,
419 837 448 878 ut
459 829 499 879 vel
510 846 540 879 ea
550 831 653 878 mutatio
690 830 781 879 vicinia
805 832 873 880 urbis
899 840 1030 896 tempestas
1056 835 1189 893 saevierat,
1219 840 1244 882 ct

100 909 229 971 ingenium
251 911 338 972 poetae
359 910 433 959 valde
452 911 578 959 mediocris
595 924 651 973 pro·
691 908 788 958 Tiberis
813 912 1002 962 exundaverat?
1043 914 1086 962 Ira
1111 914 1189 974 Iovis,
1215 917 1241 963 in

101 987 155 1034 dat.
189 989 286 1037 Montio
306 989 392 1037 diluvii
413 989 572 1037 Deucalionei
595 1003 653 1037 are
689 989 805 1050 prodigiis
822 989 965 1052 manifesta,
986 991 1112 1041 Romanos
1129 993 1241 1056 petebat,

100 1068 228 1130 proposita
256 1068 380 1116 abhorret.
416 1071 464 1116 Ira
493 1070 573 1127 larris,
596 1068 653 1116 dicit
690 1080 739 1114 non
761 1074 868 1117 caeteras
894 1078 988 1132 gentes.
1021 1071 1075 1119 Iam
1100 1072 1176 1135 igitur
1201 1074 1242 1122 vel

100 1146 234 1206 Horatius,
251 1154 381 1211 campreto
397 1153 434 1196 ert
450 1149 478 1195 in
489 1149 548 1195 dira
560 1152 651 1209 tempe·
689 1145 724 1192 sic
740 1154 822 1208 partes
839 1148 997 1198 Deucalionis
1014 1158 1072 1198 sunt
1083 1151 1175 1200 nullae.
1194 1152 1243 1200 Ne·

98 1231 175 1274 atate.
213 1228 321 1276 Turium
346 1227 376 1274 de
399 1226 463 1274 coelo
489 1225 651 1286 Capitolium.
688 1238 736 1286 que
763 1225 808 1273 illa
838 1228 967 1292 descriptio
996 1229 1082 1278 diluvii
1111 1232 1242 1294 respondet

103 1302 218 1364 Turre,
241 1318 316 1365 cuper
340 1304 412 1364 ripae
437 1302 545 1365 eff'ueur,
567 1319 652 1365 requm
689 1304 791 1353 caeteris
808 1305 905 1354 Horatii
922 1308 1044 1356 laudibus.
1079 1311 1180 1371 Quanto
1197 1311 1242 1361 ille

100 1386 262 1430 monumenta
279 1383 376 1430 deiecit.
410 1382 481 1442 Erae
497 1382 592 1429 iterum
603 1383 650 1429 im·
688 1383 777 1432 melius
800 1384 850 1433 ΙΙΙ.
872 1385 956 1435 Carm.
977 1388 1018 1435 29.
1038 1388 1147 1451 depingit
1163 1391 1239 1453 impe·

100 1460 199 1508 minent
220 1462 284 1509 bella
307 1462 402 1510 civilia.
443 1461 509 1518 Quia
530 1460 652 1521 populum
689 1467 743 1508 tum
760 1462 866 1523 Tiberia,
884 1465 1153 1526 nunclapt‘dcsaderas
1171 1468 1239 1516 Stir-

97 1541 288 1600 sumtuum
298 1537 444 1600 Auatairui
468 1536 593 1585 Memorat
603 1536 652 1584 dun
687 1557 776 1604 perque
798 1548 888 1605 raptae
910 1549 935 1591 at
950 1559 1024 1606 pecua
1042 1549 1068 1592 et
1083 1545 1166 1594 domm
1186 1548 1241 1595 Val-

98 1618 223 1680 prodigia,
240 1623 411 1681 tempestatem
428 1617 497 1676 nive,
520 1616 651 1678 grandine,
688 1621 770 1669 centia
791 1636 857 1681 unu;
882 1637 931 1670 non
955 1624 1009 1670 aine
1024 1625 1146 1672 urentium
1179 1625 1239 1674 cu-

98 1696 217 1755 fulmine,
238 1698 355 1755 mixtam,
376 1701 401 1744 et
422 1695 519 1744 Tiberis
544 1695 649 1742 inundu-
688 1715 755 1748 more
784 1702 929 1763 uicinaeque
954 1702 1048 1760 siloae,
1087 1703 1147 1750 Oam
1176 1703 1240 1766 sera

98 1777 201 1825 tionem.
235 1776 310 1826 Refer
327 1775 453 1825 saeculum
470 1774 584 1838 Pyrrhae
596 1781 651 1822 utro
688 1779 794 1826 diluvies
810 1779 905 1840 quieter
928 1780 1029 1827 Irritut
1045 1795 1138 1829 aranea.
1164 1781 1240 1832 Tales

98 1854 173 1914 veli's;
190 1855 243 1913 nix,
260 1856 355 1918 grando
366 1861 390 1905 et
403 1854 509 1903 fulmina
520 1855 614 1917 saepius
625 1854 651 1902 in
688 1870 774 1904 versus
797 1856 839 1919 qui
864 1854 919 1905 fecit
944 1858 974 1906 de
995 1859 1089 1921 impetu
1108 1860 1180 1907 unius
1197 1860 1241 1909 flu·

97 1939 179 1982 terras
195 1935 368 1984 mittebantur:
380 1948 452 1983 nemo
462 1934 520 1982 inde
530 1933 650 1982 diluvium
688 1936 772 1995 uinis,
795 1935 880 1998 quales
902 1950 959 1984 eum
981 1938 1011 1986 de
1032 1940 1158 1986 communi
1174 1939 1238 1987 dilu-

96 2013 190 2061 timuit.
216 2014 303 2078 Neque
323 2029 353 2064 ea
369 2014 453 2076 signa,
470 2014 536 2076 quod
552 2015 650 2076 quidem
688 2015 728 2063 vio
745 2014 867 2063 facturum
883 2015 958 2064 fluisse
974 2020 1101 2079 putemus!
1136 2019 1170 2066 Et
1185 2019 1237 2068 Ho-

97 2106 112 2140 e
129 2093 288 2156 Mythologia
303 2099 412 2152 oonstat,
434 2093 562 2155 antiquum
585 2093 649 2141 dilu·
687 2094 743 2142 ratii
765 2109 818 2142 esse
834 2094 944 2143 dicamus
960 2103 1102 2159 querentem
1119 2111 1133 2145 e
1149 2096 1239 2146 fabffls

97 2171 168 2218 vium
189 2178 381 2234 praecesserant.
415 2171 495 2232 Quid?
520 2173 585 2235 quod
605 2173 651 2235 ipsi
688 2173 873 2233 mulierculam,
894 2180 1017 2236 pastorem
1041 2175 1159 2223 Proteum
1181 2190 1238 2224 cum

96 2256 195 2299 veteres
217 2250 350 2299 credebaut
372 2251 493 2298 mundum
519 2250 651 2312 aliquando
686 2253 785 2316 phocis,
810 2255 888 2316 pisces
916 2255 941 2302 in
970 2256 1050 2315 ulmo,
1075 2262 1188 2304 natantes
1212 2258 1238 2305 in

96 2343 151 2378 esse
167 2329 324 2377 interiturum
341 2343 390 2378 non
408 2331 650 2393 aquis,uttemp0re
687 2346 792 2395 aequore
814 2333 917 2382 damas?
950 2333 1014 2381 Tam
1040 2334 1168 2382 ridiculam
1189 2336 1235 2383 rni-

97 2407 227 2470 Pyrrhae,
244 2409 287 2457 aed
303 2409 368 2472 igne.
387 2425 411 2456 v,
424 2407 562 2458 ciofanad
577 2407 650 2458 Ovid.
687 2411 801 2458 serrimae
823 2411 857 2459 rei
882 2410 1016 2472 imaginem
1037 2424 1068 2458 ne
1086 2410 1238 2462 scholiastae

96 2487 121 2534 Ι.
132 2488 238 2536 Metam.
249 2488 307 2536 256.
340 2487 428 2537 Refers
439 2490 565 2536 saeculum
578 2491 648 2550 Pyr·
686 2489 784 2552 quidem
793 2488 857 2537 ferre
870 2495 1011 2551 potuerunt.
1029 2488 1170 2552 Porphyrio
1183 2491 1235 2539 Ho-

96 2569 160 2615 rnae
177 2568 208 2615 ad
230 2567 353 2627 Tiberim,
374 2567 417 2630 qui
437 2574 533 2629 partem
555 2566 650 2616 Romae
686 2568 777 2615 ratium
803 2569 838 2616 ita
859 2574 973 2628 excusat,
990 2574 1018 2616 ut
1036 2568 1116 2627 dieat,
1134 2571 1176 2618 ltus
1193 2586 1234 2619 aa·

89 2650 276 2710 occupaverat?
297 2648 363 2706 vide,
386 2660 418 2694 ue
438 2645 527 2693 fluetus
547 2647 572 2693 iu
594 2647 650 2694 sim·
685 2662 765 2696 cerrus
788 2651 889 2711 Lyricr'r
907 2647 993 2710 fairra
1019 2662 1147 2697 concessor.
1182 2650 1235 2697 Ex-

95 2727 157 2788 pulo
174 2741 290 2786 moveas,
307 2726 349 2789 qui
366 2725 397 2773 ab
414 2740 465 2773 uno
481 2724 593 2784 flumine,
610 2726 647 2773 al·
685 2727 779 2776 cusatio
789 2727 866 2789 digna
876 2727 927 2775 istis
938 2726 1084 2776 hominibus.
1103 2727 1236 2776 Caeterum

97 2819 173 2853 veum
198 2819 309 2868 egresso,
331 2805 457 2852 interitum
483 2805 528 2852 toti
556 2804 649 2852 mundo
685 2803 753 2852 locus
765 2805 795 2852 de
806 2804 898 2852 diluvio
909 2812 994 2866 aptum
1006 2814 1058 2855 erat
1069 2806 1236 2857 Grammatico

95 2885 211 2934 intentes.
250 2884 408 2947 Quamquam
434 2890 459 2931 et
485 2883 532 2932 hoo
553 2884 648 2946 saepius
683 2882 784 2944 ingenio
800 2888 982 2944 argumentum.
1008 2884 1105 2933 Auctor
1115 2887 1237 2936 nonnulla

97 2963 237 3019 accidebat,
256 2969 285 3010 ut
301 2962 397 3011 Tiberis
414 2961 490 3024 plana
509 2961 577 3010 urbia
597 2970 646 3011 sta·
684 2962 795 3009 imitatus
811 2968 849 3010 est
865 2976 897 3010 ex
914 2960 1015 3022 Ovidio,
1036 2963 1119 3026 qualia
1135 2972 1194 3012 suut
1210 2966 1235 3014 in

97 3048 195 3105 gnaret.
241 3039 290 3089 Sed
308 3040 409 3103 quinam
434 3040 554 3088 timebant
573 3057 649 3102 arare
685 3039 707 3086 1.
733 3039 837 3087 Metam.
863 3041 913 3088 296
939 3055 976 3103 sq.
1016 3043 1121 3090 Summa
1139 3045 1235 3105 piscem

95 3123 226 3170 saeculum
244 3122 378 3182 Pyrrhae?
413 3120 440 3170 Si
456 3119 648 3179 Romani,forte
683 3120 816 3180 deprendit
832 3120 860 3168 in
879 3121 953 3168 ulmo.
987 3120 1038 3168 Per
1059 3122 1172 3182 gramina
1192 3124 1232 3171 de-

96 3200 189 3262 aliquid
219 3200 284 3247 dicis.
323 3200 379 3247 Imo
408 3205 492 3262 uenter
518 3198 645 3247 timebant.
677 3197 775 3258 former
798 3204 897 3259 ponunt
922 3214 969 3246 rua
1002 3215 1106 3262 corpora
1131 3204 1233 3263 plancae.

96 3279 191 3341 Iupiter
217 3279 283 3326 onim
311 3281 406 3326 terruit
426 3279 525 3338 urbem,
552 3278 646 3325 terruit
683 3276 800 3325 Nereides
817 3277 863 3325 sub
880 3277 950 3338 aquis
968 3280 1098 3326 mirantur
1115 3281 1234 3328 lueoaur-

94 3364 186 3421 uenter.
220 3357 275 3404 Iam
291 3363 373 3420 pentes
389 3358 496 3404 itanum
513 3358 573 3404 urbe
591 3369 647 3403 con·
683 3359 770 3418 aerque
786 3359 921 3417 dumosque.
955 3355 1010 3402 Hoc
1031 3360 1125 3406 mirari
1140 3371 1184 3420 per
1194 3361 1231 3406 ui-

94 3437 207 3495 iunctae,
225 3443 283 3484 sunt
297 3436 382 3500 populi
392 3436 546 3485 remotissimi
557 3443 582 3482 et
593 3435 646 3482 bar·
681 3449 735 3483 rere
749 3434 877 3497 expressit.
905 3434 1024 3482 Proteum
1042 3435 1174 3498 eVirgilio
1184 3436 1233 3484 IV.

95 3515 158 3564 bari.
192 3516 248 3564 Liv.
264 3517 291 3563 in
308 3514 416 3563 Praefat.
449 3517 493 3562 Ea
517 3517 575 3564 belli
598 3517 646 3578 qlo·
683 3513 773 3576 Georg.
796 3515 853 3563 394.
874 3514 975 3572 sumsit,
998 3514 1041 3576 qui
1064 3515 1187 3563 Armenta
1208 3522 1233 3565 et

95 3597 138 3644 ria
163 3600 200 3644 eat
222 3597 315 3658 pupulo
341 3597 468 3654 Romano,
485 3599 516 3641 ut
533 3600 585 3641 tarn
603 3594 647 3641 hae
683 3599 769 3655 turpet
783 3596 867 3656 pascit
884 3595 930 3642 rub
946 3594 1152 3656 qurqiteplurear.
1175 3594 1232 3641 Non

94 3680 179 3737 uenter
199 3675 324 3722 numanae
337 3675 489 3736 patiantur,
505 3687 581 3735 quant
597 3673 644 3720 im-
682 3671 837 3733 intelligebat
862 3671 1059 3732 Grammaticus,
1083 3681 1232 3736 quantopere

92 3754 195 3815 perium
209 3753 356 3815 patiuntur.
389 3750 500 3799 Martial.
518 3751 581 3799 XII.
598 3751 646 3813 Ep.
682 3750 717 3797 ita
734 3764 749 3797 a
765 3764 825 3798 sano
841 3751 928 3800 iudicio
949 3752 1094 3801 deflecteret.
1128 3750 1232 3800 Ovidius

93 3833 119 3880 8.
156 3833 295 3880 Terrarum
313 3835 371 3880 Dea
386 3832 645 3893 aeniiurnqueRornu.
682 3828 761 3888 enim,
783 3835 811 3876 ut
832 3830 954 3878 nesciebat
977 3845 1079 3878 manum
1100 3831 1129 3878 de
1146 3831 1233 3878 tabula

94 3912 186 3960 Florus
214 3910 251 3958 Π.
278 3911 304 3961 7.
352 3911 412 3957 Iam
442 3911 553 3971 euntium
580 3924 647 3970 rerer
683 3908 780 3968 tollere,
802 3910 822 3957 si
840 3908 916 3958 semol
933 3909 978 3956 sibi
993 3910 1019 3955 in
1036 3909 1120 3969 aliqua
1136 3923 1163 3955 re
1179 3909 1230 3970 pla-

92 3992 224 4054 praeaidiu
244 3992 292 4039 aar
316 3993 348 4039 ab
372 3991 419 4038 huc
439 3989 500 4036 urbe
519 3989 645 4049 petebant.
682 3988 783 4050 auisset,
806 3987 939 4048 imaginem
966 3986 1053 4034 diluvii
1073 3986 1231 4034 Deucalionei

96 4073 193 4120 Terrae
208 4079 308 4126 autem,
326 4082 387 4130 quas
404 4065 461 4114 dicit
473 4064 591 4112 Horatius
609 4079 644 4111 vs.
682 4067 793 4128 depinxit
810 4066 920 4113 versibus
937 4064 987 4112 fere
1008 4070 1115 4112 centum.
1150 4064 1232 4113 Plena

96 4151 116 4196 l.
143 4156 203 4197 sunt
227 4149 281 4210 agri
305 4149 331 4196 in
352 4145 440 4195 vicinia
455 4144 560 4192 Romae:
578 4151 607 4192 ut
623 4144 644 4191 Ι.
682 4153 719 4194 est
739 4145 783 4192 illa
807 4145 889 4206 imago
914 4143 1040 4191 variarum
1057 4157 1153 4202 rerum,
1170 4145 1231 4193 adeo

93 4227 178 4277 earm.
207 4229 231 4275 l.
251 4227 320 4289 flare
344 4231 428 4274 terrae
452 4239 527 4287 quarn
551 4224 645 4286 ferunt
683 4231 711 4271 ut
728 4225 845 4273 minutiae
861 4224 922 4272 istac
938 4223 1228 4271 minusanimadvertan·

91 4310 196 4356 solariae.
231 4304 360 4368 Quomodo
377 4304 425 4352 iam
443 4309 539 4365 gentes,
560 4303 644 4365 populi
683 4310 738 4362 tur,
760 4319 838 4367 noque
859 4303 885 4351 in
907 4301 990 4351 acidos
1009 4303 1146 4350 incurrant.
1181 4303 1230 4352 Sed
