2916 5220
162 300 220 338 VIII
711 316 750 327 -

160 480 261 519 camus
283 461 542 537 chalcographam.
586 458 685 533 Quum
701 459 858 516 Ernestius
874 460 905 515 in
922 459 1086 534 Opuseulis
1102 461 1305 536 PhilologIeis

160 558 339 630 quaerebat,
362 557 472 629 quibus
495 556 650 612 literarum
665 554 831 628 disciplinis
847 562 878 610 et
892 564 1041 627 quatenus
1058 553 1306 631 chalcographia

159 652 330 726 prodesset,
357 651 435 707 hanc
461 651 541 707 illins
570 649 730 706 utilitatem
757 648 927 705 universam
948 649 1060 721 omisit,
1088 651 1170 722 quod
1191 669 1231 707 ea
1251 669 1306 707 no-
1350 717 1354 725 ¹

159 747 206 803 bis
232 747 325 803 libros
352 745 507 820 praebuit,
531 744 683 800 erroribus
705 741 938 798 describentium
959 742 1022 800 fere
1044 762 1169 815 vacuos,
1191 745 1307 802 minus·

159 859 217 914 que
247 840 402 897 fraudibus
429 841 505 897 falsa
531 838 706 895 addentium
732 846 932 910 opportunos:
958 838 1035 893 adeo
1061 845 1096 894 ut
1116 847 1185 913 post
1204 841 1305 897 multa

159 935 279 991 saecula
301 935 366 1008 ipsa
386 933 517 990 auctoris
539 950 658 1001 manus,
682 931 843 1005 praecipue
865 931 897 987 in
919 933 1079 1006 peregrina
1099 935 1216 1008 lingua,
1240 936 1305 1010 ple·

158 1048 283 1102 rumque
304 1029 391 1085 reddi
412 1046 447 1084 ae
469 1027 575 1084 referri
598 1025 702 1101 possit.
745 1023 835 1097 Quod
863 1026 951 1101 longe
981 1045 1068 1085 secus
1094 1038 1140 1086 est
1160 1030 1192 1086 in
1214 1030 1304 1087 libris

159 1143 249 1180 manu
271 1123 406 1197 scriptia,
430 1140 522 1195 quae,
545 1139 605 1193 quo
627 1120 748 1194 saepius
771 1120 1033 1192 describebantur,
1050 1141 1085 1178 eo
1100 1124 1221 1199 saepius
1238 1137 1305 1181 cor-

158 1220 385 1293 rumpebantur.
428 1217 561 1291 Quaevis
582 1234 660 1272 nova
682 1215 774 1272 editio
792 1234 885 1272 novos
908 1235 1025 1273 errores
1047 1236 1149 1275 secum
1171 1219 1302 1277 ferebat.

159 1314 225 1370 Nec
247 1313 382 1389 prefecto
400 1320 459 1381 est,
483 1329 536 1367 eur
552 1311 702 1380 miremur,
720 1329 812 1383 quum
827 1311 907 1366 idem
924 1330 1148 1385 nonnumquam
1165 1314 1197 1370 in
1211 1314 1303 1371 libris

159 1427 214 1483 per
235 1406 506 1481 Chaleographiam
528 1405 702 1478 frequenter
717 1404 854 1479 repetitis
869 1406 1027 1477 acciderit,
1044 1408 1188 1481 multique
1205 1410 1302 1480 adeo,

157 1523 186 1559 v.
210 1521 235 1559 c.
255 1501 453 1570 Voltairiani,
477 1518 543 1555 enm
564 1499 712 1556 varietate
735 1500 872 1557 lectionis
895 1501 967 1556 editi
989 1501 1059 1557 sint.

198 1598 344 1655 Horatius
365 1604 499 1652 mortuus
522 1603 568 1650 est
589 1613 617 1650 a.
641 1595 669 1650 9.
695 1603 764 1651 ante
781 1593 945 1653 Christum.
975 1595 1021 1653 Ee
1043 1605 1177 1672 tempore
1200 1617 1303 1655 exem·

157 1695 209 1769 pla
232 1692 395 1749 carminum
418 1698 517 1759 erant,
545 1689 633 1761 quale
657 1690 796 1747 sianum
817 1691 972 1747 habuisset
994 1692 1045 1764 qui
1068 1711 1095 1748 a.
1120 1693 1208 1753 1470.
1230 1703 1303 1768 post

159 1787 312 1845 Christum
335 1785 460 1860 primam
481 1784 642 1840 editionem
665 1804 703 1840 ex
719 1787 924 1861 typographeo
936 1786 1156 1843 Mediolanensi
1167 1789 1302 1859 curavit,

157 1884 355 1956 interpretum
377 1898 469 1953 opera
491 1878 579 1934 hodie
601 1879 698 1936 minus
722 1898 885 1953 egeremus.
928 1880 974 1936 Ea
1000 1881 1106 1952 editio,
1133 1892 1168 1939 ut
1188 1883 1301 1940 deinde

160 1977 248 2047 aliae,
272 1977 310 2032 ad
332 1974 421 2033 MSS.
444 1974 542 2030 factae
565 1982 644 2030 sunt.
678 1974 899 2046 Antiquissima
920 1973 1041 2032 Horatii
1061 1977 1193 2033 earmina
1204 1977 1300 2037 MSS.

159 2072 256 2127 adhuc
279 2070 399 2145 cognita
421 2069 574 2125 saeculum
586 2068 733 2125 decimum
744 2088 804 2125 non
816 2071 995 2126 antecedere
1007 2070 1158 2128 videntur.
1187 2070 1302 2145 Quam·

159 2187 249 2242 quam
271 2187 325 2243 pro
348 2174 430 2223 certe
456 2166 600 2222 affirmare
623 2184 684 2221 non
706 2167 868 2240 possimus,
888 2168 1008 2239 qnando
1028 2176 1058 2223 et
1073 2169 1182 2240 quihus
1200 2171 1301 2226 modis

157 2266 218 2322 tale
240 2263 306 2322 MS.
337 2262 450 2320 saeculi
483 2261 591 2318 decimi
623 2271 810 2336 corruptum,
842 2280 991 2336 quamque
1018 2271 1164 2320 mutatum
1193 2265 1234 2321 sit
1257 2267 1297 2320 ab

158 2360 310 2434 exemplo,
334 2359 414 2432 quod
436 2356 582 2414 Horatius
604 2358 669 2431 ipse
692 2366 722 2414 et
744 2359 832 2414 amici
848 2359 931 2414 illius
949 2367 1155 2429 correxerunt,
1179 2360 1300 2416 coniec-

157 2465 225 2512 tura
253 2464 352 2512 tamen
380 2473 589 2527 assequemur,
621 2454 702 2526 quod
730 2473 748 2510 a
774 2472 847 2510 vero
869 2474 928 2510 non
951 2455 1122 2511 abhorreat.

197 2550 343 2606 Horatius
364 2550 457 2606 libros
479 2548 671 2619 Sermonum,
698 2547 841 2622 Epeddn,
865 2546 1054 2619 Carminum,
1077 2548 1300 2623 Epistolarum,

157 2646 320 2720 separatim
340 2645 466 2700 diversis
488 2644 673 2717 temporibus
692 2644 796 2700 edidit.
830 2644 912 2718 Ipse,
925 2644 1025 2701 subito
1041 2653 1185 2716 mortuae,
1197 2664 1300 2718 neque

158 2749 322 2797 extremam
344 2756 464 2793 manum
489 2737 574 2811 operi
601 2755 654 2793 sue
680 2737 828 2807 admovit,
859 2755 956 2810 neque
989 2738 1108 2795 libellos
1140 2739 1171 2794 in
1204 2759 1300 2796 unum

158 2852 267 2908 corpus
290 2833 420 2906 collegit.
449 2830 603 2902 Carmina,
628 2851 664 2888 eo
685 2841 802 2889 mortuo
824 2841 946 2906 reperta
964 2831 992 2903 ¹,
1015 2833 1103 2889 amici
1126 2834 1299 2904 ediderunt,

157 2930 261 2987 addita
283 2929 391 2985 deinde
409 2947 464 2984 sno
486 2946 623 3001 quaeque
641 2929 754 3002 generi,
767 2927 954 2983 Hexametra
970 2925 1173 2998 Hexametris,
1186 2928 1300 3003 Lyrica

158 3025 285 3100 Lyrieis.
328 3023 428 3097 Quum
449 3033 555 3098 postea
576 3024 608 3080 in
630 3042 721 3080 unum
746 3023 886 3078 volumen
912 3023 1061 3096 cogebant
1089 3024 1221 3093 librarii,
1246 3024 1300 3080 alii

158 3120 250 3176 alium
277 3119 412 3175 ordinem
444 3120 662 3191 sequebantur,
697 3117 845 3191 principio
877 3117 1013 3172 ordinem
1044 3119 1201 3192 temporis,
1237 3137 1299 3191 quo

157 3214 304 3271 Horatius
326 3232 381 3270 sua
400 3214 559 3284 edidisset,
582 3220 645 3268 turn
667 3229 751 3267 suam
773 3210 900 3283 quisque
921 3211 1069 3268 rationem
1090 3222 1121 3269 et
1142 3213 1297 3269 iudicium.

157 3308 295 3383 Vestigia
324 3307 438 3364 ordinis
463 3308 502 3364 ad
530 3316 648 3381 tempus
679 3305 778 3362 exacti
806 3313 967 3378 supersunt
992 3306 1023 3361 in
1048 3307 1085 3363 iis
1109 3307 1213 3378 MSS,
1244 3309 1300 3364 ubi

157 3404 218 3461 Ars
240 3403 373 3479 poetica,
393 3411 426 3459 ut
442 3403 625 3477 appellatur,
643 3400 816 3470 Sermousa,
836 3399 1006 3474 Epistolae,
1026 3410 1057 3457 et
1075 3398 1230 3473 Carmina,
1248 3403 1299 3458 vel

158 3496 314 3567 Carmina,
336 3498 397 3555 Ars
418 3499 550 3573 poetica,
574 3497 687 3571 Epodi,
714 3495 763 3551 vel
785 3495 844 3551 alio
867 3495 970 3551 ordine
993 3496 1092 3570 posita
1113 3505 1192 3552 sunt.
1236 3495 1299 3568 Qui

158 3611 245 3649 suurn
265 3592 323 3666 ipsi
343 3592 487 3649 iudicium
510 3591 707 3649 strationem
734 3589 829 3646 secuti
855 3596 940 3659 sunt,
967 3589 999 3644 hi
1026 3591 1158 3646 earmina
1185 3590 1299 3664 Lyrica

158 3706 225 3744 curn
243 3686 360 3762 Lyrieis
373 3688 485 3758 omnia,
498 3687 684 3742 Hexametra
696 3703 762 3740 curn
773 3684 967 3740 Hexametris
980 3685 1173 3742 coniunxere.
1206 3684 1298 3744 Unde

158 3781 269 3839 factum
292 3789 350 3851 est,
373 3790 407 3838 ut
430 3780 604 3839 Carminum
625 3781 702 3836 liber
723 3788 862 3852 quartus,
890 3778 1003 3853 Epodi,
1027 3779 1164 3854 Epistola
1186 3780 1225 3836 ad
1247 3780 1300 3836 Pi·

158 3896 262 3948 sones,
285 3877 383 3932 locum
404 3877 493 3952 plane
520 3876 651 3932 alienum
678 3875 900 3948 occupaverint.
945 3872 1006 3929 Alii
1031 3873 1139 3930 deinde
1169 3875 1296 3932 ulterius

157 3973 322 4048 progressi,
344 3972 476 4028 carmina
498 3970 665 4045 argumenti
687 3968 884 4025 dissimilioris
909 3968 947 4023 ad
963 3967 1089 4024 similius
1105 3976 1298 4045 transposue-

158 4077 241 4138 runt,
265 4087 303 4125 ex
324 4086 384 4124 uno
402 4066 536 4141 longiore
559 4065 634 4135 due,
658 4083 697 4121 ex
719 4064 835 4120 duobus
857 4062 1045 4118 brevioribus
1067 4083 1160 4120 unum
1179 4064 1295 4134 fecerc3

193 4268 200 4299 ¹
226 4269 292 4329 Quid
313 4269 397 4316 Tucca
419 4277 443 4318 et
460 4271 554 4320 Varius
576 4272 603 4319 in
619 4270 762 4333 Virgiliana
778 4269 890 4318 Aeneide
907 4268 1021 4325 fecerint,
1037 4283 1087 4317 non
1103 4268 1172 4316 latet.
1189 4268 1242 4317 Nee
1258 4267 1294 4315 la·

159 4355 206 4405 tet,
224 4348 285 4412 quid
301 4348 326 4395 in
345 4347 440 4411 Satyris
457 4349 536 4397 Persii
553 4348 656 4398 fecerint
675 4349 724 4397 alii.
741 4349 797 4396 vide
815 4347 968 4398 Suetonium.
