2916 5220
601 313 854 378 CARMEN

344 504 480 568 Feminis
506 502 670 587 prolisque
691 522 786 565 nonae
798 499 912 585 feraci

430 607 513 692 Lapa
537 609 672 670 marita:

344 709 460 774 Certus
484 708 632 773 undenos
656 707 762 772 decies
784 728 843 792 per
866 726 969 770 annos

343 811 438 878 Orbis
464 818 502 876 ut
525 818 641 876 cantus
666 809 847 894 referatque
870 809 985 887 ludos,

343 915 402 979 Ter
424 915 477 979 die
500 915 587 979 claro
611 914 773 998 totiesque
796 917 891 996 grata

432 1018 536 1083 Nocte
560 1017 756 1101 frequentes.

343 1121 474 1206 Vosque
497 1143 625 1186 veraces
650 1119 823 1201 cecinisse,
849 1118 987 1199 Parcae,

342 1226 436 1305 Quod
460 1225 560 1290 semel
584 1225 784 1288 dictumest
815 1222 1009 1307 stabilisque
1032 1242 1140 1286 rerum

160 1393 253 1442 mentio
270 1392 356 1454 legum
373 1399 398 1441 et
414 1394 570 1442 decretorum
585 1391 711 1440 hominem
756 1391 830 1448 Quod
844 1391 926 1439 semei.
964 1390 1098 1438 Terminus
1113 1392 1202 1436 earet.
1234 1387 1284 1433 Ion·

160 1471 257 1533 prodit,
287 1473 437 1521 nescientem
462 1473 522 1536 quid
548 1473 658 1535 gravitas
686 1478 712 1520 et
750 1472 802 1532 pite
811 1469 885 1532 foto.
921 1469 1013 1517 Certior
1029 1468 1154 1515 undmom
1170 1479 1207 1528 sq.
1240 1463 1289 1512 “Ili-

160 1551 234 1599 decor
258 1552 370 1616 poeticus
394 1552 487 1609 ferant,
519 1565 601 1614 neque
632 1565 711 1613 genus
752 1548 829 1610 thyio,
838 1554 907 1596 tuere
917 1551 1018 1594 matres·
1043 1544 1293 1608 Voeque,0Parcte.

160 1630 258 1678 dicendi
275 1638 361 1688 tenua
378 1631 474 1679 nudum
491 1639 516 1680 et
533 1630 711 1680 historicnme
750 1625 846 1688 iungite
862 1625 927 1674 bona
951 1625 1003 1674 fata
1025 1625 1077 1673 iam
1101 1623 1221 1688 peractis,
1245 1637 1293 1671 0⁰1¹·

160 1709 251 1772 grandi
268 1717 293 1761 et
309 1718 398 1759 ornato
409 1711 595 1759 discernentem.
629 1709 710 1758 Hora·
751 1710 848 1752 servate
867 1709 892 1752 et
914 1710 1004 1767 augete
1024 1703 1168 1752 felicitatem
1185 1702 1297 1766 reipubli-

160 1788 209 1836 tius
240 1787 300 1837 alibi
325 1802 425 1852 quoque
451 1789 482 1836 ad
504 1788 573 1851 leges
589 1786 653 1835 latas
670 1801 708 1835 re-
749 1797 793 1832 cae
817 1782 960 1840 Romanae,
987 1789 1016 1831 nt
1043 1782 1083 1830 hie
1111 1781 1177 1841 dies,
1203 1781 1298 1830 saeculo

160 1867 256 1930 spexit,
272 1868 315 1915 sed
332 1880 463 1929 personam
479 1867 566 1929 politae
577 1880 626 1914 uon
637 1867 709 1930 depo
750 1863 894 1927 praeterito,
911 1864 1003 1912 iterum
1019 1866 1171 1926 percautus
1188 1867 1214 1910 et
1230 1861 1299 1909 ludos

159 1945 216 1994 suit.
251 1944 405 1994 Testimonio
415 1944 465 1991 sint
473 1944 559 1993 illaex
567 1944 616 1993 IV.
625 1944 711 1994 Germ.
750 1940 870 1990 celebrari
886 1943 985 2006 possit'·
1003 1941 1130 1992 celebrari
1146 1939 1301 2004 poterathoc

160 2027 183 2074 5.
219 2027 307 2074 Nullis
321 2026 449 2086 polluitur
465 2029 538 2073 casta
555 2025 642 2072 domm
657 2031 710 2073 etu-
751 2021 853 2080 festum,
869 2036 974 2071 numero
990 2021 1129 2069 incolarum
1146 2033 1200 2067 non
1217 2025 1301 2075 aucto,

156 2105 222 2166 prio.
257 2104 317 2152 Moe
334 2109 358 2152 et
376 2103 417 2151 lea
433 2105 585 2151 maculosam
601 2103 711 2151 edomuit
750 2103 825 2150 etiam
849 2101 959 2159 minuto,
983 2098 1104 2150 celebrari
1127 2113 1180 2147 non
1205 2104 1303 2160 poterat

160 2184 239 2247 nefus.
274 2185 430 2232 Laudentur
450 2183 528 2230 eiorih
547 2183 618 2244 prole
636 2197 710 2243 puer-
750 2183 799 2230 nisi
823 2183 895 2230 salva
923 2188 948 2230 et
976 2187 1058 2229 stante
1087 2178 1228 2242 republica,
1255 2178 1303 2226 nisi

157 2278 242 2325 perae.
284 2263 394 2324 Culpam
414 2276 494 2323 poena
511 2262 606 2322 premit
625 2276 710 2311 conica.
751 2262 848 2311 Parcae
864 2262 930 2310 bona
945 2260 997 2309 fate
1015 2260 1067 2309 iam
1087 2259 1195 2322 peractis
1215 2258 1303 2321 iunge-

159 2342 209 2391 Ubi
235 2342 278 2391 lex
303 2341 371 2389 Iulia
396 2341 426 2389 de
451 2339 581 2389 adulteriis
605 2341 628 2389 ei
653 2349 710 2390 aute
749 2347 812 2390 rent.
846 2341 931 2390 Multa
958 2338 985 2386 in
1007 2337 1093 2385 ordine
1110 2335 1231 2384 carminis
1248 2349 1302 2384 sae·

159 2420 316 2468 oculoserat.
350 2419 573 2482 InEpodisetiam
585 2418 709 2469 Othonem
751 2419 842 2467 culatis
874 2433 927 2467 esse
960 2417 1077 2465 ridentur
1109 2415 1220 2463 turbata
1262 2414 1305 2462 Ita

159 2505 230 2547 vocat
246 2498 310 2561 legis
327 2504 465 2556 auctorem,
492 2498 534 2545 sed
556 2497 710 2560 gravitaret
751 2497 891 2548 comment.
914 2497 990 2560 Cruq.
1011 2509 1098 2544 versus
1119 2496 1216 2556 Vosque
1232 2509 1303 2542 oero-

159 2578 265 2638 podtiee:
284 2577 458 2639 Scdiiibusqae
474 2590 581 2638 arnonas
591 2578 710 2638 inprimis
751 2593 790 2627 ces
807 2580 922 2628 cecinisse
939 2579 1082 2625 Porcac-
1094 2573 1156 2635 legit
1166 2580 1225 2635 post
1238 2572 1303 2621 Con·

158 2671 232 2718 eques
261 2657 358 2704 Othone
387 2661 509 2706 contemto
537 2657 612 2704 sedet.
654 2655 709 2704 Iam
750 2659 805 2706 dito
821 2658 890 2704 mitis
904 2657 1070 2718 placidusque
1090 2655 1139 2701 reto
1160 2667 1199 2716 sq.
1234 2651 1303 2700 Nam

163 2735 225 2782 mihi
246 2749 305 2782 cum
326 2734 378 2782 istis
400 2733 513 2783 versibus
530 2733 575 2782 hos
591 2749 605 2783 e
625 2749 709 2784 saecu-
751 2736 821 2785 dicit:
842 2738 950 2784 Invocat
966 2739 1052 2783 autem
1070 2733 1171 2780 Pareae
1186 2738 1247 2794 post
1265 2731 1301 2778 A·

159 2813 205 2861 lari
222 2813 331 2862 carmine
348 2828 481 2876 compara,
503 2820 528 2861 et
545 2813 612 2862 dices
628 2814 708 2863 Hora-
748 2817 882 2877 pollinem,
899 2816 961 2876 prtia
982 2813 1072 2875 Apollo
1090 2810 1162 2873 sutis
1186 2815 1303 2872 procat,

160 2893 194 2939 tio
211 2907 261 2939 non
278 2892 385 2954 potuisse
403 2906 488 2939 exora
504 2892 628 2939 excidere·
647 2893 708 2941 Pro·
751 2895 816 2941 rende
843 2899 868 2942 et
896 2894 1029 2954 sort-iiepua
1057 2895 1170 2939 vocatur.
1215 2890 1303 2951 Atque

159 2986 231 3033 spera
248 2970 297 3018 sint
313 2976 413 3033 patrum
431 2970 530 3018 decreta
546 2969 577 3017 de
593 2969 709 3032 iugandis
751 2970 799 3018 huc
815 2971 913 3034 respicit
929 2970 1008 3019 altera
1023 2968 1133 3018 eiusdem
1154 2967 1302 3030 interpreta-

158 3049 256 3098 seminis
273 3055 297 3098 et
313 3050 369 3112 lege
390 3048 506 3097 maritali.
539 3047 596 3096 Hoc
617 3064 707 3099 unum:
751 3051 795 3098 tio:
825 3052 907 3113 Optat
922 3056 953 3098 at
968 3051 1067 3098 decreto
1083 3047 1302 3111 constabiliasa·

158 3132 259 3180 decreta
282 3145 359 3193 saper
375 3131 493 3193 inponatis
503 3128 610 3189 sentinis
625 3134 651 3177 et
667 3143 709 3176 eu·
750 3131 833 3187 ciant,
850 3146 914 3192 quae
927 3128 1098 3191 promiserant
1117 3129 1230 3184 Aeneae,
1242 3129 1301 3174 dum

156 3226 203 3273 per
220 3212 270 3272 iope
287 3212 395 3269 marito,
412 3215 437 3257 et
452 3206 537 3271 putide
553 3207 709 3265 dictumest,
752 3209 861 3257 Italiam
878 3213 987 3270 peteret,
1009 3220 1210 3269 permansurum
1234 3207 1301 3255 ecili-

158 3294 182 3335 et
199 3287 274 3336 habet
290 3286 398 3351 ineptam
411 3285 587 3348 tautologiam,
602 3287 661 3349 qnia
672 3286 707 3334 in·
750 3291 789 3334 cet
805 3289 949 3336 Romanum
958 3287 1092 3347 imperium
1103 3286 1132 3333 in
1141 3290 1302 3347 perpetuum.

158 3366 280 3428 telligitur
301 3382 352 3414 una
368 3366 411 3414 lex
427 3368 457 3414 de
473 3367 626 3414 maritandis
642 3368 707 3414 ordi·
784 3366 941 3429 Referetque
957 3368 1037 3414 ludos.
1078 3365 1244 3427 Referuntur
1264 3379 1302 3412 sa·

158 3446 239 3491 nibus.
274 3445 368 3501 Fuere,
390 3444 432 3506 qui
454 3444 592 3506 acceperint
612 3447 709 3493 marita
750 3456 805 3502 cra,
822 3459 887 3506 quae
904 3451 969 3493 stato
980 3450 1090 3508 tempore
1101 3443 1217 3491 redeunt.
1234 3443 1302 3492 Vide

158 3531 285 3586 tamquam
307 3523 411 3571 verbum
434 3523 579 3585 imperative
600 3525 708 3585 positum
749 3521 926 3570 Burmannum
944 3523 975 3570 ad
993 3522 1076 3572 Ovidii
1093 3521 1198 3571 Remed.
1217 3523 1275 3570 593.

158 3604 276 3651 Marito!
310 3602 366 3650 Hoc
390 3616 440 3649 non
467 3608 519 3648 tam
544 3600 654 3650 alienum
671 3609 709 3651 est
786 3603 916 3665 Totiesqne
931 3609 1018 3666 prata
1045 3603 1077 3650 In
1095 3600 1154 3650 ΜΒ.
1171 3600 1303 3666 Vosspo

158 3680 707 3745 abingeniohominis,quihosversusfinxit.
750 3681 824 3737 tiens,
840 3693 900 3729 cum
916 3681 1000 3744 glossa
1010 3681 1111 3743 fractu.
1145 3678 1303 3744 corruptum

193 3763 283 3810 Certim
308 3763 418 3809 undenos
443 3762 522 3809 decies
546 3776 594 3823 per
620 3776 707 3809 annos.
749 3759 842 3807 scilicet
858 3774 891 3808 ex
912 3764 1015 3816 totiens,
1039 3759 1162 3822 glossator
1187 3773 1239 3807 non
1264 3760 1301 3807 in-

159 3840 287 3890 Sententia
298 3846 348 3889 est:
362 3839 483 3896 “Lucina,
490 3845 559 3887 tuere
571 3844 671 3897 matres,
680 3845 708 3885 ut
749 3837 885 3901 telligcbat.

157 3920 247 3968 liberos
264 3935 356 3983 magno
373 3934 477 3968 numero
494 3919 708 3982 pariant,etpost
784 3920 858 3977 Quod
873 3923 947 3969 semel
972 3921 1067 3969 dictum
1089 3923 1128 3967 cst
1152 3919 1303 3981 stabilisque

157 4005 258 4048 centum
283 4007 308 4048 et
331 4001 415 4050 decem
440 4014 517 4048 annos
540 3998 655 4061 frequens
676 3999 708 4046 sit
748 4013 834 4047 rerum
880 4000 1012 4047 Terminus
1035 4002 1128 4046 carot.
1170 3997 1303 4046 Bentleius

156 4079 291 4128 multitudo
308 4079 450 4137 hominum,
478 4079 522 4142 qui
544 4077 634 4127 festum
656 4093 706 4126 sne·
748 4075 1020 4126 haccitaemendavit:
1040 4077 1114 4134 Quod
1121 4078 1195 4124 ranei
1203 4078 1303 4126 dictum

156 4158 240 4207 culare
256 4158 406 4207 celebrent.”
437 4157 526 4204 Talem
544 4170 590 4218 ego
607 4162 705 4204 senten·
747 4157 849 4204 erabilis
864 4171 911 4218 per
928 4171 1016 4204 aecum
1054 4156 1189 4203 Terminus
1210 4161 1302 4206 cavet.

156 4238 215 4285 tiam
233 4238 337 4301 probare
354 4251 404 4284 non
420 4236 495 4299 potui.
530 4233 706 4284 Credoversus
747 4234 797 4282 Vel
818 4235 904 4292 Quod,
925 4235 1003 4282 simui
1018 4234 1116 4282 dictum
1132 4239 1182 4293 eet,
1200 4236 1304 4284 arantis

156 4316 192 4362 ita
203 4316 397 4378 transponendus
415 4329 478 4363 esse:
496 4317 589 4376 Vosque
600 4329 705 4362 raaces.
744 4328 896 4375 panciani
925 4314 1058 4361 Terminus
1075 4318 1165 4362 sanet.
1200 4315 1255 4362 Eat
1276 4315 1302 4362 in
