2916 5220
638 309 955 376 CultMJNUM

404 493 524 557 Debita
548 493 618 557 iura
648 495 799 580 vicesque
823 498 980 581 superbae

314 594 357 658 Te
380 602 535 660 maneant
559 596 687 680 ipsum:
711 599 860 682 precibus
885 621 951 663 non
975 600 1105 685 linquar
1128 601 1264 684 inultis,

359 699 464 784 Teque
487 700 616 784 piacula
639 702 732 766 nulla
754 703 926 767 resolvent.

315 800 521 886 Qiiamquam
544 801 702 884 festinas,
728 825 794 867 non
818 812 869 869 est
891 826 982 869 mora
1006 806 1122 890 longa3
1149 807 1261 871 licebit

404 904 527 969 Iniecta
551 910 600 969 ter
621 906 754 990 pulvere
778 929 896 972 curras.

225 1087 284 1130 tere.
317 1081 444 1136 Dicerem,
461 1086 516 1127 tum
527 1082 606 1143 potius
622 1095 674 1131 esse
688 1080 771 1143 legen-

224 1160 284 1207 dum
301 1160 405 1222 neptiyie
421 1164 450 1206 ta
467 1161 625 1208 committere.

256 1239 351 1287 Debita
364 1239 422 1285 iura
432 1240 542 1299 vicesque
553 1240 680 1300 superbae.
697 1238 731 1285 M
730 1253 772 1287 ar-

224 1319 258 1365 tis
274 1319 334 1365 iura
353 1316 438 1365 Valer.
451 1315 592 1364 FlaceiVI.
603 1317 702 1378 Argon.
717 1317 771 1365 125.

223 1403 282 1444 sunt
298 1397 444 1459 imperinm,
465 1402 572 1458 potestas
593 1396 690 1444 Martis.
707 1396 771 1444 Bur·

223 1475 771 1537 manntamenoumh.l.Horatiicomparavit.

223 1555 296 1615 Quod
312 1556 367 1618 quis
385 1555 457 1604 alteri
474 1554 569 1612 fecerit,
589 1555 636 1602 boe
657 1553 702 1616 ipsi
720 1556 770 1602 fiet.

223 1633 337 1683 Patietur
361 1633 504 1696 exemplum
529 1647 611 1680 suum.
653 1632 708 1681 Hoc
733 1633 771 1680 ius

222 1712 260 1759 illi
276 1713 388 1761 debetur.
422 1712 567 1761 Reddentur
583 1710 621 1758 illi
637 1711 716 1760 iustae
733 1712 769 1758 vi·

222 1806 273 1852 ces;
295 1793 337 1855 qui
358 1791 477 1855 superbus
494 1789 552 1846 fuit,
571 1796 596 1836 et
612 1789 718 1837 cadaver
735 1790 771 1837 in-

221 1872 346 1934 sopultum
362 1868 485 1931 neglexit,
502 1867 533 1915 ab
550 1867 603 1914 aliis
620 1866 728 1914 vicissim
744 1867 770 1915 in

221 1949 297 1998 simili
313 1963 372 1997 casu
388 1947 536 2010 negligetur.
563 1944 599 1993 Ut
616 1952 691 2008 prata
703 1947 769 2002 vice,

220 2031 335 2092 inprata,
353 2029 438 2082 tristi,
456 2027 489 2073 sic
502 2025 549 2072 dici
561 2032 641 2088 potest
655 2029 768 2087 superba.

814 1081 900 1144 gligat.
919 1082 1078 1146 Oudendorp.
1092 1084 1131 1132 bic
1143 1091 1280 1148 opportune
1293 1100 1362 1133 mon-

813 1163 900 1210 strarit
928 1163 983 1212 Liv.
1010 1163 1031 1210 Ι.
1059 1165 1098 1212 49.
1141 1166 1206 1212 Inde
1235 1166 1265 1212 L.
1294 1166 1362 1212 Tar·

812 1242 914 1302 quietius
941 1257 1046 1304 regnare
1072 1244 1168 1304 coepit,
1193 1243 1234 1290 cai
1252 1243 1363 1304 Superbo

812 1332 941 1380 ceqnomen
957 1319 1036 1381 faeta
1056 1321 1216 1378 indiderunt,
1242 1323 1304 1382 quia
1323 1337 1361 1371 so·

812 1411 897 1444 cerum
913 1413 987 1460 enter
1003 1401 1135 1462 sepultura
1149 1400 1292 1460 probibuit,
1310 1403 1362 1449 Ro·

813 1476 909 1523 naulum
931 1490 1026 1538 queque
1046 1477 1199 1539 insepultam
1214 1479 1308 1538 perisse
1324 1480 1361 1526 di-

811 1554 915 1602 ctitans.
965 1552 1040 1602 Adde
1082 1553 1179 1603 Auson.
1217 1553 1273 1604 Oet.
1303 1572 1360 1620 pag.

812 1631 868 1681 7⁵3.
916 1633 954 1680 Ut
981 1633 1009 1680 in
1034 1632 1182 1695 defunctam
1205 1635 1301 1682 saeuire
1322 1637 1361 1683 de·

811 1710 899 1767 sistat,
916 1709 1021 1772 fatique
1042 1712 1168 1759 leontinum
1193 1713 1220 1759 in
1245 1714 1361 1761 enuntias

811 1790 879 1837 hoste
902 1795 1031 1847 vereatur,
1056 1791 1090 1837 att
1113 1792 1272 1852 sepulturam
1294 1793 1362 1839 leeste

811 1870 937 1918 restituto.

846 1947 1006 2010 Quamquam
1014 1946 1134 2010 festinas.
1155 1946 1225 1995 Haec
1239 1945 1360 1997 imitando

810 2026 929 2090 expressit
953 2032 1039 2075 auctor
1059 2026 1253 2075 Declamationis
1278 2026 1360 2087 Quin·

221 2110 309 2172 Itaque
330 2122 379 2156 non
400 2106 561 2155 neeessariam
579 2112 639 2167 puto
655 2105 768 2153 emende—
810 2105 895 2153 tiliana
920 2105 1039 2162 tributae,
1064 2105 1097 2153 V.
1119 2105 1143 2153 6.
1178 2107 1250 2155 Hine
1269 2112 1294 2154 et
1315 2109 1360 2156 itte

219 2190 311 2237 tionem
327 2186 455 2249 Burgessii
472 2187 504 2233 ad
521 2183 640 2247 Aeschyl.
658 2183 767 2246 Supplic.
809 2186 878 2232 venit
894 2184 1014 2246 affictas,
1034 2185 1100 2245 qaod
1118 2185 1210 2246 ignotis
1226 2185 1357 2234 cadaveri-

219 2269 277 2317 220.
302 2269 414 2328 vicesque
436 2280 578 2326 supremae,
605 2268 633 2310 ut
656 2264 767 2326 Aeschy-
809 2264 853 2310 bus
870 2263 973 2309 buniam
989 2263 1191 2323 conaertnrnaet
1204 2263 1358 2324 insepultam

220 2348 288 2396 leum
310 2344 422 2402 ὑστάτας
442 2343 521 2400 δίκας.
556 2342 677 2405 Superbia
696 2344 721 2390 in
738 2357 767 2391 eo
809 2342 933 2402 quodlibet
954 2355 1045 2402 eorpus
1065 2340 1138 2388 natta
1148 2341 1287 2402 festinatio
1304 2346 1358 2388 tarn

220 2427 339 2484 cernitur,
365 2425 386 2471 si
410 2423 478 2487 quis,
503 2422 632 2469 immemor
653 2422 766 2470 Deorum
809 2420 901 2481 rapida
918 2419 1086 2477 transcurrit,
1107 2423 1136 2465 nt
1159 2434 1207 2467 non
1225 2421 1356 2481 quantulo-

220 2512 244 2553 ct
266 2505 407 2558 hominum,
432 2499 583 2563 insepultum
604 2500 709 2549 celaret
725 2515 766 2549 ne·
808 2514 904 2562 cunque
919 2502 1050 2548 reametur
1066 2503 1174 2560 aggesta.

705 2641 871 2670 -οοο-

575 2782 822 2849 CARMEN
866 2781 995 2846 XXIX.

400 2923 488 3015 leci,
512 2937 616 3001 beatis
640 2956 727 2999 nune
750 2933 897 2997 Arabum
920 2932 1046 2997 invides

398 3040 517 3121 Garis,
543 3044 576 3103 et
599 3060 706 3103 aerem
728 3034 884 3100 militiam
907 3057 1005 3120 paras

440 3144 516 3208 Non
539 3147 616 3206 ante
638 3139 774 3205 devictis
800 3138 942 3213 Sabaeae

487 3244 653 3329 Regibus,
677 3240 889 3325 horribilique
913 3239 1009 3304 Medo

395 3347 508 3413 Noctis
533 3348 686 3412 catenas?
732 3343 822 3423 Quae
845 3341 908 3407 tibi
930 3342 1114 3426 virginum,

397 3453 523 3535 Sponsa
547 3456 672 3531 necate,
697 3448 834 3512 barbara
858 3446 997 3511 serviet?

806 3613 856 3645 σοιν
877 3599 927 3655 τὴν
949 3596 1070 3656 τοιαύτην
1097 3595 1265 3660 παρασκευήν.
1305 3596 1353 3643 Ta-

804 3675 844 3723 eit.
862 3674 897 3723 11.
915 3675 1010 3725 Annal.
1025 3677 1062 3724 18.
1091 3675 1210 3736 Repertis
1221 3676 1289 3722 inter
1300 3689 1353 3736 epa-

804 3755 841 3801 tia
857 3769 942 3802 earam
959 3757 1066 3814 catenis,
1086 3768 1149 3816 qaus
1165 3754 1192 3800 in
1210 3753 1353 3812 Romanos,

803 3838 833 3879 ut
849 3848 898 3881 non
914 3834 988 3882 dubio
1003 3839 1104 3889 eaetttn,
1113 3836 1288 3892 portaverant.
1314 3830 1353 3878 lbi

803 3909 902 3972 Lipsius
923 3911 1038 3974 exempla
1060 3918 1085 3960 et
1110 3909 1229 3958 Flaminii
1251 3914 1276 3957 et
1297 3908 1351 3956 An-

352 3619 504 3668 CARMEN
522 3620 626 3668 XXIX.

256 3712 367 3798 Nestis
383 3755 493 3798 euterius.
522 3751 664 3812 Tamquam
681 3750 711 3798 de
729 3749 762 3796 vi·

215 3827 292 3875 storin
308 3841 357 3874 non
375 3827 496 3875 dubitans.
531 3828 610 3890 quue
627 3827 707 3875 facere
723 3842 762 3875 so-

216 3906 299 3954 lebant
315 3907 398 3956 variae
415 3915 507 3969 gentes.
542 3907 664 3970 Polybius
675 3922 761 3955 narra·

216 3985 252 4032 vii
276 3986 307 4034 de
331 3986 456 4034 Flaminio
481 3987 531 4035 III.
555 3987 595 4034 82.
613 3987 656 4050 qui
673 3987 762 4036 milites
802 3988 864 4036 ionii
889 3989 974 4036 attulit
995 3989 1142 4052 adiecitque,
1168 3988 1211 4052 qui
1228 4001 1281 4035 mos
1298 3992 1352 4034 erat

215 4070 284 4112 tenta
308 4065 399 4113 fiducia
423 4066 545 4128 implevit,
571 4067 633 4115 ὥστε
659 4067 763 4123 πλείους
802 4067 851 4115 illis
868 4067 1032 4130 temporibus,
1050 4068 1184 4126 monitum,
1206 4073 1235 4114 ut
1252 4067 1349 4114 diceba·

215 4143 346 4192 εἶναιτῶν
363 4146 395 4192 τὰ
412 4144 484 4193 ὅπλα
502 4146 629 4210 φερόντων
646 4147 705 4203 τοὺς
722 4145 761 4193 te·
803 4152 855 4206 tur,
872 4147 1016 4210 religiosam
1029 4154 1054 4196 et
1064 4147 1200 4210 politicum.
1224 4145 1351 4193 Monitum

215 4221 258 4276 τὸς
276 4221 468 4285 παρεπομένους
480 4227 527 4282 τῆς
544 4224 662 4288 ὠφελείας
678 4224 761 4288 χάριν,
803 4225 849 4272 hoc
864 4232 913 4274 est:
937 4225 1004 4274 “Seu
1025 4225 1156 4288 utriusque
1176 4222 1232 4287 quis
1253 4224 1351 4271 exitus?

214 4299 364 4362 κομίζοντας
382 4299 481 4358 ἁλύσεις
497 4303 539 4350 καὶ
551 4301 630 4360 πέδας
636 4339 642 4363 ,
656 4305 695 4351 rai
709 4307 760 4350 πᾶ·
802 4304 844 4366 qui
861 4319 926 4351 nunc
942 4305 1132 4354 Germanorum.
1158 4303 1211 4351 Neu
1227 4302 1298 4350 aliter
1314 4317 1350 4349 su·
