2916 5220
558 302 732 366 LIBER
778 306 804 366 l.

295 484 357 562 Qui
379 507 465 548 nune
488 490 520 549 te
539 484 659 550 fruitur
678 487 827 551 credulus
851 509 964 565 aurea,

294 588 357 666 Qui
381 611 508 674 semper
528 611 683 672 vacuam,
707 612 834 675 semper
855 593 1030 658 amabilem

343 691 475 775 Sperat,
501 692 629 757 nescius
653 714 750 757 aurae

381 794 533 859 Fallacia.
582 795 712 878 Miseri,
738 797 856 882 quibus

292 896 461 961 intentata
477 897 580 962 nites!
629 898 683 962 Me
703 899 816 963 tabula
838 922 927 964 sacer

292 999 413 1064 Votiva
435 1000 540 1084 paries
564 1000 688 1066 indicat
715 1002 813 1065 uvida

337 1101 554 1186 suspendisse
576 1104 705 1186 potenti

380 1206 587 1271 Vestimenta
610 1206 709 1271 maris
735 1207 812 1271 Dea.

109 1371 162 1417 cius
180 1370 214 1418 rei
233 1370 365 1431 significat,
382 1383 447 1431 quae
460 1371 487 1417 in
501 1370 577 1418 verbo
588 1370 659 1419 inest.
703 1373 830 1421 nolentem.
847 1373 942 1420 Vocem
955 1387 1049 1420 vatata
1061 1373 1195 1422 illustravit
1206 1375 1250 1423 Er·

112 1449 153 1498 Sic
170 1450 259 1498 Horat⁴
285 1451 448 1498 Emiratt'tar
464 1452 583 1506 insolens,
605 1451 659 1500 ie.
703 1455 765 1496 nest.
790 1449 821 1496 ed
846 1449 925 1498 Tacit.
948 1451 996 1499 XI.
1026 1451 1121 1501 Annei.
1144 1455 1182 1502 12.
1216 1457 1252 1503 In

107 1529 204 1588 quaties
230 1529 321 1576 mirari
340 1531 456 1591 incipiet,
482 1543 538 1577 cum
559 1537 660 1594 stupore
706 1528 734 1575 C.
758 1530 865 1588 sileam,
886 1531 1025 1578 iuuentutis
1046 1533 1177 1580 Rauennae
1195 1535 1251 1594 pal·

108 1607 248 1656 mirabitur.
271 1608 332 1666 Sed,
350 1615 377 1656 ut
388 1623 464 1672 supra
475 1609 591 1666 diximus,
602 1624 658 1659 ean·
702 1609 866 1666 thermarum,
885 1610 924 1656 ita
940 1616 1085 1670 exarserat,
1103 1617 1133 1658 at
1147 1613 1251 1659 Iuniam

108 1685 165 1734 dem
182 1701 237 1734 rem
254 1700 311 1735 cum
324 1694 423 1749 stupore
439 1689 515 1737 semel
527 1690 659 1747 miramur,
703 1687 832 1745 Silaaam,
849 1688 953 1735 nobilem
964 1688 1102 1749 sarriatur,
1124 1692 1250 1740 matrimo-

108 1765 191 1812 miuus
199 1767 221 1814 si
228 1780 301 1828 saepe
309 1767 378 1815 redit.
395 1766 593 1816 Schneidewinus
602 1783 658 1817 eorr-
702 1766 743 1812 aio
759 1766 811 1812 eius
822 1768 982 1824 exturbaret,
1000 1782 1124 1829 uacuoque
1136 1770 1251 1818 adultero

107 1844 288 1892 iiciebat:Hea
301 1844 656 1903 attrabitamilludoommen·
700 1844 834 1904 potiretur.
873 1844 948 1894 Adde
976 1845 1063 1894 Burm.
1090 1845 1121 1893 ad
1146 1847 1250 1909 Quintil.

109 1923 151 1971 dat
176 1923 211 1972 H.
240 1923 337 1972 Keilius
362 1923 388 1971 in
414 1921 514 1973 Observ.
545 1924 605 1974 Crit.
631 1926 657 1974 in
701 1920 813 1969 Declam.
831 1921 891 1970 XV.
908 1922 932 1970 2.

108 2000 223 2064 Propert.
240 2002 429 2060 Bonnae1843,
445 2003 512 2051 unde
524 2005 637 2066 cognovi.
739 2002 828 2048 Ueida.
847 1998 940 2063 Optimi
956 2008 981 2050 et
993 2002 1094 2064 plurimi
1105 2002 1162 2050 libri
1172 2003 1249 2054 MSS.

144 2083 198 2139 Qui
209 2096 277 2130 attae
291 2086 314 2128 te
320 2080 427 2144 fruitur
440 2083 556 2130 credulas
570 2098 656 2132 attrea.
701 2094 751 2127 non
769 2081 878 2129 humida.
913 2082 952 2130 De
969 2088 1075 2144 utraque
1092 2095 1152 2129 voce
1169 2083 1252 2130 multa

108 2160 209 2208 Cornel.
235 2159 367 2208 Vonckius
392 2160 417 2207 in
442 2161 511 2208 Leot.
532 2161 614 2209 Latin.
635 2162 656 2210 Ι.
701 2158 810 2221 disputat
826 2158 895 2209 Cort.
913 2161 944 2208 ad
964 2161 1098 2209 Lucanum
1115 2161 1149 2209 II.
1167 2163 1206 2213 71.
1224 2163 1250 2210 in

108 2255 131 2301 p.
143 2241 185 2287 54.
195 2239 309 2287 coniecit:
330 2240 455 2288 Credatur
466 2255 576 2287 auream.
598 2239 657 2287 Non
701 2251 730 2285 oo
751 2238 978 2300 reprehendendus,
1000 2240 1066 2302 quod
1087 2241 1184 2302 putavit
1199 2242 1250 2289 Lu-

107 2323 169 2378 puto
184 2317 232 2365 hoc
248 2332 264 2364 a
280 2316 366 2364 multis
383 2316 515 2378 probatum
531 2318 567 2365 iri.
701 2331 790 2365 eanum
808 2319 930 2381 scripsisse
965 2319 1063 2379 Stapua
1080 2319 1151 2364 uvidi
1168 2322 1251 2366 terere

144 2396 198 2452 Qut
213 2410 434 2457 teutpereacaam.
453 2396 656 2445 PlautMostell.
700 2398 754 2444 soli.
788 2396 869 2444 Nemo
893 2397 973 2443 bonus
994 2396 1067 2456 potita
1087 2397 1249 2458 quantitatem

107 2473 129 2521 Ι.
148 2474 170 2521 3.
189 2475 229 2526 37.
252 2474 341 2522 Stulta
356 2490 382 2523 ee
397 2477 475 2537 plane
490 2491 554 2537 quae
575 2477 658 2523 Illam
701 2473 824 2536 syllabae,
846 2481 873 2520 ut
894 2473 972 2536 vulgo
992 2474 1090 2535 cognita
1110 2479 1177 2530 erat,
1195 2489 1250 2521 mu·

108 2554 156 2601 tter·
176 2558 306 2602 aeternum
325 2559 400 2616 patet
421 2555 529 2602 anticum
548 2560 574 2602 et
590 2555 657 2603 berte-
702 2554 770 2601 tavit.

587 2714 782 2738 40000-

523 2883 768 2948 OARMEN
813 2884 870 2948 Vl.

288 3054 446 3133 Scriberis
470 3060 569 3125 Vario
588 3060 682 3125 fortis
705 3067 738 3125 et
757 3061 902 3126 hostium

287 3164 416 3246 Victor,
441 3164 584 3229 Maeonii
608 3165 762 3233 carminis
786 3165 879 3241 alite,

289 3268 395 3346 Quam
421 3290 490 3332 rem
513 3289 651 3352 cumque
672 3268 762 3332 ferox
786 3269 924 3333 navibus
947 3274 1004 3332 aut
1028 3269 1119 3353 equis

276 3457 428 3508 CARMEN
445 3459 493 3508 VI.
700 3431 726 3478 in
746 3431 783 3478 his
804 3445 875 3493 saera
896 3437 995 3493 propter
1014 3432 1177 3493 quantitatem
1199 3432 1248 3495 syl.

700 3510 813 3558 labarum
835 3510 941 3558 varietas
958 3510 1068 3558 lectionis
1084 3517 1182 3559 exstare
1199 3525 1248 3559 non

151 3553 270 3648 Victor,
294 3588 404 3638 lllaeoait'
432 3591 553 3638 carminis
578 3591 650 3638 alite.
700 3596 786 3651 potest.
812 3605 835 3637 v.
857 3603 878 3638 c.
899 3589 972 3640 Ovid.
994 3589 1069 3639 XXI.
1092 3590 1193 3640 Heroid.
1211 3605 1248 3639 vs.

107 3668 180 3715 Alite
195 3681 280 3715 omnes
289 3666 367 3716 MSS.
380 3674 405 3715 et
415 3667 514 3730 Papias,
531 3675 655 3716 mutatum
703 3668 755 3718 179.
787 3669 948 3717 Praeteritae
963 3673 1023 3716 tuas
1040 3671 1071 3718 de
1087 3674 1125 3718 tot
1141 3672 1248 3719 coelesti-

105 3745 134 3790 in
159 3747 217 3793 aaa
241 3747 272 3795 ab
296 3747 337 3804 iis,
359 3749 401 3810 qui
421 3747 542 3810 putabant
580 3750 657 3798 Vario
700 3747 746 3793 bae
762 3761 836 3805 arae,
863 3745 945 3808 Atque
956 3751 1002 3793 tua
1013 3752 1051 3794 eet
1061 3752 1150 3794 nostra
1160 3753 1249 3809 spreta

72 3875 74 3879 ,
105 3838 158 3872 non
175 3827 250 3888 accipi
266 3827 376 3889 possein
393 3840 451 3874 casu
468 3826 587 3883 ablativo,
604 3827 657 3875 sine
699 3832 805 3887 parente
819 3829 926 3888 pareas?
961 3826 1017 3875 Soio
1038 3826 1098 3873 alios
1115 3826 1149 3873 ibi
1165 3826 1248 3887 legere

105 3907 290 3968 praepositione.
323 3906 482 3956 Contrarium
499 3906 605 3954 ostendit
620 3906 656 3953 in-
700 3921 763 3967 uque
780 3911 832 3952 tua.
859 3904 908 3953 Sed
922 3918 952 3950 ea
964 3904 1112 3951 constructio
1123 3910 1175 3949 tam
1185 3903 1249 3949 dura

105 3984 191 4045 primis
208 3984 321 4034 Oudend.
340 3984 370 4031 ad
389 3984 490 4033 Sueten.
509 3983 608 4032 Caesar.
618 3984 655 4031 19.
701 3980 783 4030 Ovidii
806 3996 858 4029 esso
882 3995 931 4028 non
956 3986 1043 4042 potest.
1080 3981 1146 4028 Nam
1170 3980 1248 4028 oratio

105 4069 132 4110 ot
155 4063 321 4113 Ruhnkenins
345 4079 402 4126 pag.
420 4064 459 4111 33.
495 4063 607 4125 Uterque
631 4064 656 4110 in
700 4061 808 4108 ordinari
825 4061 897 4109 debet
925 4063 1095 4121 Paupertas
1111 4064 1248 4122 spretaert

105 4142 171 4190 hanc
188 4158 240 4191 rent
257 4159 316 4192 usus
333 4151 370 4194 est
386 4146 441 4193 loeo
458 4143 562 4192 Horatii.
592 4144 656 4191 Ver·
701 4158 716 4188 a
738 4146 832 4188 nostra.
867 4140 894 4189 Si
919 4140 979 4188 velis
1004 4139 1147 4195 emendare,
1172 4141 1247 4201 possis

105 4237 148 4270 sus
169 4224 298 4285 poetarum
320 4225 345 4272 in
367 4223 504 4273 istiusmodi
526 4223 656 4270 dubitatio·
701 4219 807 4268 faoilius:
825 4219 909 4281 Atque
925 4224 971 4266 tua
983 4235 1000 4266 a
1012 4223 1100 4267 nostra
1112 4224 1150 4267 est
1161 4224 1248 4281 spreta

106 4301 178 4350 nibus
199 4317 320 4366 magnum
341 4303 438 4366 pondus
459 4301 557 4350 habent.
591 4303 656 4350 Nam
700 4305 804 4362 parente
819 4314 920 4361 pareas.
951 4298 1000 4349 Sed
1017 4298 1052 4347 nil
1065 4299 1162 4346 variant
1170 4298 1246 4348 MSS.
