2916 5220
592 314 765 379 LIBllli
811 317 875 378 ΠΙ.

340 498 507 581 ingratam
532 498 651 563 Veneri
674 522 759 584 pone
783 501 985 585 superbiam3

339 600 389 664 Ne
413 605 561 666 currente
583 606 654 666 rota
683 603 772 668 funis
796 609 850 668 eat
872 608 966 669 retro.

383 703 458 768 Non
482 709 515 769 te
538 704 724 789 Penelopen
748 705 915 771 difficilem
938 706 1044 792 procis

427 807 609 889 Tyrrhenus
633 808 750 892 genuit
772 830 898 893 parens.

339 908 384 992 Ο,
410 909 558 994 quamvis
582 932 687 995 neque
711 916 744 976 te
767 933 904 976 munera
926 935 985 978 nec
1008 935 1118 998 preces

339 1012 408 1077 Neo
431 1012 555 1078 tinctus
578 1013 666 1078 viola
687 1014 794 1098 pallor
818 1015 1003 1080 amantium

162 1149 272 1199 Ventis?
301 1149 397 1209 Verba,
414 1158 442 1198 ut
458 1165 525 1199 nunc
534 1151 663 1214 leguntur,
674 1151 710 1199 ita
750 1158 867 1201 currente
890 1159 959 1201 retro
977 1152 1055 1215 fante
1075 1159 1117 1201 eat
1138 1160 1201 1201 rota.
1235 1153 1297 1202 Vel-

158 1229 298 1277 ordinanda
321 1236 391 1278 sunt:
417 1246 465 1293 quo
489 1232 601 1294 strepitu
622 1247 709 1280 nemus
750 1230 812 1289 lem,
839 1230 914 1278 simul
940 1229 1033 1292 aliquid
1055 1232 1087 1278 ad
1108 1232 1297 1294 explicationem

158 1311 241 1357 ventis
252 1311 385 1372 remugiat.
405 1311 526 1371 Remuyit
534 1313 644 1372 strepitu
653 1327 708 1359 ven·
750 1307 799 1357 loci
815 1309 953 1357 difficillimi
970 1309 1080 1358 dixisset.
1114 1310 1201 1359 Nimia
1221 1310 1296 1359 selici-

159 1388 207 1443 tia,
233 1387 394 1436 durissimum
418 1394 462 1437 est.
496 1390 531 1438 Et
551 1396 662 1438 remanet
682 1390 708 1437 in
750 1392 787 1434 tas
808 1394 833 1436 et
849 1393 908 1434 nata
924 1403 956 1437 ex
972 1403 1001 1436 ea
1017 1389 1134 1451 superbia
1162 1395 1227 1437 stare
1247 1405 1297 1439 non

158 1465 316 1526 sequentibus
333 1466 613 1530 difficultas:quomodo
621 1482 709 1530 nempe
750 1466 824 1525 solet,
844 1467 887 1515 sed
902 1465 973 1515 brevi
990 1468 1127 1516 retrocedit.
1161 1468 1298 1518 Notissima

157 1544 228 1607 Lyce
250 1545 317 1593 domi
338 1551 363 1594 et
379 1546 405 1594 in
421 1547 536 1595 cubiculo
553 1548 649 1596 audiret
665 1547 706 1595 Io·
749 1545 871 1593 sententia
891 1552 916 1593 et
932 1560 947 1592 a
964 1546 1051 1594 multis
1067 1545 1197 1595 celebrata.
1236 1548 1297 1597 vid.

158 1638 217 1671 vem
245 1624 314 1673 coelo
342 1639 427 1674 sereno
453 1627 520 1674 nives
543 1626 708 1688 glaciantem?
748 1624 850 1686 interpr.
868 1624 1000 1673 adIustin.
1013 1625 1077 1673 XII.
1091 1627 1114 1673 8.
1132 1625 1236 1674 Florum
1249 1627 1297 1676 IV.

158 1701 287 1751 Bentleius
309 1704 458 1766 corrigebat:
481 1710 548 1754 terto
573 1710 708 1770 remugiat?
749 1703 772 1750 2·
799 1709 823 1751 ei
844 1704 972 1766 praecipue
993 1705 1128 1753 Ruhnken.
1151 1705 1183 1752 ad
1204 1705 1297 1754 Vellei.

160 1782 247 1831 Sentis
264 1788 289 1831 et
302 1785 413 1846 positae.-
431 1784 471 1832 vel
490 1787 568 1844 Audi,
584 1793 706 1848 qaoatre·
750 1781 848 1830 Patere·
867 1782 888 1830 l·
907 1782 943 1832 l7·
979 1782 1029 1833 Sed
1053 1783 1080 1831 in
1106 1783 1222 1832 omnibus
1246 1784 1298 1833 illis

155 1862 217 1922 pitu
235 1865 361 1926 remugiat
377 1864 476 1912 oentir!
501 1879 543 1920 err,
561 1866 659 1926 positae
679 1871 709 1913 ut
750 1861 870 1923 exemplis
894 1862 994 1910 nullum
1018 1868 1068 1920 est,
1090 1863 1156 1926 quod
1177 1863 1299 1925 pertineat

157 1941 251 2002 glaciet
267 1943 346 1990 alvea:
372 1942 414 1990 vel
435 1944 497 1990 duro
516 1945 618 1991 numine
634 1944 709 2007 lupi.
750 1939 782 1986 ad
798 1939 975 1988 illustrandam
992 1941 1090 1989 Horatii
1106 1941 1254 2004 imaginem,
1271 1942 1298 1990 in

156 2021 234 2080 piter.
268 2021 323 2082 Ego
345 2020 381 2068 ita
401 2020 558 2069 divinabam:
581 2027 646 2070 terta
667 2039 706 2072 re·
750 2033 800 2080 qua
816 2018 949 2066 difficultas
966 2020 1046 2068 oritur
1064 2035 1096 2069 ex
1113 2026 1171 2069 rota
1188 2027 1213 2068 et
1222 2021 1297 2083 forre.

158 2100 264 2160 inrapiat.
302 2101 388 2148 Ventis
408 2105 433 2148 et
452 2101 550 2162 positae
571 2106 599 2147 ut
616 2103 709 2163 glaciet
749 2096 850 2145 Habent
859 2096 948 2146 Graeci
956 2097 1127 2159 proverbium:
1141 2098 1224 2146 omnia
1233 2106 1298 2148 retro

158 2177 241 2237 nives,
266 2179 340 2226 Puro
359 2185 384 2227 et
401 2180 495 2227 lunzirre
513 2180 623 2240 Iupiter.
656 2179 707 2228 No·
749 2181 809 2223 eunt
834 2176 918 2240 ὥσπερ
943 2175 1022 2224 editoe
1048 2174 1188 2239 ῥαγέντθςῐ
1214 2185 1239 2225 ei
1263 2178 1298 2241 μὴ

158 2255 241 2303 vimus
263 2255 321 2318 gelu
341 2262 491 2304 nocturnum
510 2270 638 2319 nunquam
656 2272 708 2306 esse
749 2252 932 2318 ἀποῤῥὴξωμεν
957 2255 1027 2302 πάνυ
1052 2255 1179 2312 τείνοντες
1200 2257 1229 2304 τὸ
1251 2274 1297 2304 κα-

158 2335 241 2383 acrius
266 2350 342 2399 quam
367 2335 441 2385 flante
467 2343 556 2395 vento,
581 2353 604 2385 v.
630 2352 650 2386 c.
677 2339 708 2386 ab
748 2333 850 2382 λώὸιον.
872 2333 918 2402 ¹Iit
936 2346 1087 2396 quamquam
1098 2347 1148 2381 non
1160 2333 1244 2380 inveni
1255 2333 1298 2395 qui

159 2412 270 2475 Oriente,
285 2415 333 2472 vel,
350 2423 380 2463 ut
395 2417 443 2475 hic,
461 2431 476 2463 a
493 2415 672 2479 Septentrione,
684 2422 708 2464 et
748 2418 819 2461 rotae
829 2411 980 2460 mentionem
992 2411 1127 2468 addiderit,
1145 2417 1229 2460 tamen
1240 2412 1298 2460 hine

158 2493 227 2542 coelo
242 2509 318 2557 puro,
338 2493 399 2542 luna
415 2502 440 2542 et
457 2493 529 2542 astris
547 2495 707 2557 fulgentibus.
748 2491 924 2554 explicandum
933 2494 994 2551 puto
1002 2489 1100 2538 Horatii
1109 2491 1299 2539 versum:Rota

158 2573 267 2636 Iupiter,
290 2573 315 2621 h.
341 2588 362 2622 e.
389 2573 499 2633 coelum,
521 2574 614 2637 glaciat
638 2574 708 2622 nives
749 2570 838 2626 currit,
856 2568 952 2617 anobis
969 2569 1091 2631 agitatur,
1107 2575 1135 2616 ut
1148 2568 1233 2618 funem
1246 2570 1299 2618 sine

158 2660 184 2700 et
200 2653 281 2701 ventis
298 2659 323 2702 et
338 2668 401 2717 puro
417 2654 519 2702 lumine.
553 2653 646 2702 Utrum
663 2668 708 2716 pu·
749 2648 928 2697 intermissione
948 2661 1045 2710 semper
1065 2648 1097 2697 ad
1119 2649 1208 2697 altiora
1224 2649 1298 2696 duca·
1336 2671 1337 2674 ¹

159 2730 221 2778 ritas
253 2733 315 2780 a'e'ris
348 2732 406 2794 gelu
440 2731 529 2780 efficiat
561 2746 650 2787 necne,
682 2731 708 2778 in
749 2743 813 2776 mus.
843 2728 910 2777 Huic
926 2726 980 2774 funi
995 2740 1035 2775 res
1053 2733 1077 2775 et
1094 2726 1196 2776 fortuna
1211 2734 1298 2777 nostra

159 2812 232 2873 po'eta
256 2811 370 2859 Romano
394 2825 444 2859 non
471 2811 641 2873 quaerendum
663 2815 707 2858 cst.
750 2812 808 2854 sunt
825 2806 950 2869 alligatae.
983 2806 1121 2855 Fortunam
1137 2813 1249 2855 nostram
1266 2823 1298 2857 ex

159 2889 237 2939 Recte
254 2896 337 2937 autem
353 2889 450 2938 eoelum
466 2894 541 2936 noctu
556 2888 709 2938 dicituresse
749 2886 840 2933 humili
864 2886 890 2933 in
918 2887 998 2935 altum
1023 2887 1145 2936 adducere
1166 2893 1298 2937 tentamus.

156 2985 224 3031 paro
241 2971 345 3026 lamiae,
366 2974 467 3032 propter
486 2968 574 3015 lunam
593 2973 617 3015 et
634 2973 707 3017 astra.
750 2965 807 3026 Quo
832 2966 907 3014 altius
932 2967 1118 3030 progredimur,
1144 2981 1172 3015 eo
1197 2968 1299 3029 gravius

161 3046 315 3098 Scholiastae
330 3048 435 3096 laudant
445 3060 545 3094 versum
562 3049 655 3094 “Para
665 3062 709 3095 ner
749 3045 778 3092 fit
795 3059 868 3104 onus,
885 3045 940 3094 suni
957 3046 1095 3108 alligatum.
1130 3047 1243 3095 Tandem
1261 3047 1298 3094 tu-

160 3128 256 3175 cbtuaia
274 3143 322 3189 per
342 3129 435 3176 coelum
456 3128 572 3175 coraibus
588 3127 648 3174 ibit:
665 3126 708 3189 qui
749 3125 823 3173 nisit
840 3132 917 3183 retro,
939 3127 1078 3188 rumpitur,
1097 3124 1199 3173 fortuna
1214 3132 1300 3173 nostra

160 3211 200 3254 est
221 3204 314 3268 Virgil.
332 3204 353 3252 I.
380 3204 471 3267 Georg.
489 3205 545 3253 433.
565 3204 654 3254 Horat.
671 3206 708 3254 11.
750 3218 765 3251 a
789 3204 849 3253 fune
873 3206 982 3268 pendens
1025 3203 1169 3252 revolvitur.
1211 3204 1298 3266 Eurip.

160 3283 246 3334 Carm.
262 3285 287 3332 5.
326 3286 363 3333 Ut
382 3299 451 3346 pura
471 3289 595 3332 nocturna
611 3286 709 3333 renidet
751 3282 831 3333 Orest.
843 3285 899 3332 808.
917 3281 945 3330 ‘0
961 3281 1042 3347 μέγας
1059 3281 1139 3343 ὄλβος
1156 3282 1173 3329 li
1189 3279 1210 3331 τ’
1221 3281 1298 3346 ἀρετά

162 3364 239 3410 Luna
267 3364 340 3410 orari.
382 3362 453 3410 Idem
484 3363 510 3409 in
540 3363 620 3425 Epod.
646 3363 708 3411 XV.
750 3363 822 3427 Μέγα
839 3359 957 3428 φρονοῦσ’
979 3360 1013 3409 ἀν
1035 3358 1146 3408 Ἑλλάδα
1167 3361 1209 3408 rai
1226 3361 1299 3424 παρὰ

164 3440 224 3489 Noa
246 3446 302 3489 erat
323 3448 348 3489 et
366 3445 430 3491 coelo
446 3442 566 3505 fulgebat
585 3443 658 3489 Luna
674 3457 709 3490 re·
750 3440 907 3506 Σιμουντίοις
932 3440 1031 3504 ὀχετοῖς
1052 3439 1139 3489 neta
1161 3437 1251 3499 ἀνῆλθ’
1273 3439 1299 3494 ἐξ

162 3535 229 3568 reno.
255 3520 314 3569 Vid.
331 3521 472 3568 Burmann.
486 3518 517 3566 ad
530 3517 708 3567 ValenFlace.
750 3519 867 3584 εὐτυχίας
884 3516 1028 3584 Ἀτρείδαις.
1062 3518 1125 3568 Alia
1142 3518 1299 3568 rationemo-

162 3599 200 3648 Π.
217 3600 256 3648 56.
279 3603 402 3662 Puroqrre
418 3613 462 3648 nec
478 3599 582 3661 provide
597 3601 710 3648 currerit
750 3596 1220 3662 taphoraminformavitLiviusIV.13.
1230 3599 1301 3660 Ipse,

165 3679 280 3742 Cynthia
296 3695 380 3728 corna
417 3677 530 3739 Scaliger
551 3677 582 3724 ad
603 3677 711 3726 Ausonii
751 3684 780 3727 ut
797 3685 835 3728 ert
852 3681 952 3727 animur
970 3678 1260 3726 bumanasiaraticbilir
1273 3690 1300 3724 eo

163 3760 297 3808 Mosellam
313 3773 349 3807 vs.
369 3758 483 3806 Latiam
499 3755 576 3804 verba
589 3772 656 3818 paro
673 3759 710 3804 la·
750 3761 817 3821 qaod
830 3758 943 3821 fortuna
963 3758 1079 3820 spondet,
1104 3759 1140 3805 ad
1159 3758 1254 3804 altiora
1275 3761 1300 3803 et

162 3841 229 3888 mine
245 3842 349 3901 Iupiter
368 3837 399 3886 de
419 3837 487 3885 coelo
509 3849 594 3884 sereno
611 3835 710 3899 accipit,
750 3853 799 3885 aon
816 3851 931 3886 concerta
949 3837 1055 3884 tendere.
1083 3833 1168 3883 Sidon.
1184 3832 1298 3895 Apollin.

163 3919 205 3967 cui
228 3918 367 3982 oppositum
395 3917 426 3964 sit
451 3915 536 3965 lumen
562 3916 710 3964 nebulosam.
751 3913 834 3963 Oarm.
847 3914 950 3963 V.295.
968 3912 1076 3960 fatorum
1092 3917 1176 3960 rotam
1192 3925 1299 3960 comme-

163 3998 216 4046 Pro
233 3999 335 4045 nomiae
351 3994 378 4043 in
394 3994 544 4059 quibusdam
564 3993 641 4044 MSS.
658 4000 712 4043 erat
751 3989 1299 4052 morat:Fatoramcurrenterota.Gogavius

162 4078 259 4133 itariae,
277 4075 342 4123 unde
359 4073 402 4122 alii
419 4073 530 4122 lecerunt
547 4074 646 4123 lamine.
752 4071 890 4120 Praeterm.
907 4085 965 4132 pag.
983 4069 1023 4118 31.
1045 4082 1104 4116 cum
1124 4068 1299 4131 Niaoliolegit

197 4156 237 4202 Ne
260 4159 377 4204 currente
401 4159 460 4201 rota
477 4152 556 4215 sanir
574 4158 617 4200 eat
635 4157 711 4201 retro.
746 4150 832 4213 funus
848 4155 899 4198 eat.
932 4149 1093 4197 Burmannus
1110 4160 1135 4195 se
1151 4145 1235 4194 locum
1249 4162 1300 4196 non

162 4233 292 4282 Bentleius
309 4247 342 4281 ex
358 4231 436 4282 MSS.
453 4231 520 4278 huno
532 4231 664 4279 verborum
674 4245 712 4279 or·
752 4228 891 4292 intelligere
907 4227 1008 4276 fatetur.
1036 4225 1127 4276 Melius
1144 4224 1247 4275 fortasse
1263 4226 1298 4275 fe·

163 4313 247 4360 dinem
268 4311 461 4360 commendavit:
487 4311 513 4358 in
534 4309 588 4357 aliis
606 4316 655 4366 est,
673 4311 714 4359 Ne
751 4308 851 4368 clasem,
868 4307 933 4357 idem
950 4306 1037 4355 fassus.
1193 4301 1195 4305 ’
