2916 5220
240 313 302 376 166
638 310 979 374 CARMINUM.

505 496 636 562 Grande
660 497 757 561 docus
782 496 996 580 columenque
1019 517 1136 560 rerum.

418 600 489 664 Ah!
516 607 548 664 te
571 621 662 673 meae
686 600 715 664 si
738 605 865 683 partem
887 597 1017 665 animae
1039 598 1127 684 rapit

416 692 580 791 Maturio'r¹
598 702 665 784 vis,
690 701 769 787 quid
792 723 900 766 moror
922 701 1044 783 altera,

438 840 450 856 ,-
463 792 531 872 Neo
553 828 647 872 carus
672 827 777 891 aeque
808 827 866 870 nec
891 810 1055 890 superstes

510 909 666 994 Integer?
711 909 772 974 Ille
796 908 865 973 dies
890 913 1061 992 utramque

423 1013 529 1078 Ducet
552 1013 690 1079 ruinam.
738 1013 813 1077 Non
836 1032 897 1096 ego
919 1010 1080 1096 perfidum

420 1114 499 1179 Dixi
524 1121 783 1181 sacramentum:
808 1115 948 1196 ibimus,
972 1113 1112 1194 ibimuS,

463 1218 650 1305 Utcumque
673 1220 861 1306 praecedes,
888 1239 1076 1304 supremum

508 1323 647 1409 Carpere
672 1324 733 1389 iter
756 1324 892 1390 comites
916 1323 1030 1410 parati.

416 1427 471 1489 Me
493 1448 549 1491 mec
571 1427 753 1493 Chimaerae
775 1431 911 1512 spiritaa
934 1431 1043 1513 ipmeae

239 1617 315 1664 abire.
333 1615 437 1663 Dictum
453 1615 478 1661 in
495 1629 523 1663 re
540 1615 605 1662 tristi
615 1616 788 1676 mitius,prae·
829 1621 904 1678 parte
919 1620 1048 1678 eaperetee
1064 1616 1123 1664 erte.
1150 1612 1314 1676 Quinctilian.
1332 1613 1381 1661 IX.

239 1695 311 1757 cipue
328 1693 479 1752 Maecenati,
489 1693 533 1755 qui
544 1699 649 1742 mortem
661 1700 789 1755 tantopere
829 1695 870 1743 23.
900 1695 977 1744 Video
1000 1709 1084 1743 semera
1111 1693 1210 1742 metiore
1236 1694 1280 1742 aa
1303 1698 1381 1753 parte

240 1772 352 1822 timebat.
373 1771 467 1820 Melius
493 1771 569 1821 etiam
594 1772 710 1821 convenit
730 1785 789 1819 cum
828 1776 1026 1838 praeeepaltam.
1045 1770 1382 1834 Gunmer.Lig.rv.1ao.

242 1850 413 1914 sequentibus:
431 1856 564 1914 atramque
583 1852 729 1915 praecedes,
744 1852 789 1899 ibi-
830 1855 915 1901 Parte
930 1854 971 1901 rai
983 1853 1077 1902 matare
1086 1855 1169 1900 vacat.
1184 1849 1293 1898 Bothius
1305 1850 1381 1899 etiam

240 1944 310 1992 mae,
328 1931 419 1992 parati
435 1931 533 1979 comiter
554 1945 657 1994 carpere
676 1931 728 1978 iter
748 1945 789 1977 aa·
829 1931 936 1980 coniecit
946 1929 1035 1980 altera.
1051 1930 1177 1978 Moserus:
1195 1927 1301 1976 “Minue
1312 1928 1381 1976 clau-

238 2023 362 2070 premam.
390 2008 431 2058 De
451 2007 527 2057 verbo
543 2010 613 2058 abire
630 2023 711 2072 pauca
726 2008 789 2058 dice·
829 2011 923 2060 dmaret
946 2008 1078 2069 sententia,
1094 2007 1116 2058 ei
1136 2022 1194 2056 cum
1208 2008 1300 2057 Bothio
1316 2007 1380 2055 mal·

241 2101 298 2136 mus
316 2088 347 2136 ad
363 2087 412 2136 IV.
431 2085 514 2136 carm.
532 2089 556 2140 7.
828 2091 876 2139 las:
914 2090 985 2149 Quia
1008 2103 1090 2137 maror
1110 2087 1225 2136 alterat’
1260 2086 1380 2136 Fortasse

278 2167 348 2226 Quid
367 2181 449 2216 marm·
474 2169 564 2216 attera.
598 2167 736 2216 Burmann.
758 2166 790 2214 ad
831 2167 914 2216 minus
930 2171 1045 2214 accurate
1060 2164 1124 2224 dixi,
1140 2165 1199 2226 quid
1214 2164 1322 2215 Bothius
1339 2179 1382 2213 ro·

242 2244 330 2294 Valet.
350 2244 436 2293 Flacci
452 2245 501 2294 VI.
518 2245 617 2309 Argon.
638 2247 696 2297 733,
716 2243 789 2306 legit:
832 2245 915 2294 luerit.

241 2325 305 2386 qaid
320 2338 403 2373 moror
419 2327 539 2381 alteram,
556 2331 582 2372 et
598 2324 630 2372 ad
646 2324 738 2388 Virgil.
754 2322 789 2372 11.
864 2325 918 2372 Ille
925 2325 984 2373 dier.
1001 2322 1132 2384 Quaedam
1143 2321 1285 2373 MSS-illa.
1302 2321 1381 2383 Quod

242 2402 308 2452 Aen.
325 2403 383 2454 647.
405 2404 466 2466 quid
488 2419 570 2452 uterer
587 2406 710 2461 alteram,
732 2417 791 2451 neus
832 2399 1380 2465 nonspemendum.0rid.XV.Metam.873.

242 2482 268 2529 in
285 2489 391 2545 utroque
406 2482 460 2531 loco
476 2482 563 2531 iisdem
580 2481 630 2531 fere
652 2482 683 2530 ad
700 2481 790 2530 confir·
835 2480 895 2529 Cam
910 2484 975 2531 volet
991 2483 1039 2530 aa
1054 2482 1115 2530 diae.

243 2561 361 2608 mandam
373 2559 542 2608 coniecturam
555 2561 683 2624 exemplis.
701 2561 792 2609 Moror
869 2561 980 2622 Carpere
995 2561 1046 2609 tter
1066 2561 1167 2610 comitet
1186 2561 1285 2621 parati.
1307 2558 1381 2610 Ouid.

243 2639 366 2688 efficacias
383 2646 432 2696 eat,
453 2653 530 2702 quem
552 2654 641 2698 morer,
662 2645 687 2687 et
703 2639 792 2688 melius
832 2638 882 2688 111.
900 2639 1056 2688 MetamttS.
1073 2641 1381 2689 attaitoraeetraemor·

244 2717 319 2765 etiam
340 2723 440 2779 propter
460 2718 608 2780 praecedens
629 2721 653 2767 ai
673 2725 698 2767 te
714 2720 792 2780 rapit.
833 2717 867 2765 tr'a
884 2721 931 2763 cat
950 2732 1028 2766 comet
1043 2732 1092 2765 ero.
1117 2716 1198 2765 Tacit.
1215 2717 1267 2765 ΠΙ.
1285 2717 1383 2766 Annal.

244 2794 313 2856 Quid
333 2808 415 2842 moror
436 2797 545 2844 atteram
564 2801 676 2858 partem,
697 2797 793 2845 dictum
835 2795 873 2844 15.
909 2797 942 2845 Se
969 2797 1082 2844 comitem
1110 2796 1185 2844 eattr‘i
1207 2797 1383 2858 promittebat.

245 2880 309 2924 esset
335 2873 461 2934 argutius:
486 2880 511 2922 et
535 2873 698 2936 intelligenda
714 2874 794 2924 forent
833 2875 921 2923 Valet.
941 2874 1012 2923 Max.
1029 2873 1063 2922 V.
1085 2876 1109 2922 5.
1137 2874 1224 2923 Corma
1242 2873 1384 2937 frotmaro

244 2953 279 3000 aa
295 2953 373 2999 tee're
389 2953 535 3013 eapientem.
555 2952 653 3015 Inque
669 2967 696 3002 re
712 2953 794 3017 inepte
834 2953 888 3002 aeci
903 2952 1053 3015 amasam.
1079 2952 1128 3002 IX.
1137 2954 1160 3001 3.
1178 2954 1272 3014 Accipe
1281 2969 1321 3003 ma
1324 2953 1384 3016 fati

245 3029 305 3076 lusit
322 3028 451 3077 Ausonius
478 3031 565 3093 Epigr.
597 3031 651 3080 105.
676 3031 793 3082 Mallem:
834 3032 874 3080 tae'
889 3033 1008 3080 comitam.
1034 3031 1154 3093 Quinctil.
1166 3030 1279 3081 Declam.
1292 3031 1343 3080 IX.
1358 3033 1382 3082 8.

247 3110 303 3156 Ah!
323 3114 347 3156 te
363 3123 431 3157 areae
447 3110 470 3156 ei
485 3116 586 3170 partem
603 3111 703 3159 animae
722 3112 794 3172 rapit
839 3111 935 3160 Utrum
942 3111 1065 3160 mamam
1075 3111 1175 3159 mallem
1186 3112 1276 3160 meere
1286 3114 1384 3168 mertia,

246 3188 437 3244 Matarr'crvr'e,
453 3189 516 3250 quid
531 3190 627 3238 moror?
641 3186 722 3237 alterni
743 3190 794 3239 Nec
834 3203 868 3236 am
892 3190 1012 3238 comitem.
1044 3188 1157 3251 Carpere
1180 3190 1231 3238 iter
1254 3188 1384 3237 illustrant

245 3279 321 3313 carae
339 3280 422 3326 aeque.
447 3265 726 3314 Mortetuadimidiarn
742 3267 794 3314 ani·
833 3266 978 3331 interpretes
986 3269 1018 3315 ad
1035 3267 1132 3331 Appul.
1145 3267 1167 3317 1.
1180 3266 1284 3316 Metam.
1302 3284 1328 3332 p.
1341 3269 1382 3320 57.

245 3358 301 3392 mae
324 3358 393 3392 meae
409 3351 505 3407 partem
526 3352 609 3394 tecum
631 3345 700 3395 seres.
726 3344 792 3406 Quid
833 3345 1383 3410 HegeaippumdeExcid.Hieros.V.p.559.

245 3437 291 3484 ego
308 3423 415 3486 amplius
431 3424 527 3483 vivam,
542 3425 793 3488 quiinalteraparte
835 3428 987 3489 Supremam
1004 3429 1054 3476 tter
1070 3431 1207 3489 carpentar.
1234 3425 1274 3474 De
1291 3434 1382 3485 morte,

245 3516 291 3550 nec
307 3502 369 3550 mihi
385 3503 436 3565 ipse
453 3510 505 3552 tam
521 3518 594 3553 carus
615 3505 662 3552 sim
680 3503 792 3558 futurus,
834 3512 863 3553 ut
880 3506 1006 3555 Horatius.

244 3595 321 3642 qaam
341 3595 409 3630 eram
434 3583 541 3645 integer,
568 3584 679 3633 nondum
704 3584 793 3632 avulsa
867 3585 914 3633 Me
930 3600 974 3636 aec
997 3584 1146 3635 Chimaerae
1163 3586 1273 3646 spiritur
1289 3585 1382 3647 marae.

245 3657 440 3720 melioreparte?
455 3658 792 3711 cvravnlmaammoo.
833 3663 954 3713 Horatius
979 3678 1036 3715 vere
1062 3670 1087 3713 et
1111 3679 1143 3713 ex
1163 3664 1242 3713 animi
1261 3666 1383 3714 sententia

248 3737 326 3786 Ome
342 3739 404 3786 mim
420 3740 511 3796 carior,
527 3740 623 3801 inquit,
650 3742 720 3789 Pare
737 3743 791 3791 am‘·
833 3743 940 3805 scripsit,
956 3756 982 3792 se
998 3748 1096 3791 mortuo
1112 3743 1253 3793 Maecenati
1268 3741 1383 3791 faturum

245 3832 300 3866 mm
321 3819 426 3867 cantate
450 3833 524 3868 meae.
558 3819 663 3868 Anthol.
689 3820 745 3869 Lat.
770 3821 791 3869 Ι.
833 3837 885 3872 esse
904 3822 1029 3872 comitem.
1055 3822 1187 3872 Ridiculae
1206 3828 1266 3872 sant
1287 3823 1314 3871 in
1331 3829 1408 3889 tam*

244 3909 300 3957 pag.
320 3896 376 3945 439.
404 3899 482 3946 Nam
496 3912 559 3958 para
576 3900 673 3960 optima
690 3915 728 3948 me
744 3904 792 3948 met
834 3903 906 3965 gravi
931 3902 1053 3951 sententia
1077 3901 1154 3952 aniles
1180 3901 1295 3962 fabulae,
1322 3901 1381 3952 chi-

244 3976 355 4037 reltpm't.
372 3975 432 4024 Vid.
450 3975 536 4025 Heius.
550 3977 581 4024 ad
593 3975 665 4026 Ovid.
678 3979 699 4026 I.
717 3978 791 4027 Pont.
833 3995 917 4030 maere
924 3986 949 4030 et
957 3979 1049 4043 Gyges.
1058 3980 1185 4043 Virgilius
1192 3980 1241 4029 VI.
1247 3979 1314 4030 Aen.
1325 3981 1383 4029 286.

244 4053 267 4100 6.
290 4053 326 4104 17.
354 4057 446 4104 Altera
463 4060 539 4116 parte
554 4055 658 4115 dictum,
679 4056 791 4107 utOvid.
833 4060 898 4109 dixit
914 4059 940 4107 in
958 4059 1051 4108 foribus
1060 4058 1118 4109 Orci
1134 4058 1263 4108 stabulare
1279 4059 1384 4109 Briarea

244 4132 304 4181 XV.
319 4134 490 4186 Metam.875.
504 4138 587 4185 Parte
600 4140 793 4187 tamemmetiore
833 4140 1061 4201 centumgemiaum
1086 4145 1110 4188 et
1128 4144 1250 4188 armatam
1276 4138 1385 4187 flammis

243 4215 290 4258 mei
307 4228 383 4274 saper
400 4215 456 4261 atta
477 4218 594 4276 pererrata
612 4218 694 4265 detra
705 4217 791 4279 ferar.
834 4217 999 4268 Chimaeram.
1012 4217 1093 4267 Credo
1104 4217 1201 4280 poetam
1215 4217 1272 4266 inde
1288 4219 1384 4281 Gypem

244 4290 368 4341 Martialis
381 4292 414 4340 X.
433 4293 520 4355 Epigr.
538 4297 561 4343 2.
584 4296 623 4342 Et
640 4298 740 4345 arctiore
752 4299 791 4344 tui
834 4312 892 4345 nam
911 4299 1022 4347 Briareo
1038 4296 1106 4346 locus
1123 4310 1173 4346 non
1190 4304 1244 4346 erat
1261 4313 1276 4346 a
1293 4303 1384 4355 metro,
