<?xml version="1.0" encoding="UTF-8"?>
<!DOCTYPE html PUBLIC "-//W3C//DTD XHTML 1.0 Transitional//EN"
    "http://www.w3.org/TR/xhtml1/DTD/xhtml1-transitional.dtd">
<html xmlns="http://www.w3.org/1999/xhtml" xml:lang="en" lang="en">
 <head>
  <title>
</title>
<meta http-equiv="Content-Type" content="text/html;charset=utf-8" />
  <meta name='ocr-system' content='tesseract 3.04.00' />
  <meta name='ocr-capabilities' content='ocr_page ocr_carea ocr_par ocr_line ocrx_word'/>
</head>
<body>
  <div class='ocr_page' id='page_1' title='image "./qhoratiiflaccic00horagoog_0288.png"; bbox 0 0 2916 5220; ppageno 0'>
   <div class='ocr_carea' id='block_1_1' title="bbox 528 323 1236 387">
    <p class='ocr_par' dir='ltr' id='par_1_1' title="bbox 528 323 1236 387">
     <span class='ocr_line' id='line_1_1' title="bbox 528 323 1236 387; baseline 0.001 -2"><span class='ocrx_word' id='word_1_1' title='bbox 528 323 703 385; x_wconf 84' lang='lat' dir='ltr'>LIBER</span> <span class='ocrx_word' id='word_1_2' title='bbox 749 324 811 384; x_wconf 82' lang='lat' dir='ltr'><em>ill.</em></span> <span class='ocrx_word' id='word_1_3' title='bbox 1173 324 1236 387; x_wconf 81' lang='lat'><em>229</em></span> 
     </span>
    </p>
   </div>
   <div class='ocr_carea' id='block_1_2' title="bbox 275 512 869 988">
    <p class='ocr_par' dir='ltr' id='par_1_2' title="bbox 282 512 869 679">
     <span class='ocr_line' id='line_1_2' title="bbox 282 512 869 597; baseline -0.002 -20"><span class='ocrx_word' id='word_1_4' title='bbox 282 512 402 577; x_wconf 82' lang='lat' dir='ltr'><em>Caesar</em></span> <span class='ocrx_word' id='word_1_5' title='bbox 426 512 581 597; x_wconf 77' lang='lat' dir='ltr'><em>Hispone</em></span> <span class='ocrx_word' id='word_1_6' title='bbox 603 515 718 596; x_wconf 77' lang='lat' dir='ltr'><em>repetit</em></span> <span class='ocrx_word' id='word_1_7' title='bbox 734 521 869 596; x_wconf 82' lang='lat' dir='ltr'><em>penates</em></span> 
     </span>
     <span class='ocr_line' id='line_1_3' title="bbox 374 613 631 679; baseline 0.008 -2"><span class='ocrx_word' id='word_1_8' title='bbox 374 615 480 679; x_wconf 82' lang='lat' dir='ltr'><em>Victor</em></span> <span class='ocrx_word' id='word_1_9' title='bbox 503 613 542 679; x_wconf 85' lang='lat' dir='ltr'><em>ob</em></span> <span class='ocrx_word' id='word_1_10' title='bbox 565 635 631 679; x_wconf 86' lang='lat' dir='ltr'><em>oro.</em></span> 
     </span>
    </p>

    <p class='ocr_par' dir='ltr' id='par_1_3' title="bbox 287 717 816 804">
     <span class='ocr_line' id='line_1_4' title="bbox 287 717 816 804; baseline 0.002 -23"><span class='ocrx_word' id='word_1_11' title='bbox 287 717 384 782; x_wconf 79' lang='lat' dir='ltr'><em>Unico</em></span> <span class='ocrx_word' id='word_1_12' title='bbox 403 717 546 804; x_wconf 56' lang='lat' dir='ltr'><em>quamue</em></span> <span class='ocrx_word' id='word_1_13' title='bbox 568 717 680 782; x_wconf 82' lang='lat' dir='ltr'><em>molier</em></span> <span class='ocrx_word' id='word_1_14' title='bbox 702 722 816 782; x_wconf 82' lang='lat' dir='ltr'><em>morito</em></span> 
     </span>
    </p>

    <p class='ocr_par' dir='ltr' id='par_1_4' title="bbox 276 819 846 903">
     <span class='ocr_line' id='line_1_5' title="bbox 276 819 846 903; baseline 0 -19"><span class='ocrx_word' id='word_1_15' title='bbox 276 819 437 900; x_wconf 85' lang='lat' dir='ltr'><em>Prodeot,</em></span> <span class='ocrx_word' id='word_1_16' title='bbox 463 823 555 883; x_wconf 80' lang='lat' dir='ltr'><em>iustis</em></span> <span class='ocrx_word' id='word_1_17' title='bbox 579 828 711 903; x_wconf 82' lang='lat' dir='ltr'><em>operato</em></span> <span class='ocrx_word' id='word_1_18' title='bbox 734 819 846 900; x_wconf 82' lang='lat' dir='ltr'><em>Dinia,</em></span> 
     </span>
    </p>

    <p class='ocr_par' dir='ltr' id='par_1_5' title="bbox 275 922 854 988">
     <span class='ocr_line' id='line_1_6' title="bbox 275 922 854 988; baseline -0.002 -1"><span class='ocrx_word' id='word_1_19' title='bbox 275 925 321 987; x_wconf 88' lang='lat' dir='ltr'><em>Et</em></span> <span class='ocrx_word' id='word_1_20' title='bbox 343 943 433 988; x_wconf 80' lang='lat' dir='ltr'><em>soror</em></span> <span class='ocrx_word' id='word_1_21' title='bbox 456 923 537 987; x_wconf 82' lang='lat' dir='ltr'><em>olori</em></span> <span class='ocrx_word' id='word_1_22' title='bbox 558 922 648 987; x_wconf 80' lang='lat' dir='ltr'><em>doeio</em></span> <span class='ocrx_word' id='word_1_23' title='bbox 671 931 700 986; x_wconf 92' lang='lat' dir='ltr'><em>et</em></span> <span class='ocrx_word' id='word_1_24' title='bbox 723 922 854 987; x_wconf 79' lang='lat' dir='ltr'><em>decorae</em></span> 
     </span>
    </p>
   </div>
   <div class='ocr_carea' id='block_1_3' title="bbox 367 1024 622 1110">
    <p class='ocr_par' dir='ltr' id='par_1_6' title="bbox 367 1024 622 1110">
     <span class='ocr_line' id='line_1_7' title="bbox 367 1024 622 1110; baseline -0.004 -21"><span class='ocrx_word' id='word_1_25' title='bbox 367 1024 521 1110; x_wconf 80' lang='lat' dir='ltr'><em>Supplioe</em></span> <span class='ocrx_word' id='word_1_26' title='bbox 543 1028 622 1089; x_wconf 82' lang='lat' dir='ltr'><em>oitto</em></span> 
     </span>
    </p>
   </div>
   <div class='ocr_carea' id='block_1_4' title="bbox 277 1132 934 1418">
    <p class='ocr_par' dir='ltr' id='par_1_7' title="bbox 277 1132 934 1418">
     <span class='ocr_line' id='line_1_8' title="bbox 283 1132 930 1217; baseline 0 -24"><span class='ocrx_word' id='word_1_27' title='bbox 283 1132 446 1217; x_wconf 73' lang='lat' dir='ltr'><em>Vtrpinom</em></span> <span class='ocrx_word' id='word_1_28' title='bbox 467 1138 584 1193; x_wconf 80' lang='lat' dir='ltr'><em>notros</em></span> <span class='ocrx_word' id='word_1_29' title='bbox 607 1132 806 1214; x_wconf 81' lang='lat' dir='ltr'><em>iuuenumque</em></span> <span class='ocrx_word' id='word_1_30' title='bbox 828 1149 930 1213; x_wconf 80' lang='lat' dir='ltr'><em>nuper</em></span> 
     </span>
     <span class='ocr_line' id='line_1_9' title="bbox 277 1231 934 1318; baseline -0.003 -21"><span class='ocrx_word' id='word_1_31' title='bbox 277 1235 445 1318; x_wconf 79' lang='lat' dir='ltr'><em>Sospitam.</em></span> <span class='ocrx_word' id='word_1_32' title='bbox 501 1233 576 1313; x_wconf 79' lang='lat' dir='ltr'><em>Vos,</em></span> <span class='ocrx_word' id='word_1_33' title='bbox 601 1235 735 1316; x_wconf 75' lang='lat' dir='ltr'><em>opteri</em></span> <span class='ocrx_word' id='word_1_34' title='bbox 757 1239 787 1295; x_wconf 91' lang='lat' dir='ltr'><em>et</em></span> <span class='ocrx_word' id='word_1_35' title='bbox 803 1231 934 1315; x_wconf 82' lang='lat' dir='ltr'><em>puellae</em></span> 
     </span>
     <span class='ocr_line' id='line_1_10' title="bbox 277 1332 930 1418; baseline -0.003 -20"><span class='ocrx_word' id='word_1_36' title='bbox 277 1337 349 1400; x_wconf 83' lang='lat' dir='ltr'><em>Iooc</em></span> <span class='ocrx_word' id='word_1_37' title='bbox 369 1338 471 1399; x_wconf 81' lang='lat' dir='ltr'><em>airum</em></span> <span class='ocrx_word' id='word_1_38' title='bbox 493 1342 657 1418; x_wconf 79' lang='lat' dir='ltr'><em>expertes,</em></span> <span class='ocrx_word' id='word_1_39' title='bbox 681 1332 762 1398; x_wconf 64' lang='lat' dir='ltr'><em>roob</em></span> <span class='ocrx_word' id='word_1_40' title='bbox 785 1337 930 1418; x_wconf 74' lang='lat' dir='ltr'><em>omittatis</em></span> 
     </span>
    </p>
   </div>
   <div class='ocr_carea' id='block_1_5' title="bbox 366 1435 629 1502">
    <p class='ocr_par' dir='ltr' id='par_1_8' title="bbox 366 1435 629 1502">
     <span class='ocr_line' id='line_1_11' title="bbox 366 1435 629 1502; baseline -0.004 -1"><span class='ocrx_word' id='word_1_41' title='bbox 366 1439 499 1502; x_wconf 75' lang='lat' dir='ltr'><em>Parcite</em></span> <span class='ocrx_word' id='word_1_42' title='bbox 520 1435 629 1502; x_wconf 71' lang='lat' dir='ltr'><em>uobis.</em></span> 
     </span>
    </p>
   </div>
   <div class='ocr_carea' id='block_1_6' title="bbox 276 1538 931 1832">
    <p class='ocr_par' dir='ltr' id='par_1_9' title="bbox 276 1538 931 1832">
     <span class='ocr_line' id='line_1_12' title="bbox 276 1538 858 1625; baseline -0.007 -18"><span class='ocrx_word' id='word_1_43' title='bbox 276 1543 342 1607; x_wconf 83' lang='lat' dir='ltr'><em>Hie</em></span> <span class='ocrx_word' id='word_1_44' title='bbox 364 1542 432 1606; x_wconf 81' lang='lat' dir='ltr'><em>dies</em></span> <span class='ocrx_word' id='word_1_45' title='bbox 456 1562 527 1605; x_wconf 83' lang='lat' dir='ltr'><em>oere</em></span> <span class='ocrx_word' id='word_1_46' title='bbox 547 1540 623 1604; x_wconf 82' lang='lat' dir='ltr'><em>milti</em></span> <span class='ocrx_word' id='word_1_47' title='bbox 633 1538 744 1625; x_wconf 81' lang='lat' dir='ltr'><em>festas</em></span> <span class='ocrx_word' id='word_1_48' title='bbox 767 1549 858 1604; x_wconf 85' lang='lat' dir='ltr'><em>otras</em></span> 
     </span>
     <span class='ocr_line' id='line_1_13' title="bbox 279 1643 881 1731; baseline -0.003 -21"><span class='ocrx_word' id='word_1_49' title='bbox 279 1647 408 1710; x_wconf 81' lang='lat' dir='ltr'><em>Eoimet</em></span> <span class='ocrx_word' id='word_1_50' title='bbox 430 1665 540 1709; x_wconf 64' lang='grc' dir='ltr'><em>ννινανι</em></span> <span class='ocrx_word' id='word_1_51' title='bbox 564 1665 618 1731; x_wconf 73' lang='lat' dir='ltr'><em>epo</em></span> <span class='ocrx_word' id='word_1_52' title='bbox 639 1666 695 1708; x_wconf 85' lang='lat' dir='ltr'><em>oec</em></span> <span class='ocrx_word' id='word_1_53' title='bbox 718 1643 881 1708; x_wconf 83' lang='lat' dir='ltr'><em>tumultum</em></span> 
     </span>
     <span class='ocr_line' id='line_1_14' title="bbox 277 1749 931 1832; baseline -0.002 -21"><span class='ocrx_word' id='word_1_54' title='bbox 277 1749 345 1812; x_wconf 86' lang='lat' dir='ltr'><em>Nec</em></span> <span class='ocrx_word' id='word_1_55' title='bbox 367 1752 448 1812; x_wconf 83' lang='lat' dir='ltr'><em>mori</em></span> <span class='ocrx_word' id='word_1_56' title='bbox 460 1768 525 1832; x_wconf 82' lang='lat' dir='ltr'><em>per</em></span> <span class='ocrx_word' id='word_1_57' title='bbox 547 1751 609 1811; x_wconf 78' lang='lat' dir='ltr'><em>otro</em></span> <span class='ocrx_word' id='word_1_58' title='bbox 635 1756 785 1829; x_wconf 83' lang='lat' dir='ltr'><em>metuam,</em></span> <span class='ocrx_word' id='word_1_59' title='bbox 813 1756 931 1812; x_wconf 82' lang='lat' dir='ltr'><em>tenente</em></span> 
     </span>
    </p>
   </div>
   <div class='ocr_carea' id='block_1_7' title="bbox 369 1850 643 1915">
    <p class='ocr_par' dir='ltr' id='par_1_10' title="bbox 369 1850 643 1915">
     <span class='ocr_line' id='line_1_15' title="bbox 369 1850 643 1915; baseline 0 0"><span class='ocrx_word' id='word_1_60' title='bbox 369 1850 506 1915; x_wconf 75' lang='lat' dir='ltr'><strong><em>Caesare</em></strong></span> <span class='ocrx_word' id='word_1_61' title='bbox 531 1859 643 1915; x_wconf 78' lang='lat' dir='ltr'><em>coroa</em></span> 
     </span>
    </p>
   </div>
   <div class='ocr_carea' id='block_1_8' title="bbox 93 2031 647 4375">
    <p class='ocr_par' dir='ltr' id='par_1_11' title="bbox 94 2031 646 2955">
     <span class='ocr_line' id='line_1_16' title="bbox 97 2031 646 2085; baseline -0.004 -9"><span class='ocrx_word' id='word_1_62' title='bbox 97 2031 137 2078; x_wconf 81' lang='lat' dir='ltr'><em>bio</em></span> <span class='ocrx_word' id='word_1_63' title='bbox 163 2035 201 2078; x_wconf 85' lang='lat' dir='ltr'><em>eat</em></span> <span class='ocrx_word' id='word_1_64' title='bbox 226 2032 325 2078; x_wconf 79' lang='lat' dir='ltr'><em>unimus</em></span> <span class='ocrx_word' id='word_1_65' title='bbox 351 2031 419 2077; x_wconf 82' lang='lat' dir='ltr'><em>vitoe</em></span> <span class='ocrx_word' id='word_1_66' title='bbox 446 2033 593 2085; x_wconf 77' lang='lat' dir='ltr'><em>contemtor,</em></span> <span class='ocrx_word' id='word_1_67' title='bbox 621 2033 646 2075; x_wconf 87' lang='lat' dir='ltr'><em>et</em></span> 
     </span>
     <span class='ocr_line' id='line_1_17' title="bbox 97 2108 646 2167; baseline -0.005 -11"><span class='ocrx_word' id='word_1_68' title='bbox 97 2110 176 2157; x_wconf 66' lang='lat' dir='ltr'><em>ratum</em></span> <span class='ocrx_word' id='word_1_69' title='bbox 196 2110 249 2167; x_wconf 81' lang='lat' dir='ltr'><em>Qut</em></span> <span class='ocrx_word' id='word_1_70' title='bbox 265 2110 319 2156; x_wconf 82' lang='lat' dir='ltr'><em>vito</em></span> <span class='ocrx_word' id='word_1_71' title='bbox 336 2110 394 2156; x_wconf 82' lang='lat' dir='ltr'><em>bene</em></span> <span class='ocrx_word' id='word_1_72' title='bbox 410 2108 497 2156; x_wconf 74' lang='lat' dir='ltr'><em>aeaut</em></span> <span class='ocrx_word' id='word_1_73' title='bbox 514 2108 562 2154; x_wconf 80' lang='lat' dir='ltr'><em>enti</em></span> <span class='ocrx_word' id='word_1_74' title='bbox 574 2108 646 2154; x_wconf 82' lang='lat' dir='ltr'><em>hono·</em></span> 
     </span>
     <span class='ocr_line' id='line_1_18' title="bbox 97 2186 646 2248; baseline 0.002 -17"><span class='ocrx_word' id='word_1_75' title='bbox 97 2201 166 2235; x_wconf 82' lang='lat' dir='ltr'><em>rem:</em></span> <span class='ocrx_word' id='word_1_76' title='bbox 185 2192 222 2243; x_wconf 88' lang='lat' dir='ltr'><em>et,</em></span> <span class='ocrx_word' id='word_1_77' title='bbox 238 2189 365 2248; x_wconf 82' lang='lat' dir='ltr'><em>uitansque</em></span> <span class='ocrx_word' id='word_1_78' title='bbox 388 2186 476 2233; x_wconf 82' lang='lat' dir='ltr'><em>volunt</em></span> <span class='ocrx_word' id='word_1_79' title='bbox 500 2201 547 2246; x_wconf 83' lang='lat' dir='ltr'><em>pro</em></span> <span class='ocrx_word' id='word_1_80' title='bbox 572 2186 646 2232; x_wconf 74' lang='lat' dir='ltr'><em>locide</em></span> 
     </span>
     <span class='ocr_line' id='line_1_19' title="bbox 94 2263 645 2326; baseline 0.004 -17"><span class='ocrx_word' id='word_1_81' title='bbox 94 2266 203 2324; x_wconf 82' lang='lat' dir='ltr'><em>paciaci.</em></span> <span class='ocrx_word' id='word_1_82' title='bbox 244 2265 328 2326; x_wconf 85' lang='lat' dir='ltr'><em>Magis</em></span> <span class='ocrx_word' id='word_1_83' title='bbox 357 2264 407 2311; x_wconf 90' lang='lat' dir='ltr'><em>huc</em></span> <span class='ocrx_word' id='word_1_84' title='bbox 432 2263 572 2325; x_wconf 82' lang='lat' dir='ltr'><em>pertinebat</em></span> <span class='ocrx_word' id='word_1_85' title='bbox 595 2263 645 2311; x_wconf 84' lang='lat' dir='ltr'><em>IV.</em></span> 
     </span>
     <span class='ocr_line' id='line_1_20' title="bbox 97 2341 646 2405; baseline 0.002 -15"><span class='ocrx_word' id='word_1_86' title='bbox 97 2341 191 2405; x_wconf 86' lang='lat' dir='ltr'><em>Georg.</em></span> <span class='ocrx_word' id='word_1_87' title='bbox 208 2343 264 2390; x_wconf 82' lang='lat'>218.</span> <span class='ocrx_word' id='word_1_88' title='bbox 280 2345 462 2404; x_wconf 79' lang='lat' dir='ltr'><em>pulchramque</em></span> <span class='ocrx_word' id='word_1_89' title='bbox 483 2347 576 2404; x_wconf 83' lang='lat' dir='ltr'><em>petunt</em></span> <span class='ocrx_word' id='word_1_90' title='bbox 598 2358 646 2403; x_wconf 84' lang='lat' dir='ltr'><em>per</em></span> 
     </span>
     <span class='ocr_line' id='line_1_21' title="bbox 96 2421 644 2470; baseline 0.002 -2"><span class='ocrx_word' id='word_1_91' title='bbox 96 2423 204 2469; x_wconf 81' lang='lat' dir='ltr'><em>vulnero</em></span> <span class='ocrx_word' id='word_1_92' title='bbox 219 2427 330 2470; x_wconf 68' lang='lat' dir='ltr'><em>mntem.</em></span> <span class='ocrx_word' id='word_1_93' title='bbox 364 2421 439 2470; x_wconf 85' lang='lat' dir='ltr'><em>Unde</em></span> <span class='ocrx_word' id='word_1_94' title='bbox 464 2421 584 2469; x_wconf 88' lang='lat' dir='ltr'><em>Prudent.</em></span> <span class='ocrx_word' id='word_1_95' title='bbox 609 2421 644 2469; x_wconf 95' lang='lat' dir='ltr'><em>II.</em></span> 
     </span>
     <span class='ocr_line' id='line_1_22' title="bbox 98 2500 645 2564; baseline -0.004 -16"><span class='ocrx_word' id='word_1_96' title='bbox 98 2506 185 2548; x_wconf 72' lang='lat' dir='ltr'><em>canna</em></span> <span class='ocrx_word' id='word_1_97' title='bbox 206 2500 302 2564; x_wconf 84' lang='lat' dir='ltr'><em>Symm.</em></span> <span class='ocrx_word' id='word_1_98' title='bbox 325 2502 382 2552; x_wconf 82' lang='lat'>705.</span> <span class='ocrx_word' id='word_1_99' title='bbox 400 2527 432 2536; x_wconf 91' lang='lat'><em>—</em></span> <span class='ocrx_word' id='word_1_100' title='bbox 447 2502 584 2562; x_wconf 75' lang='lat' dir='ltr'><strong><em>pulchram</em></strong></span> <span class='ocrx_word' id='word_1_101' title='bbox 598 2515 645 2561; x_wconf 85' lang='lat' dir='ltr'><em>per</em></span> 
     </span>
     <span class='ocr_line' id='line_1_23' title="bbox 96 2578 645 2642; baseline -0.004 -16"><span class='ocrx_word' id='word_1_102' title='bbox 96 2581 203 2628; x_wconf 77' lang='lat' dir='ltr'><em>onlnem</em></span> <span class='ocrx_word' id='word_1_103' title='bbox 229 2594 348 2642; x_wconf 65' lang='lat' dir='ltr'><em>quonam</em></span> <span class='ocrx_word' id='word_1_104' title='bbox 372 2581 478 2628; x_wconf 77' lang='lat' dir='ltr'><em>taudem</em></span> <span class='ocrx_word' id='word_1_105' title='bbox 512 2578 645 2640; x_wconf 84' lang='lat' dir='ltr'><em>Augustus</em></span> 
     </span>
     <span class='ocr_line' id='line_1_24' title="bbox 97 2658 646 2721; baseline 0.002 -17"><span class='ocrx_word' id='word_1_106' title='bbox 97 2658 159 2706; x_wconf 86' lang='lat' dir='ltr'><em>adeo</em></span> <span class='ocrx_word' id='word_1_107' title='bbox 174 2664 279 2707; x_wconf 86' lang='lat' dir='ltr'><em>mortem</em></span> <span class='ocrx_word' id='word_1_108' title='bbox 296 2658 379 2721; x_wconf 88' lang='lat' dir='ltr'><em>petiit,</em></span> <span class='ocrx_word' id='word_1_109' title='bbox 400 2659 507 2720; x_wconf 80' lang='lat' dir='ltr'><em>expetiit</em></span> <span class='ocrx_word' id='word_1_110' title='bbox 525 2672 575 2719; x_wconf 83' lang='lat' dir='ltr'><em>pro</em></span> <span class='ocrx_word' id='word_1_111' title='bbox 591 2659 646 2706; x_wconf 88' lang='lat' dir='ltr'><em>vito</em></span> 
     </span>
     <span class='ocr_line' id='line_1_25' title="bbox 96 2736 643 2798; baseline -0.002 -12"><span class='ocrx_word' id='word_1_112' title='bbox 96 2739 205 2798; x_wconf 65' lang='lat' dir='ltr'><em>noiant,</em></span> <span class='ocrx_word' id='word_1_113' title='bbox 224 2745 252 2784; x_wconf 89' lang='lat' dir='ltr'><em>ut</em></span> <span class='ocrx_word' id='word_1_114' title='bbox 273 2737 303 2785; x_wconf 86' lang='lat' dir='ltr'><em>de</em></span> <span class='ocrx_word' id='word_1_115' title='bbox 324 2736 422 2785; x_wconf 88' lang='lat' dir='ltr'><em>filiabus</em></span> <span class='ocrx_word' id='word_1_116' title='bbox 439 2736 574 2786; x_wconf 84' lang='lat' dir='ltr'>Erechthei</span> <span class='ocrx_word' id='word_1_117' title='bbox 590 2737 643 2785; x_wconf 90' lang='lat' dir='ltr'><em>rhe-</em></span> 
     </span>
     <span class='ocr_line' id='line_1_26' title="bbox 97 2813 644 2874; baseline 0.004 -12"><span class='ocrx_word' id='word_1_118' title='bbox 97 2823 162 2864; x_wconf 83' lang='lat' dir='ltr'><em>tores</em></span> <span class='ocrx_word' id='word_1_119' title='bbox 187 2813 310 2874; x_wconf 87' lang='lat' dir='ltr'><em>dicebant,</em></span> <span class='ocrx_word' id='word_1_120' title='bbox 338 2814 457 2865; x_wconf 82' lang='lat' dir='ltr'><em>Cicerone</em></span> <span class='ocrx_word' id='word_1_121' title='bbox 482 2819 544 2863; x_wconf 86' lang='lat' dir='ltr'><em>teste</em></span> <span class='ocrx_word' id='word_1_122' title='bbox 569 2815 644 2864; x_wconf 79' lang='lat' dir='ltr'><em>Tusa.</em></span> 
     </span>
     <span class='ocr_line' id='line_1_27' title="bbox 97 2892 297 2955; baseline 0 -13"><span class='ocrx_word' id='word_1_123' title='bbox 97 2893 200 2955; x_wconf 83' lang='lat' dir='ltr'><em>Quaest.</em></span> <span class='ocrx_word' id='word_1_124' title='bbox 217 2892 239 2942; x_wconf 91' lang='lat'><em>1.</em></span> <span class='ocrx_word' id='word_1_125' title='bbox 257 2894 297 2942; x_wconf 80' lang='lat' dir='ltr'><em>te.</em></span> 
     </span>
    </p>

    <p class='ocr_par' dir='ltr' id='par_1_12' title="bbox 95 2971 645 3192">
     <span class='ocr_line' id='line_1_28' title="bbox 130 2971 645 3035; baseline -0.002 -14"><span class='ocrx_word' id='word_1_126' title='bbox 130 2975 238 3035; x_wconf 77' lang='lat' dir='ltr'><em>Repetit</em></span> <span class='ocrx_word' id='word_1_127' title='bbox 251 2978 363 3034; x_wconf 83' lang='lat' dir='ltr'><em>penates.</em></span> <span class='ocrx_word' id='word_1_128' title='bbox 398 2971 496 3021; x_wconf 87' lang='lat' dir='ltr'><em>Parum</em></span> <span class='ocrx_word' id='word_1_129' title='bbox 518 2973 645 3021; x_wconf 88' lang='lat' dir='ltr'><em>consuluit</em></span> 
     </span>
     <span class='ocr_line' id='line_1_29' title="bbox 97 3051 644 3114; baseline 0 -14"><span class='ocrx_word' id='word_1_130' title='bbox 97 3053 170 3114; x_wconf 79' lang='lat' dir='ltr'><em>po&#39;eta</em></span> <span class='ocrx_word' id='word_1_131' title='bbox 185 3051 275 3099; x_wconf 88' lang='lat' dir='ltr'><em>iudicio</em></span> <span class='ocrx_word' id='word_1_132' title='bbox 292 3052 402 3109; x_wconf 78' lang='lat' dir='ltr'><em>aunum,</em></span> <span class='ocrx_word' id='word_1_133' title='bbox 424 3051 451 3097; x_wconf 93' lang='lat' dir='ltr'><em>in</em></span> <span class='ocrx_word' id='word_1_134' title='bbox 469 3052 584 3112; x_wconf 79' lang='lat' dir='ltr'><em>petiisse,</em></span> <span class='ocrx_word' id='word_1_135' title='bbox 605 3067 644 3100; x_wconf 84' lang='lat' dir='ltr'><em>re-</em></span> 
     </span>
     <span class='ocr_line' id='line_1_30' title="bbox 95 3131 302 3192; baseline -0.005 -14"><span class='ocrx_word' id='word_1_136' title='bbox 95 3131 176 3190; x_wconf 81' lang='lat' dir='ltr'><em>petit,</em></span> <span class='ocrx_word' id='word_1_137' title='bbox 191 3135 302 3192; x_wconf 75' lang='lat' dir='ltr'><em>poeotes.</em></span> 
     </span>
    </p>

    <p class='ocr_par' dir='ltr' id='par_1_13' title="bbox 93 3206 647 3977">
     <span class='ocr_line' id='line_1_31' title="bbox 135 3206 643 3270; baseline -0.004 -14"><span class='ocrx_word' id='word_1_138' title='bbox 135 3209 215 3257; x_wconf 82' lang='lat' dir='ltr'><em>Unico</em></span> <span class='ocrx_word' id='word_1_139' title='bbox 230 3210 341 3270; x_wconf 75' lang='lat' dir='ltr'><em>ponderis</em></span> <span class='ocrx_word' id='word_1_140' title='bbox 358 3210 449 3258; x_wconf 74' lang='lat' dir='ltr'><em>nauiter</em></span> <span class='ocrx_word' id='word_1_141' title='bbox 465 3208 565 3256; x_wconf 63' lang='lat' dir='ltr'><em>atomio.</em></span> <span class='ocrx_word' id='word_1_142' title='bbox 591 3206 643 3254; x_wconf 87' lang='lat' dir='ltr'><em>Ru·</em></span> 
     </span>
     <span class='ocr_line' id='line_1_32' title="bbox 97 3287 645 3350; baseline -0.002 -16"><span class='ocrx_word' id='word_1_143' title='bbox 97 3288 158 3335; x_wconf 88' lang='lat' dir='ltr'><em>stica</em></span> <span class='ocrx_word' id='word_1_144' title='bbox 168 3287 277 3336; x_wconf 87' lang='lat' dir='ltr'><em>laudatio</em></span> <span class='ocrx_word' id='word_1_145' title='bbox 287 3288 427 3350; x_wconf 86' lang='lat' dir='ltr'><em>pudicitiae.</em></span> <span class='ocrx_word' id='word_1_146' title='bbox 448 3287 577 3345; x_wconf 78' lang='lat' dir='ltr'><em>Gouderaa,</em></span> <span class='ocrx_word' id='word_1_147' title='bbox 589 3300 645 3334; x_wconf 88' lang='lat' dir='ltr'><em>eon·</em></span> 
     </span>
     <span class='ocr_line' id='line_1_33' title="bbox 97 3365 646 3423; baseline 0.004 -12"><span class='ocrx_word' id='word_1_148' title='bbox 97 3370 177 3423; x_wconf 87' lang='lat' dir='ltr'><em>tenta,</em></span> <span class='ocrx_word' id='word_1_149' title='bbox 195 3380 244 3413; x_wconf 84' lang='lat' dir='ltr'><em>uuo</em></span> <span class='ocrx_word' id='word_1_150' title='bbox 264 3367 370 3414; x_wconf 73' lang='lat' dir='ltr'><em>morito.-</em></span> <span class='ocrx_word' id='word_1_151' title='bbox 395 3366 493 3414; x_wconf 86' lang='lat' dir='ltr'><em>diversa</em></span> <span class='ocrx_word' id='word_1_152' title='bbox 517 3365 610 3414; x_wconf 88' lang='lat' dir='ltr'><em>seilicet</em></span> <span class='ocrx_word' id='word_1_153' title='bbox 631 3381 646 3413; x_wconf 90' lang='lat' dir='ltr'><em>a</em></span> 
     </span>
     <span class='ocr_line' id='line_1_34' title="bbox 97 3441 645 3506; baseline 0.005 -17"><span class='ocrx_word' id='word_1_154' title='bbox 97 3442 201 3504; x_wconf 88' lang='lat' dir='ltr'>Phryne</span> <span class='ocrx_word' id='word_1_155' title='bbox 217 3441 346 3500; x_wconf 90' lang='lat' dir='ltr'><em>libertina,</em></span> <span class='ocrx_word' id='word_1_156' title='bbox 364 3458 427 3506; x_wconf 87' lang='lat' dir='ltr'><em>qnae</em></span> <span class='ocrx_word' id='word_1_157' title='bbox 448 3460 497 3493; x_wconf 83' lang='lat' dir='ltr'><em>non</em></span> <span class='ocrx_word' id='word_1_158' title='bbox 519 3460 569 3493; x_wconf 82' lang='lat' dir='ltr'><em>uno</em></span> <span class='ocrx_word' id='word_1_159' title='bbox 589 3449 645 3492; x_wconf 87' lang='lat' dir='ltr'><em>erut</em></span> 
     </span>
     <span class='ocr_line' id='line_1_35' title="bbox 96 3519 645 3584; baseline -0.004 -14"><span class='ocrx_word' id='word_1_160' title='bbox 96 3527 219 3570; x_wconf 83' lang='lat' dir='ltr'><em>contento.</em></span> <span class='ocrx_word' id='word_1_161' title='bbox 254 3519 281 3570; x_wconf 87' lang='lat' dir='ltr'><em>Si</em></span> <span class='ocrx_word' id='word_1_162' title='bbox 297 3526 382 3568; x_wconf 80' lang='lat' dir='ltr'><em>auctor</em></span> <span class='ocrx_word' id='word_1_163' title='bbox 404 3523 477 3570; x_wconf 78' lang='lat' dir='ltr'><em>onim</em></span> <span class='ocrx_word' id='word_1_164' title='bbox 496 3522 580 3584; x_wconf 86' lang='lat' dir='ltr'><em>posuit</em></span> <span class='ocrx_word' id='word_1_165' title='bbox 600 3535 645 3583; x_wconf 92' lang='lat' dir='ltr'><em>pro</em></span> 
     </span>
     <span class='ocr_line' id='line_1_36' title="bbox 96 3600 644 3664; baseline 0.004 -18"><span class='ocrx_word' id='word_1_166' title='bbox 96 3601 204 3662; x_wconf 75' lang='lat' dir='ltr'><em>eqrepio,</em></span> <span class='ocrx_word' id='word_1_167' title='bbox 222 3607 247 3649; x_wconf 90' lang='lat' dir='ltr'><em>et</em></span> <span class='ocrx_word' id='word_1_168' title='bbox 264 3600 381 3662; x_wconf 84' lang='lat' dir='ltr'><em>ambigue</em></span> <span class='ocrx_word' id='word_1_169' title='bbox 397 3602 492 3662; x_wconf 87' lang='lat' dir='ltr'><em>posuit,</em></span> <span class='ocrx_word' id='word_1_170' title='bbox 510 3616 591 3664; x_wconf 88' lang='lat' dir='ltr'><em>neque</em></span> <span class='ocrx_word' id='word_1_171' title='bbox 608 3615 644 3648; x_wconf 86' lang='lat' dir='ltr'><em>sa-</em></span> 
     </span>
     <span class='ocr_line' id='line_1_37' title="bbox 97 3678 646 3742; baseline 0.005 -18"><span class='ocrx_word' id='word_1_172' title='bbox 97 3678 128 3725; x_wconf 83' lang='lat' dir='ltr'><em>tis</em></span> <span class='ocrx_word' id='word_1_173' title='bbox 146 3679 177 3725; x_wconf 89' lang='lat' dir='ltr'><em>nd</em></span> <span class='ocrx_word' id='word_1_174' title='bbox 198 3679 298 3727; x_wconf 88' lang='lat' dir='ltr'><em>laudem</em></span> <span class='ocrx_word' id='word_1_175' title='bbox 319 3679 432 3742; x_wconf 82' lang='lat' dir='ltr'><em>Augusti</em></span> <span class='ocrx_word' id='word_1_176' title='bbox 457 3680 528 3728; x_wconf 84' lang='lat' dir='ltr'><em>dixit.</em></span> <span class='ocrx_word' id='word_1_177' title='bbox 564 3678 646 3727; x_wconf 85' lang='lat' dir='ltr'><em>Credo</em></span> 
     </span>
     <span class='ocr_line' id='line_1_38' title="bbox 96 3757 646 3819; baseline -0.004 -13"><span class='ocrx_word' id='word_1_178' title='bbox 96 3757 119 3806; x_wconf 91' lang='lat' dir='ltr'><em>ei</em></span> <span class='ocrx_word' id='word_1_179' title='bbox 144 3771 195 3804; x_wconf 91' lang='lat' dir='ltr'><em>non</em></span> <span class='ocrx_word' id='word_1_180' title='bbox 219 3757 332 3819; x_wconf 87' lang='lat' dir='ltr'><em>ignotum</em></span> <span class='ocrx_word' id='word_1_181' title='bbox 358 3758 432 3807; x_wconf 87' lang='lat' dir='ltr'><em>fuisse</em></span> <span class='ocrx_word' id='word_1_182' title='bbox 458 3759 504 3806; x_wconf 89' lang='lat' dir='ltr'><em>hoc</em></span> <span class='ocrx_word' id='word_1_183' title='bbox 521 3757 646 3806; x_wconf 77' lang='lat' dir='ltr'><em>Martialis</em></span> 
     </span>
     <span class='ocr_line' id='line_1_39' title="bbox 96 3837 647 3902; baseline 0.002 -18"><span class='ocrx_word' id='word_1_184' title='bbox 96 3838 131 3884; x_wconf 90' lang='lat' dir='ltr'><em>X.</em></span> <span class='ocrx_word' id='word_1_185' title='bbox 149 3838 189 3884; x_wconf 79' lang='lat'><em>35.</em></span> <span class='ocrx_word' id='word_1_186' title='bbox 206 3837 316 3899; x_wconf 89' lang='lat' dir='ltr'><em>puellae,</em></span> <span class='ocrx_word' id='word_1_187' title='bbox 338 3841 390 3887; x_wconf 82' lang='lat' dir='ltr'><em>Uni</em></span> <span class='ocrx_word' id='word_1_188' title='bbox 401 3854 464 3902; x_wconf 80' lang='lat' dir='ltr'><em>qrcoe</em></span> <span class='ocrx_word' id='word_1_189' title='bbox 474 3839 582 3899; x_wconf 82' lang='lat' dir='ltr'><em>cupiant</em></span> <span class='ocrx_word' id='word_1_190' title='bbox 593 3839 647 3886; x_wconf 86' lang='lat' dir='ltr'><em>viro</em></span> 
     </span>
     <span class='ocr_line' id='line_1_40' title="bbox 93 3918 203 3977; baseline 0.018 -16"><span class='ocrx_word' id='word_1_191' title='bbox 93 3918 203 3977; x_wconf 85' lang='lat' dir='ltr'><em>placere.</em></span> 
     </span>
    </p>

    <p class='ocr_par' dir='ltr' id='par_1_14' title="bbox 95 3994 647 4375">
     <span class='ocr_line' id='line_1_41' title="bbox 130 3994 647 4061; baseline -0.004 -19"><span class='ocrx_word' id='word_1_192' title='bbox 130 3995 244 4046; x_wconf 90' lang='lat' dir='ltr'><em>Deooroe</em></span> <span class='ocrx_word' id='word_1_193' title='bbox 264 4000 377 4061; x_wconf 78' lang='lat' dir='ltr'><em>supplice</em></span> <span class='ocrx_word' id='word_1_194' title='bbox 402 3998 478 4045; x_wconf 80' lang='lat' dir='ltr'><em>vitto.</em></span> <span class='ocrx_word' id='word_1_195' title='bbox 516 3994 647 4055; x_wconf 79' lang='lat' dir='ltr'><em>Quaenam</em></span> 
     </span>
     <span class='ocr_line' id='line_1_42' title="bbox 96 4072 646 4139; baseline 0.002 -20"><span class='ocrx_word' id='word_1_196' title='bbox 96 4072 137 4120; x_wconf 92' lang='lat' dir='ltr'><em>hic</em></span> <span class='ocrx_word' id='word_1_197' title='bbox 154 4072 204 4121; x_wconf 90' lang='lat' dir='ltr'><em>sint</em></span> <span class='ocrx_word' id='word_1_198' title='bbox 219 4083 311 4124; x_wconf 88' lang='lat' dir='ltr'><em>matres</em></span> <span class='ocrx_word' id='word_1_199' title='bbox 328 4076 468 4139; x_wconf 84' lang='lat' dir='ltr'><em>virginum,</em></span> <span class='ocrx_word' id='word_1_200' title='bbox 485 4073 540 4137; x_wconf 88' lang='lat' dir='ltr'><em>quis</em></span> <span class='ocrx_word' id='word_1_201' title='bbox 556 4072 597 4119; x_wconf 86' lang='lat' dir='ltr'><em>hic</em></span> <span class='ocrx_word' id='word_1_202' title='bbox 610 4072 646 4120; x_wconf 94' lang='lat' dir='ltr'><em>lo·</em></span> 
     </span>
     <span class='ocr_line' id='line_1_43' title="bbox 95 4153 645 4217; baseline 0.005 -19"><span class='ocrx_word' id='word_1_203' title='bbox 95 4166 141 4199; x_wconf 93' lang='lat' dir='ltr'><em>cus</em></span> <span class='ocrx_word' id='word_1_204' title='bbox 158 4153 190 4200; x_wconf 89' lang='lat' dir='ltr'><em>sit</em></span> <span class='ocrx_word' id='word_1_205' title='bbox 207 4154 356 4217; x_wconf 80' lang='lat' dir='ltr'><em>virginibus,</em></span> <span class='ocrx_word' id='word_1_206' title='bbox 378 4155 480 4217; x_wconf 89' lang='lat' dir='ltr'><em>quinam</em></span> <span class='ocrx_word' id='word_1_207' title='bbox 503 4167 561 4201; x_wconf 82' lang='lat' dir='ltr'><em>mox</em></span> <span class='ocrx_word' id='word_1_208' title='bbox 579 4153 645 4201; x_wconf 87' lang='lat' dir='ltr'><em>iuve-</em></span> 
     </span>
     <span class='ocr_line' id='line_1_44' title="bbox 95 4232 647 4297; baseline -0.002 -18"><span class='ocrx_word' id='word_1_209' title='bbox 95 4246 140 4280; x_wconf 90' lang='lat' dir='ltr'><em>nes</em></span> <span class='ocrx_word' id='word_1_210' title='bbox 156 4247 236 4296; x_wconf 87' lang='lat' dir='ltr'><em>nuper</em></span> <span class='ocrx_word' id='word_1_211' title='bbox 253 4235 369 4297; x_wconf 85' lang='lat' dir='ltr'><em>sospites,</em></span> <span class='ocrx_word' id='word_1_212' title='bbox 391 4247 464 4287; x_wconf 87' lang='lat' dir='ltr'><em>nemo</em></span> <span class='ocrx_word' id='word_1_213' title='bbox 481 4232 647 4292; x_wconf 83' lang='lat' dir='ltr'><em>interpretum</em></span> 
     </span>
     <span class='ocr_line' id='line_1_45' title="bbox 95 4310 647 4375; baseline 0 -19"><span class='ocrx_word' id='word_1_214' title='bbox 95 4311 131 4359; x_wconf 89' lang='lat' dir='ltr'><em>ita</em></span> <span class='ocrx_word' id='word_1_215' title='bbox 147 4313 269 4375; x_wconf 82' lang='lat' dir='ltr'><em>expediit,</em></span> <span class='ocrx_word' id='word_1_216' title='bbox 286 4320 326 4371; x_wconf 88' lang='lat' dir='ltr'><em>ut,</em></span> <span class='ocrx_word' id='word_1_217' title='bbox 344 4315 364 4361; x_wconf 92' lang='lat' dir='ltr'><em>si</em></span> <span class='ocrx_word' id='word_1_218' title='bbox 381 4326 468 4361; x_wconf 89' lang='lat' dir='ltr'><em>verum</em></span> <span class='ocrx_word' id='word_1_219' title='bbox 486 4311 566 4358; x_wconf 71' lang='lat' dir='ltr'><em>&lt;licere</em></span> <span class='ocrx_word' id='word_1_220' title='bbox 577 4310 647 4367; x_wconf 83' lang='lat' dir='ltr'><em>velis,</em></span> 
     </span>
    </p>
   </div>
   <div class='ocr_carea' id='block_1_9' title="bbox 685 2027 1236 4360">
    <p class='ocr_par' dir='ltr' id='par_1_15' title="bbox 687 2027 1235 2549">
     <span class='ocr_line' id='line_1_46' title="bbox 689 2027 1233 2089; baseline 0.004 -15"><span class='ocrx_word' id='word_1_221' title='bbox 689 2035 712 2076; x_wconf 86' lang='lat' dir='ltr'><em>te</em></span> <span class='ocrx_word' id='word_1_222' title='bbox 730 2027 871 2089; x_wconf 79' lang='lat' dir='ltr'><em>intelligere</em></span> <span class='ocrx_word' id='word_1_223' title='bbox 888 2028 986 2076; x_wconf 85' lang='lat' dir='ltr'><em>dixeris.</em></span> <span class='ocrx_word' id='word_1_224' title='bbox 1019 2027 1051 2075; x_wconf 93' lang='lat' dir='ltr'><em>In</em></span> <span class='ocrx_word' id='word_1_225' title='bbox 1077 2028 1133 2078; x_wconf 88' lang='lat' dir='ltr'><em>MS.</em></span> <span class='ocrx_word' id='word_1_226' title='bbox 1159 2029 1233 2077; x_wconf 83' lang='lat' dir='ltr'><em>Voss.</em></span> 
     </span>
     <span class='ocr_line' id='line_1_47' title="bbox 687 2105 1235 2170; baseline 0.002 -16"><span class='ocrx_word' id='word_1_227' title='bbox 687 2108 798 2168; x_wconf 79' lang='lat' dir='ltr'><em>supplice</em></span> <span class='ocrx_word' id='word_1_228' title='bbox 815 2112 879 2154; x_wconf 83' lang='lat' dir='ltr'><em>tuto.</em></span> <span class='ocrx_word' id='word_1_229' title='bbox 899 2105 981 2168; x_wconf 88' lang='lat' dir='ltr'><em>Supra</em></span> <span class='ocrx_word' id='word_1_230' title='bbox 998 2112 1056 2155; x_wconf 85' lang='lat' dir='ltr'><em>tulo</em></span> <span class='ocrx_word' id='word_1_231' title='bbox 1073 2107 1123 2170; x_wconf 81' lang='lat' dir='ltr'><em>legi</em></span> <span class='ocrx_word' id='word_1_232' title='bbox 1137 2108 1235 2156; x_wconf 86' lang='lat' dir='ltr'><em>videtur</em></span> 
     </span>
     <span class='ocr_line' id='line_1_48' title="bbox 689 2185 1235 2247; baseline -0.002 -14"><span class='ocrx_word' id='word_1_233' title='bbox 689 2191 754 2246; x_wconf 84' lang='lat' dir='ltr'><em>tute,</em></span> <span class='ocrx_word' id='word_1_234' title='bbox 766 2187 792 2233; x_wconf 93' lang='lat' dir='ltr'><em>in</em></span> <span class='ocrx_word' id='word_1_235' title='bbox 802 2185 914 2247; x_wconf 85' lang='lat' dir='ltr'><em>margine</em></span> <span class='ocrx_word' id='word_1_236' title='bbox 926 2185 986 2233; x_wconf 88' lang='lat' dir='ltr'><em>“alii</em></span> <span class='ocrx_word' id='word_1_237' title='bbox 1001 2186 1079 2233; x_wconf 84' lang='lat' dir='ltr'><em>vito.&#39;’</em></span> <span class='ocrx_word' id='word_1_238' title='bbox 1105 2187 1136 2234; x_wconf 91' lang='lat' dir='ltr'><em>In</em></span> <span class='ocrx_word' id='word_1_239' title='bbox 1153 2187 1235 2246; x_wconf 84' lang='lat' dir='ltr'><em>glossa</em></span> 
     </span>
     <span class='ocr_line' id='line_1_49' title="bbox 688 2263 1235 2325; baseline 0.002 -15"><span class='ocrx_word' id='word_1_240' title='bbox 688 2263 831 2325; x_wconf 82' lang='lat' dir='ltr'><em>marginali:</em></span> <span class='ocrx_word' id='word_1_241' title='bbox 857 2263 996 2325; x_wconf 82' lang='lat' dir='ltr'><em>“significat</em></span> <span class='ocrx_word' id='word_1_242' title='bbox 1020 2270 1046 2312; x_wconf 88' lang='lat' dir='ltr'><em>et</em></span> <span class='ocrx_word' id='word_1_243' title='bbox 1071 2265 1185 2312; x_wconf 82' lang='lat' dir='ltr'><em>decoram</em></span> <span class='ocrx_word' id='word_1_244' title='bbox 1210 2271 1235 2313; x_wconf 90' lang='lat' dir='ltr'><em>et</em></span> 
     </span>
     <span class='ocr_line' id='line_1_50' title="bbox 688 2341 1235 2406; baseline 0.004 -17"><span class='ocrx_word' id='word_1_245' title='bbox 688 2342 826 2404; x_wconf 81' lang='lat' dir='ltr'><em>simplicem</em></span> <span class='ocrx_word' id='word_1_246' title='bbox 843 2341 918 2389; x_wconf 85' lang='lat' dir='ltr'><em>vultu</em></span> <span class='ocrx_word' id='word_1_247' title='bbox 934 2342 1006 2391; x_wconf 90' lang='lat' dir='ltr'><em>illam</em></span> <span class='ocrx_word' id='word_1_248' title='bbox 1026 2357 1086 2392; x_wconf 85' lang='lat' dir='ltr'><em>esse.</em></span> <span class='ocrx_word' id='word_1_249' title='bbox 1122 2342 1235 2406; x_wconf 83' lang='lat' dir='ltr'><em>Supplex</em></span> 
     </span>
     <span class='ocr_line' id='line_1_51' title="bbox 688 2420 1235 2481; baseline -0.002 -10"><span class='ocrx_word' id='word_1_250' title='bbox 688 2421 754 2471; x_wconf 92' lang='lat' dir='ltr'><em>enim</em></span> <span class='ocrx_word' id='word_1_251' title='bbox 779 2420 864 2469; x_wconf 79' lang='lat' dir='ltr'><em>uultus</em></span> <span class='ocrx_word' id='word_1_252' title='bbox 889 2426 927 2470; x_wconf 90' lang='lat' dir='ltr'><em>est</em></span> <span class='ocrx_word' id='word_1_253' title='bbox 951 2421 1064 2481; x_wconf 90' lang='lat' dir='ltr'><em>humilis,</em></span> <span class='ocrx_word' id='word_1_254' title='bbox 1089 2421 1188 2479; x_wconf 88' lang='lat' dir='ltr'><em>hilaris,</em></span> <span class='ocrx_word' id='word_1_255' title='bbox 1210 2430 1235 2471; x_wconf 90' lang='lat' dir='ltr'><em>et</em></span> 
     </span>
     <span class='ocr_line' id='line_1_52' title="bbox 688 2500 824 2549; baseline -0.007 -1"><span class='ocrx_word' id='word_1_256' title='bbox 688 2500 824 2549; x_wconf 86' lang='lat' dir='ltr'><em>amabilis.&#39;‘</em></span> 
     </span>
    </p>

    <p class='ocr_par' dir='ltr' id='par_1_16' title="bbox 685 2581 1234 3115">
     <span class='ocr_line' id='line_1_53' title="bbox 724 2581 1234 2642; baseline 0 -14"><span class='ocrx_word' id='word_1_257' title='bbox 724 2583 781 2640; x_wconf 82' lang='lat' dir='ltr'><em>Vos,</em></span> <span class='ocrx_word' id='word_1_258' title='bbox 802 2595 816 2629; x_wconf 94' lang='lat' dir='ltr'><em>o</em></span> <span class='ocrx_word' id='word_1_259' title='bbox 829 2581 905 2641; x_wconf 80' lang='lat' dir='ltr'><em>poert</em></span> <span class='ocrx_word' id='word_1_260' title='bbox 921 2586 947 2628; x_wconf 89' lang='lat' dir='ltr'><em>et</em></span> <span class='ocrx_word' id='word_1_261' title='bbox 962 2581 1060 2642; x_wconf 83' lang='lat' dir='ltr'><em>paellae</em></span> <span class='ocrx_word' id='word_1_262' title='bbox 1071 2581 1131 2627; x_wconf 80' lang='lat' dir='ltr'><em>Iona</em></span> <span class='ocrx_word' id='word_1_263' title='bbox 1150 2581 1234 2628; x_wconf 84' lang='lat' dir='ltr'><em>uirum</em></span> 
     </span>
     <span class='ocr_line' id='line_1_54' title="bbox 687 2658 1234 2722; baseline -0.002 -13"><span class='ocrx_word' id='word_1_264' title='bbox 687 2664 806 2722; x_wconf 73' lang='lat' dir='ltr'><em>expertes.</em></span> <span class='ocrx_word' id='word_1_265' title='bbox 839 2659 925 2707; x_wconf 80' lang='lat' dir='ltr'><em>Meroe</em></span> <span class='ocrx_word' id='word_1_266' title='bbox 947 2658 1075 2715; x_wconf 84' lang='lat' dir='ltr'><em>tenebrae,</em></span> <span class='ocrx_word' id='word_1_267' title='bbox 1097 2658 1123 2706; x_wconf 92' lang='lat' dir='ltr'><em>in</em></span> <span class='ocrx_word' id='word_1_268' title='bbox 1144 2659 1234 2722; x_wconf 87' lang='lat' dir='ltr'><em>quibus</em></span> 
     </span>
     <span class='ocr_line' id='line_1_55' title="bbox 687 2737 1234 2801; baseline 0 -15"><span class='ocrx_word' id='word_1_269' title='bbox 687 2739 779 2786; x_wconf 83' lang='lat' dir='ltr'><em>micare</em></span> <span class='ocrx_word' id='word_1_270' title='bbox 803 2752 890 2801; x_wconf 87' lang='lat' dir='ltr'><em>operae</em></span> <span class='ocrx_word' id='word_1_271' title='bbox 914 2737 1021 2800; x_wconf 90' lang='lat' dir='ltr'><em>pretium</em></span> <span class='ocrx_word' id='word_1_272' title='bbox 1042 2751 1092 2785; x_wconf 91' lang='lat' dir='ltr'><em>non</em></span> <span class='ocrx_word' id='word_1_273' title='bbox 1109 2744 1153 2786; x_wconf 80' lang='lat' dir='ltr'><em>est.</em></span> <span class='ocrx_word' id='word_1_274' title='bbox 1186 2737 1234 2788; x_wconf 75' lang='lat' dir='ltr'><em>Co</em></span> 
     </span>
     <span class='ocr_line' id='line_1_56' title="bbox 688 2814 1234 2878; baseline 0.005 -15"><span class='ocrx_word' id='word_1_275' title='bbox 688 2817 741 2878; x_wconf 82' lang='lat' dir='ltr'><em>gita</em></span> <span class='ocrx_word' id='word_1_276' title='bbox 756 2815 797 2864; x_wconf 84' lang='lat' dir='ltr'><em>vel</em></span> <span class='ocrx_word' id='word_1_277' title='bbox 813 2814 978 2866; x_wconf 86' lang='lat' dir='ltr'><em>coniecturas:</em></span> <span class='ocrx_word' id='word_1_278' title='bbox 1003 2831 1045 2864; x_wconf 84' lang='lat' dir='ltr'><em>voa</em></span> <span class='ocrx_word' id='word_1_279' title='bbox 1069 2832 1083 2865; x_wconf 95' lang='lat' dir='ltr'><em>o</em></span> <span class='ocrx_word' id='word_1_280' title='bbox 1097 2831 1193 2878; x_wconf 85' lang='lat' dir='ltr'><em>pueroe</em></span> <span class='ocrx_word' id='word_1_281' title='bbox 1209 2823 1234 2866; x_wconf 88' lang='lat' dir='ltr'><em>et</em></span> 
     </span>
     <span class='ocr_line' id='line_1_57' title="bbox 685 2896 1232 2960; baseline 0.005 -18"><span class='ocrx_word' id='word_1_282' title='bbox 685 2896 797 2957; x_wconf 81' lang='lat' dir='ltr'><em>puellae,</em></span> <span class='ocrx_word' id='word_1_283' title='bbox 813 2898 873 2944; x_wconf 84' lang='lat' dir='ltr'><em>Iam</em></span> <span class='ocrx_word' id='word_1_284' title='bbox 890 2898 974 2946; x_wconf 83' lang='lat' dir='ltr'><em>virum</em></span> <span class='ocrx_word' id='word_1_285' title='bbox 990 2902 1121 2958; x_wconf 73' lang='lat' dir='ltr'><em>expertae,</em></span> <span class='ocrx_word' id='word_1_286' title='bbox 1142 2903 1168 2945; x_wconf 92' lang='lat' dir='ltr'><em>et</em></span> <span class='ocrx_word' id='word_1_287' title='bbox 1181 2913 1232 2960; x_wconf 83' lang='lat' dir='ltr'><em>pto-</em></span> 
     </span>
     <span class='ocr_line' id='line_1_58' title="bbox 687 2973 1232 3037; baseline 0.011 -18"><span class='ocrx_word' id='word_1_288' title='bbox 687 2973 750 3020; x_wconf 86' lang='lat' dir='ltr'><em>elloe</em></span> <span class='ocrx_word' id='word_1_289' title='bbox 766 2979 791 3021; x_wconf 91' lang='lat' dir='ltr'><em>et</em></span> <span class='ocrx_word' id='word_1_290' title='bbox 807 2975 858 3022; x_wconf 80' lang='lat' dir='ltr'><em>inm</em></span> <span class='ocrx_word' id='word_1_291' title='bbox 876 2976 958 3022; x_wconf 84' lang='lat' dir='ltr'><em>uirum</em></span> <span class='ocrx_word' id='word_1_292' title='bbox 979 2980 1109 3037; x_wconf 81' lang='lat' dir='ltr'><em>expertae,</em></span> <span class='ocrx_word' id='word_1_293' title='bbox 1130 2991 1180 3025; x_wconf 85' lang='lat' dir='ltr'><em>nou</em></span> <span class='ocrx_word' id='word_1_294' title='bbox 1198 2978 1232 3025; x_wconf 81' lang='lat' dir='ltr'><em>oi·</em></span> 
     </span>
     <span class='ocr_line' id='line_1_59' title="bbox 687 3058 887 3115; baseline 0.02 -18"><span class='ocrx_word' id='word_1_295' title='bbox 687 3067 745 3100; x_wconf 81' lang='lat' dir='ltr'><em>raon</em></span> <span class='ocrx_word' id='word_1_296' title='bbox 761 3058 887 3115; x_wconf 71' lang='lat' dir='ltr'><em>expertae.</em></span> 
     </span>
    </p>

    <p class='ocr_par' dir='ltr' id='par_1_17' title="bbox 687 3132 1235 3981">
     <span class='ocr_line' id='line_1_60' title="bbox 720 3132 1232 3193; baseline 0.006 -16"><span class='ocrx_word' id='word_1_297' title='bbox 720 3132 793 3180; x_wconf 87' lang='lat' dir='ltr'><em>Male</em></span> <span class='ocrx_word' id='word_1_298' title='bbox 811 3133 932 3180; x_wconf 74' lang='lat' dir='ltr'><em>omittatis</em></span> <span class='ocrx_word' id='word_1_299' title='bbox 947 3133 1046 3193; x_wconf 74' lang='lat' dir='ltr'><em>petrolio</em></span> <span class='ocrx_word' id='word_1_300' title='bbox 1062 3134 1149 3180; x_wconf 64' lang='lat' dir='ltr'><em>vebia.</em></span> <span class='ocrx_word' id='word_1_301' title='bbox 1184 3132 1232 3180; x_wconf 81' lang='lat' dir='ltr'><em>Er·</em></span> 
     </span>
     <span class='ocr_line' id='line_1_61' title="bbox 688 3209 1233 3271; baseline 0 -15"><span class='ocrx_word' id='word_1_302' title='bbox 688 3223 728 3256; x_wconf 89' lang='lat' dir='ltr'><em>ror</em></span> <span class='ocrx_word' id='word_1_303' title='bbox 744 3209 770 3256; x_wconf 91' lang='lat' dir='ltr'><em>in</em></span> <span class='ocrx_word' id='word_1_304' title='bbox 787 3223 813 3256; x_wconf 91' lang='lat' dir='ltr'><em>re</em></span> <span class='ocrx_word' id='word_1_305' title='bbox 839 3209 951 3267; x_wconf 89' lang='lat' dir='ltr'><em>metrica,</em></span> <span class='ocrx_word' id='word_1_306' title='bbox 978 3209 1022 3256; x_wconf 86' lang='lat' dir='ltr'><em>vix</em></span> <span class='ocrx_word' id='word_1_307' title='bbox 1039 3209 1161 3271; x_wconf 90' lang='lat' dir='ltr'><em>probabili</em></span> <span class='ocrx_word' id='word_1_308' title='bbox 1177 3224 1233 3258; x_wconf 88' lang='lat' dir='ltr'><em>eon-</em></span> 
     </span>
     <span class='ocr_line' id='line_1_62' title="bbox 687 3286 1234 3350; baseline 0.009 -18"><span class='ocrx_word' id='word_1_309' title='bbox 687 3286 782 3333; x_wconf 87' lang='lat' dir='ltr'><em>ieetura</em></span> <span class='ocrx_word' id='word_1_310' title='bbox 815 3286 948 3335; x_wconf 89' lang='lat' dir='ltr'><em>tollendus.</em></span> <span class='ocrx_word' id='word_1_311' title='bbox 994 3286 1080 3350; x_wconf 86' lang='lat' dir='ltr'><em>Atque</em></span> <span class='ocrx_word' id='word_1_312' title='bbox 1115 3287 1234 3337; x_wconf 84' lang='lat' dir='ltr'><em>hactenus</em></span> 
     </span>
     <span class='ocr_line' id='line_1_63' title="bbox 688 3366 1235 3430; baseline 0.007 -19"><span class='ocrx_word' id='word_1_313' title='bbox 688 3371 774 3413; x_wconf 88' lang='lat' dir='ltr'><em>auctor</em></span> <span class='ocrx_word' id='word_1_314' title='bbox 790 3373 903 3414; x_wconf 87' lang='lat' dir='ltr'><em>versatus</em></span> <span class='ocrx_word' id='word_1_315' title='bbox 915 3372 952 3414; x_wconf 87' lang='lat' dir='ltr'><em>est</em></span> <span class='ocrx_word' id='word_1_316' title='bbox 963 3366 989 3415; x_wconf 94' lang='lat' dir='ltr'><em>in</em></span> <span class='ocrx_word' id='word_1_317' title='bbox 1000 3366 1154 3430; x_wconf 83' lang='lat' dir='ltr'><em>depingenda</em></span> <span class='ocrx_word' id='word_1_318' title='bbox 1166 3381 1235 3415; x_wconf 89' lang='lat' dir='ltr'><em>com-</em></span> 
     </span>
     <span class='ocr_line' id='line_1_64' title="bbox 687 3444 1234 3508; baseline 0.005 -17"><span class='ocrx_word' id='word_1_319' title='bbox 687 3444 757 3491; x_wconf 91' lang='lat' dir='ltr'><em>muni</em></span> <span class='ocrx_word' id='word_1_320' title='bbox 773 3450 798 3491; x_wconf 91' lang='lat' dir='ltr'><em>ot</em></span> <span class='ocrx_word' id='word_1_321' title='bbox 814 3445 915 3507; x_wconf 89' lang='lat' dir='ltr'><em>publica</em></span> <span class='ocrx_word' id='word_1_322' title='bbox 930 3444 1032 3493; x_wconf 86' lang='lat' dir='ltr'><em>laetitia.</em></span> <span class='ocrx_word' id='word_1_323' title='bbox 1058 3445 1090 3492; x_wconf 91' lang='lat' dir='ltr'><em>In</em></span> <span class='ocrx_word' id='word_1_324' title='bbox 1106 3461 1157 3508; x_wconf 87' lang='lat' dir='ltr'><em>qua</em></span> <span class='ocrx_word' id='word_1_325' title='bbox 1173 3447 1234 3494; x_wconf 91' lang='lat' dir='ltr'><em>mihi</em></span> 
     </span>
     <span class='ocr_line' id='line_1_65' title="bbox 687 3521 1235 3587; baseline 0.007 -18"><span class='ocrx_word' id='word_1_326' title='bbox 687 3521 771 3569; x_wconf 90' lang='lat' dir='ltr'><em>omnia</em></span> <span class='ocrx_word' id='word_1_327' title='bbox 791 3522 907 3572; x_wconf 90' lang='lat' dir='ltr'><em>videntur</em></span> <span class='ocrx_word' id='word_1_328' title='bbox 924 3531 976 3572; x_wconf 89' lang='lat' dir='ltr'><em>tam</em></span> <span class='ocrx_word' id='word_1_329' title='bbox 992 3523 1084 3587; x_wconf 82' lang='lat' dir='ltr'><em>frigida</em></span> <span class='ocrx_word' id='word_1_330' title='bbox 1100 3532 1125 3574; x_wconf 90' lang='lat' dir='ltr'><em>et</em></span> <span class='ocrx_word' id='word_1_331' title='bbox 1140 3526 1235 3582; x_wconf 89' lang='lat' dir='ltr'><em>ieiuna,</em></span> 
     </span>
     <span class='ocr_line' id='line_1_66' title="bbox 688 3600 1234 3662; baseline 0.007 -14"><span class='ocrx_word' id='word_1_332' title='bbox 688 3606 739 3648; x_wconf 92' lang='lat' dir='ltr'><em>tam</em></span> <span class='ocrx_word' id='word_1_333' title='bbox 756 3600 860 3650; x_wconf 85' lang='lat' dir='ltr'><em>obscura</em></span> <span class='ocrx_word' id='word_1_334' title='bbox 876 3610 901 3651; x_wconf 90' lang='lat' dir='ltr'><em>et</em></span> <span class='ocrx_word' id='word_1_335' title='bbox 923 3603 988 3652; x_wconf 88' lang='lat' dir='ltr'><em>male</em></span> <span class='ocrx_word' id='word_1_336' title='bbox 1005 3604 1172 3662; x_wconf 88' lang='lat' dir='ltr'><em>cohaerentia,</em></span> <span class='ocrx_word' id='word_1_337' title='bbox 1190 3609 1234 3662; x_wconf 91' lang='lat' dir='ltr'><em>ut,</em></span> 
     </span>
     <span class='ocr_line' id='line_1_67' title="bbox 687 3670 1233 3744; baseline 0.007 -17"><span class='ocrx_word' id='word_1_338' title='bbox 687 3681 829 3744; x_wconf 89' lang='lat' dir='ltr'><em>quicunque</em></span> <span class='ocrx_word' id='word_1_339' title='bbox 846 3682 891 3730; x_wconf 90' lang='lat' dir='ltr'><em>hos</em></span> <span class='ocrx_word' id='word_1_340' title='bbox 907 3698 993 3732; x_wconf 71' lang='lat' dir='ltr'><em>uersus</em></span> <span class='ocrx_word' id='word_1_341' title='bbox 1011 3682 1106 3742; x_wconf 86' lang='lat' dir='ltr'><em>iecerit,</em></span> <span class='ocrx_word' id='word_1_342' title='bbox 1128 3670 1169 3731; x_wconf 62' lang='lat' dir='ltr'><em>ne&#39;</em></span> <span class='ocrx_word' id='word_1_343' title='bbox 1184 3697 1233 3731; x_wconf 89' lang='lat' dir='ltr'><em>me·</em></span> 
     </span>
     <span class='ocr_line' id='line_1_68' title="bbox 688 3758 1234 3824; baseline 0.004 -18"><span class='ocrx_word' id='word_1_344' title='bbox 688 3758 775 3807; x_wconf 89' lang='lat' dir='ltr'><em>diocris</em></span> <span class='ocrx_word' id='word_1_345' title='bbox 791 3760 891 3822; x_wconf 84' lang='lat' dir='ltr'><em>quidem</em></span> <span class='ocrx_word' id='word_1_346' title='bbox 906 3763 992 3824; x_wconf 70' lang='lat' dir='ltr'><em>poetae</em></span> <span class='ocrx_word' id='word_1_347' title='bbox 1004 3776 1094 3810; x_wconf 92' lang='lat' dir='ltr'><em>nomen</em></span> <span class='ocrx_word' id='word_1_348' title='bbox 1106 3762 1169 3809; x_wconf 87' lang='lat' dir='ltr'><em>tueri</em></span> <span class='ocrx_word' id='word_1_349' title='bbox 1179 3775 1234 3823; x_wconf 90' lang='lat' dir='ltr'><em>pos-</em></span> 
     </span>
     <span class='ocr_line' id='line_1_69' title="bbox 687 3837 1235 3901; baseline 0.004 -17"><span class='ocrx_word' id='word_1_350' title='bbox 687 3837 726 3886; x_wconf 88' lang='lat' dir='ltr'><em>sit.</em></span> <span class='ocrx_word' id='word_1_351' title='bbox 760 3839 848 3901; x_wconf 89' lang='lat' dir='ltr'><em>Neque</em></span> <span class='ocrx_word' id='word_1_352' title='bbox 868 3855 926 3889; x_wconf 83' lang='lat' dir='ltr'><em>vero</em></span> <span class='ocrx_word' id='word_1_353' title='bbox 944 3855 996 3888; x_wconf 89' lang='lat' dir='ltr'><em>rem</em></span> <span class='ocrx_word' id='word_1_354' title='bbox 1013 3839 1101 3887; x_wconf 90' lang='lat' dir='ltr'><em>melius</em></span> <span class='ocrx_word' id='word_1_355' title='bbox 1118 3840 1192 3900; x_wconf 82' lang='lat' dir='ltr'><em>gessit</em></span> <span class='ocrx_word' id='word_1_356' title='bbox 1209 3839 1235 3886; x_wconf 92' lang='lat' dir='ltr'><em>in</em></span> 
     </span>
     <span class='ocr_line' id='line_1_70' title="bbox 688 3916 1193 3981; baseline 0.004 -19"><span class='ocrx_word' id='word_1_357' title='bbox 688 3916 847 3965; x_wconf 84' lang='lat' dir='ltr'><em>describenda</em></span> <span class='ocrx_word' id='word_1_358' title='bbox 863 3919 952 3981; x_wconf 86' lang='lat' dir='ltr'><em>privati</em></span> <span class='ocrx_word' id='word_1_359' title='bbox 969 3917 1075 3965; x_wconf 88' lang='lat' dir='ltr'><em>hominis</em></span> <span class='ocrx_word' id='word_1_360' title='bbox 1092 3917 1193 3964; x_wconf 88' lang='lat' dir='ltr'><em>laetitia.</em></span> 
     </span>
    </p>

    <p class='ocr_par' dir='ltr' id='par_1_18' title="bbox 688 3994 1236 4215">
     <span class='ocr_line' id='line_1_71' title="bbox 721 3994 1235 4058; baseline 0.002 -16"><span class='ocrx_word' id='word_1_361' title='bbox 721 3997 827 4044; x_wconf 76' lang='lat' dir='ltr'><em>Eaiotet</em></span> <span class='ocrx_word' id='word_1_362' title='bbox 842 4011 928 4046; x_wconf 83' lang='lat' dir='ltr'><em>curos.</em></span> <span class='ocrx_word' id='word_1_363' title='bbox 951 3995 1029 4058; x_wconf 85' lang='lat' dir='ltr'><em>Quasi</em></span> <span class='ocrx_word' id='word_1_364' title='bbox 1043 3994 1163 4044; x_wconf 89' lang='lat' dir='ltr'><em>Horatius</em></span> <span class='ocrx_word' id='word_1_365' title='bbox 1181 3996 1235 4044; x_wconf 89' lang='lat' dir='ltr'><em>aliis</em></span> 
     </span>
     <span class='ocr_line' id='line_1_72' title="bbox 688 4073 1236 4136; baseline 0.004 -17"><span class='ocrx_word' id='word_1_366' title='bbox 688 4073 774 4121; x_wconf 86' lang='lat' dir='ltr'><em>diebus</em></span> <span class='ocrx_word' id='word_1_367' title='bbox 797 4087 841 4136; x_wconf 91' lang='lat' dir='ltr'><em>per</em></span> <span class='ocrx_word' id='word_1_368' title='bbox 863 4079 943 4121; x_wconf 93' lang='lat' dir='ltr'><em>totum</em></span> <span class='ocrx_word' id='word_1_369' title='bbox 969 4087 1063 4120; x_wconf 88' lang='lat' dir='ltr'><em>annum</em></span> <span class='ocrx_word' id='word_1_370' title='bbox 1085 4073 1143 4120; x_wconf 85' lang='lat' dir='ltr'><em>atris</em></span> <span class='ocrx_word' id='word_1_371' title='bbox 1170 4074 1236 4121; x_wconf 88' lang='lat' dir='ltr'><em>curis</em></span> 
     </span>
     <span class='ocr_line' id='line_1_73' title="bbox 689 4152 937 4215; baseline 0.008 -18"><span class='ocrx_word' id='word_1_372' title='bbox 689 4152 785 4202; x_wconf 88' lang='lat' dir='ltr'><em>viveret</em></span> <span class='ocrx_word' id='word_1_373' title='bbox 800 4166 937 4215; x_wconf 83' lang='lat' dir='ltr'><em>oppressus.</em></span> 
     </span>
    </p>

    <p class='ocr_par' dir='ltr' id='par_1_19' title="bbox 688 4231 1236 4360">
     <span class='ocr_line' id='line_1_74' title="bbox 723 4231 1233 4292; baseline 0.006 -15"><span class='ocrx_word' id='word_1_374' title='bbox 723 4233 775 4280; x_wconf 88' lang='lat' dir='ltr'><em>Neo</em></span> <span class='ocrx_word' id='word_1_375' title='bbox 792 4233 856 4280; x_wconf 87' lang='lat' dir='ltr'><em>mori</em></span> <span class='ocrx_word' id='word_1_376' title='bbox 875 4246 922 4292; x_wconf 88' lang='lat' dir='ltr'><em>per</em></span> <span class='ocrx_word' id='word_1_377' title='bbox 947 4233 997 4280; x_wconf 74' lang='lat' dir='ltr'><em>eim</em></span> <span class='ocrx_word' id='word_1_378' title='bbox 1021 4237 1138 4280; x_wconf 82' lang='lat' dir='ltr'><em>otetuoru.</em></span> <span class='ocrx_word' id='word_1_379' title='bbox 1173 4231 1233 4280; x_wconf 92' lang='lat' dir='ltr'><em>Imi-</em></span> 
     </span>
     <span class='ocr_line' id='line_1_75' title="bbox 688 4308 1236 4360; baseline 0.004 -4"><span class='ocrx_word' id='word_1_380' title='bbox 688 4314 755 4356; x_wconf 89' lang='lat' dir='ltr'><em>tatur</em></span> <span class='ocrx_word' id='word_1_381' title='bbox 772 4309 821 4358; x_wconf 88' lang='lat' dir='ltr'><em>1v.</em></span> <span class='ocrx_word' id='word_1_382' title='bbox 840 4308 923 4358; x_wconf 88' lang='lat' dir='ltr'><em>Carm.</em></span> <span class='ocrx_word' id='word_1_383' title='bbox 948 4309 984 4358; x_wconf 80' lang='lat'><em>15.</em></span> <span class='ocrx_word' id='word_1_384' title='bbox 1021 4308 1131 4358; x_wconf 79' lang='lat' dir='ltr'><em>Crestodc</em></span> <span class='ocrx_word' id='word_1_385' title='bbox 1151 4326 1236 4360; x_wconf 85' lang='lat' dir='ltr'><em>rerum</em></span> 
     </span>
    </p>
   </div>
   <div class='ocr_carea' id='block_1_10' title="bbox 0 0 1462 5220">
    <p class='ocr_par' dir='ltr' id='par_1_20' title="bbox 0 0 1462 5220">
     <span class='ocr_line' id='line_1_76' title="bbox 0 0 1462 5220; baseline 0 0"><span class='ocrx_word' id='word_1_386' title='bbox 0 0 1462 5220; x_wconf 95' lang='lat' dir='ltr'><em> </em></span> 
     </span>
    </p>
   </div>
  </div>
 </body>
</html>
