2916 5220
576 317 894 383 ChllMINUM

554 541 830 608 CARMEN
876 544 915 608 V.

351 693 454 776 (obelo
479 714 648 775 tonantem
672 709 869 775 credidimus
894 709 1006 775 Iovem

347 814 511 898 Regnare:
535 834 688 898 praesens
713 813 818 878 Divus
842 812 1016 878 habebitur

390 916 563 1002 Augustus
587 915 723 981 adiectis
748 915 916 980 Britannis

438 1019 579 1105 Imperio
602 1019 822 1104 gravibusque
846 1019 964 1084 Persis.

348 1122 489 1189 Milesne
513 1121 623 1188 Crassi
647 1121 786 1207 coniuge
809 1121 946 1186 barbara

346 1226 461 1312 Turpis
485 1225 623 1291 maritus
646 1225 747 1308 vixit,
771 1229 805 1291 et
826 1225 992 1307 hostium,

392 1330 479 1394 Proh
503 1328 601 1394 Curia
624 1328 809 1414 inversique
832 1330 952 1394 mores!

437 1431 618 1498 Consenuit
642 1453 825 1498 socerorum
848 1432 883 1496 in
906 1431 1005 1497 armis

233 1596 238 1610 '
336 1649 488 1702 CARMEN
505 1650 539 1699 V!
757 1638 824 1684 mm,
841 1628 940 1672 mmm
957 1628 1003 1672 082.
1038 1622 1095 1671 LiV.
1112 1620 1205 1671 XXX.
1223 1623 1247 1671 3.
1282 1622 1315 1672 δί

750 1701 823 1764 forte
839 1701 921 1749 salias
937 1700 1075 1750 ambrisia
1091 1715 1169 1749 auore
1184 1716 1217 1750 ea·
1229 1702 1316 1750 mulla

204 1745 293 1834 Ocelo
316 1785 443 1830 tonantem
463 1781 614 1830 credidimus
632 1781 717 1828 Iouem
757 1780 828 1842 copia
840 1780 952 1842 cepisset.
975 1777 1048 1827 Ovid.
1057 1776 1093 1824 II.
1111 1776 1171 1826 Art.
1180 1777 1245 1826 Am.
1254 1779 1316 1828 545.

168 1858 291 1920 Reprrare.
327 1856 418 1907 Glossa
434 1858 491 1907 MS.
514 1857 583 1906 “Pro
594 1863 662 1905 certo
673 1856 716 1904 ha·
759 1860 815 1908 Hoc
836 1857 864 1906 iu
883 1859 996 1920 legitima
1012 1861 1143 1920 praestent
1160 1872 1242 1906 uxore
1259 1873 1316 1906 ma·

168 1933 267 1992 bemus,
288 1935 373 1984 Iovem
394 1936 456 1986 coeli
473 1951 525 1985 esse
541 1950 640 1998 regem,
660 1935 718 1997 quia
756 1938 811 1985 riti.
845 1937 927 1985 Tacit.
939 1937 1029 1999 Agris.
1039 1934 1089 1984 VI.
1120 1935 1316 1993 Qmatnboua

168 2014 260 2060 tonat.”
304 2013 421 2063 Glossam
448 2013 525 2063 edidit
554 2015 661 2076 Laguna
685 2013 717 2062 ad
758 2032 835 2066 uxore
859 2021 931 2066 tauto
956 2017 1037 2065 maiar
1063 2009 1136 2069 leui,
1162 2019 1261 2077 quanto
1286 2016 1316 2062 in

168 2091 266 2141 Lucani
283 2092 304 2141 Ι.
322 2094 380 2144 227.
757 2097 827 2144 rnalu
850 2097 909 2159 plus
933 2096 1087 2157 culpasset.
1121 2092 1273 2157 Hieronym.
1292 2092 1315 2141 1.

201 2173 313 2222 Adiectio
322 2173 467 2222 Britannis.
490 2172 562 2222 Ovid.
577 2170 637 2220 XV.
664 2170 717 2218 Me·
758 2175 813 2224 adv.
831 2174 926 2223 Iovian.
960 2176 997 2222 Iu
1020 2173 1104 2221 alicua
1129 2185 1209 2220 uxore
1234 2175 1316 2220 omnis

167 2256 226 2300 tam.
251 2254 307 2304 756.
347 2256 460 2303 Pontum
483 2255 575 2316 populo
600 2251 719 2300 adiecisse
757 2269 829 2303 amor
846 2256 933 2316 turpis
950 2257 1000 2313 est,
1018 2252 1047 2299 ire
1062 2266 1109 2299 sua
1125 2252 1230 2298 abuius.
1260 2250 1315 2300 Va·

170 2330 281 2388 Quirini.
316 2331 438 2382 Gunther.
455 2331 543 2392 Ligur.
561 2328 595 2378 V.
613 2329 636 2376 9.
665 2330 716 2377 Ad·
757 2331 803 2380 ler.
825 2331 930 2379 Maxim.
952 2330 986 2380 V.
1004 2330 1028 2377 9.
1061 2329 1134 2377 Idem
1150 2325 1226 2390 facit
1251 2329 1314 2377 Ful-

166 2409 251 2459 iecisse
267 2411 319 2459 suis
335 2412 482 2474 gaudentur
498 2410 612 2472 plurima
627 2409 715 2470 requio.
757 2412 826 2471 vius,
842 2411 885 2459 sed
900 2411 927 2458 iu
937 2409 999 2474 filio
1016 2409 1176 2470 aliquantum
1199 2408 1313 2456 tetriore.

202 2489 379 2552 Gracibusque
406 2491 502 2538 Persis.
541 2487 631 2538 Glossa
659 2485 715 2536 MS.
757 2489 868 2538 Macrob.
893 2488 930 2537 H.
957 2487 1057 2538 Saturn.
1082 2485 1107 2532 2.
1147 2486 1267 2534 Plancus
1284 2487 1314 2534 iu

167 2567 377 2629 “Inpotentibus,
405 2566 595 2629 arrogantibus,
626 2565 717 2614 ferocia
757 2569 861 2618 Maeuia
880 2569 960 2617 Galla
981 2571 1065 2628 nuptu
1085 2564 1150 2611 malo
1171 2565 1313 2612 audiebat:

167 2645 297 2706 gravibus,
317 2644 513 2694 ferocientibus.''
547 2645 582 2692 Et
602 2642 637 2691 sic
654 2644 715 2692 aoei-
755 2646 805 2696 vid.
827 2646 985 2709 Oudendorp.
1004 2644 1035 2692 ad
1060 2642 1258 2692 1u1.caes.11.
1280 2641 1312 2690 B.

166 2722 285 2786 piendum
306 2729 378 2786 putat
398 2723 506 2786 Lagnna
526 2722 557 2769 ad
578 2722 673 2770 Lucan.
691 2722 714 2770 1.
757 2723 824 2774 Gall.
842 2727 883 2774 32.

169 2802 206 2849 lo.
223 2816 287 2863 non,
311 2808 340 2848 ut
362 2801 439 2864 vulgo
459 2802 499 2850 hic
520 2806 545 2850 et
566 2799 626 2848 alibi
642 2801 715 2859 solet,
790 2805 862 2853 Prole
881 2803 964 2853 Curia
984 2803 1127 2865 inversique
1142 2814 1231 2850 utores.
1270 2797 1313 2849 Ci-

166 2895 211 2942 pro
221 2881 401 2944 formidolosis.
755 2896 813 2932 cero
832 2896 877 2945 pro
898 2880 1003 2929 Plancio
1019 2881 1061 2928 29.
1094 2881 1208 2942 Ecquem
1224 2879 1315 2941 fuisse

208 2959 320 3007 Milesiae
349 2958 440 3008 Crassi
472 2960 573 3021 coniage
606 2960 716 3007 barbara
753 2967 832 3022 putas
857 2962 1078 3031 taosexcorclsm,
1100 2960 1156 3022 qui,
1173 2960 1242 3006 uluis
1258 2959 1313 3014 bis,

170 3040 267 3101 Turpis
285 3040 394 3087 maritus
411 3039 482 3087 aicit.
512 3037 606 3087 Durior
622 3036 716 3100 ellipsis
757 3044 842 3087 stante
862 3041 923 3088 urbe
944 3043 969 3087 et
989 3039 1078 3099 curia,
1097 3039 1244 3086 rediturum
1261 3051 1313 3094 use,

166 3116 352 3181 praepositionis
373 3132 437 3166 cum.
471 3117 512 3165 Ita
537 3123 621 3165 tamen
642 3116 716 3167 Corn-
757 3118 916 3174 statuerem,
933 3118 1120 3180 amputaret?

166 3202 289 3246 mentamr
319 3194 396 3260 Cruq.
423 3195 530 3247 Credam
555 3197 637 3260 potius
662 3211 716 3245 esse
793 3195 928 3245 Cmsseuuil
944 3211 1083 3245 socerorum
1099 3198 1126 3244 iu
1139 3197 1228 3245 arram.
1251 3194 1313 3246 Om-

167 3276 305 3325 ablutivum
322 3276 528 3335 absolutum,vel
545 3278 656 3324 rnoritus
672 3290 716 3338 per
758 3274 799 3322 nia
820 3274 897 3325 MSS.
919 3280 1061 3323 constanter
1080 3274 1200 3337 praebent
1217 3277 1313 3333 armis,

167 3357 297 3420 coniugem
313 3357 452 3406 barbaram.
482 3357 582 3407 Coniux
598 3356 657 3405 facit
673 3357 716 3404 ali·
757 3358 855 3416 praeter
873 3353 966 3402 Altorf.
984 3355 1027 3402 ubi
1044 3355 1135 3417 legitur
1147 3355 1223 3403 urvis.
1243 3353 1312 3403 Son·-

167 3449 241 3500 quem
265 3437 396 3494 maritum,
421 3443 449 3484 ut
474 3436 547 3486 liberi
569 3442 671 3499 patrem
692 3442 717 3485 et
758 3437 832 3493 ptura
852 3431 984 3495 utriusque
1000 3433 1067 3480 vocis
1084 3438 1136 3480 tam
1153 3446 1246 3494 parum
1263 3433 1312 3481 dif-

166 3521 281 3564 matrem.
315 3515 356 3563 Ita
378 3514 450 3563 Ovid.
468 3515 516 3564 IV.
537 3515 640 3563 Heroid.
661 3515 714 3562 134.
757 3509 820 3569 fert,
838 3516 866 3557 ut
883 3509 1017 3558 videndum
1034 3512 1114 3574 magis
1132 3510 1163 3558 sit
1180 3517 1241 3559 utra
1257 3511 1313 3574 pul·

168 3594 208 3640 Et
216 3593 266 3655 fas
278 3609 349 3643 ousae
352 3593 425 3656 facit
429 3594 520 3657 fratre
531 3596 627 3643 clarita
637 3609 715 3642 saror.
758 3590 839 3637 chrius
856 3589 988 3638 conveniat
1004 3591 1139 3640 sententiae
1155 3591 1216 3648 loci,
1235 3605 1314 3653 quam

166 3671 223 3720 Nisi
244 3671 400 3720 scribendum
422 3673 468 3720 ait:
496 3671 606 3721 Milesue
629 3671 717 3721 Crassi
758 3670 906 3718 auctoritate
922 3669 999 3720 MSS.
1017 3671 1120 3718 nitatur.
1154 3669 1194 3718 De
1210 3685 1313 3732 permu-

167 3753 195 3799 iu
219 3754 321 3814 coniuge
346 3753 456 3800 barbara
489 3753 583 3813 Turpis
608 3753 718 3800 maritus
758 3750 851 3799 tatione
867 3750 937 3798 aruis
954 3755 978 3797 et
995 3751 1075 3798 aruris
1096 3749 1145 3797 vid.
1162 3749 1314 3812 interpretas

167 3833 240 3880 micit.
273 3830 364 3893 'surpis
380 3831 406 3880 in
423 3831 540 3894 coniuge,
556 3838 584 3878 nt
602 3830 716 3893 Propert.
758 3831 790 3878 ad
810 3831 910 3878 Lucan.
937 3829 986 3878 IV.
1009 3829 1065 3877 582.
1091 3834 1116 3877 et
1140 3826 1235 3890 Virgil.
1262 3830 1312 3879 XI.

166 3909 332 3959 111.10.15.
368 3911 419 3960 Ter
439 3915 529 3973 quater
548 3913 576 3958 lu
592 3915 665 3960 casta
675 3911 717 3973 fe·
758 3912 824 3959 Aen.
845 3911 898 3962 173.
932 3910 963 3958 In
980 3909 1085 3957 Horatio
1101 3907 1183 3957 Faber
1200 3908 1313 3958 etHein·

168 3990 217 4048 lix,
241 4005 255 4037 o
276 3990 424 4047 Postlrume,
444 3991 530 4038 Galla.
565 3989 718 4052 Praepositio
758 3990 810 4038 sius
823 3994 982 4038 correxerant
995 3990 1076 4046 arcis,
1094 3993 1184 4050 etpost
1195 3988 1313 4038 eosBen·

167 4068 194 4115 iu
222 4082 295 4130 saepe
319 4082 362 4129 per
388 4069 544 4131 periphrasin
570 4068 719 4133 explicanda
758 4071 845 4131 tleius,
870 4072 913 4134 qui
937 4070 1068 4132 diligenter
1092 4074 1117 4118 et
1134 4069 1229 4118 erudite
1246 4067 1313 4116 illud

167 4152 217 4203 est,
243 4148 375 4210 petendam
397 4161 411 4196 e
432 4148 555 4198 sententia
576 4148 717 4197 verborum.
760 4149 923 4196 commendat.
957 4148 1013 4210 Ego
1038 4146 1110 4196 unice
1134 4161 1223 4195 verum
1250 4154 1313 4209 puto

168 4224 253 4274 Plaut.
275 4225 577 4278 Mil.G10r.111.1.75.
605 4229 674 4276 Nam
691 4229 719 4275 irs
760 4227 845 4274 arrisio.
880 4225 952 4286 Quod
974 4232 1003 4273 nt
1023 4225 1138 4289 probem,
1156 4227 1187 4274 de
1203 4227 1312 4289 singulis

168 4307 237 4352 mala
253 4320 331 4354 uxore
348 4311 424 4368 atque
439 4307 540 4356 inimico
555 4307 577 4354 ei
592 4307 654 4369 quid
677 4321 718 4355 su·
739 4358 741 4370 Ι
759 4303 868 4354 Bentleii
885 4305 1037 4368 argumentis
1054 4304 1149 4353 videbo.
1179 4305 1312 4355 Bentleius
