2916 5220
582 264 757 328 LIBER
803 266 863 329 iil.

343 451 431 515 Unde
455 473 513 536 qao
537 455 630 516 remi?
676 453 770 517 Leria
793 475 856 518 aaa
879 475 963 520 mors
986 465 1032 519 est

347 554 511 639 Virqr'mtm
536 554 655 638 talpae.
712 555 894 641 Vipitenum
910 556 1007 642 plara

343 657 451 741 Turpe
474 661 687 722 cmamissam?
711 680 754 722 am
777 662 862 725 titiis
886 669 1041 725 carentem

427 760 527 824 Ludit
551 764 651 846 imepo

345 864 453 945 Vama,
477 886 557 949 qaae
573 874 672 949 perta
684 863 820 951 sapiens
842 865 960 931 eburna

339 968 499 1031 Samnium
521 967 632 1032 darii?
657 967 814 1033 Meir'asme
823 969 948 1053 fluetus

338 1070 393 1134 Ire
410 1092 473 1155 per
497 1070 602 1157 lampas
614 1069 703 1155 suit,
728 1094 772 1136 arr
793 1083 931 1138 recentes

434 1175 575 1259 Carpere
584 1173 715 1257 flores?

340 1279 379 1341 St
399 1281 469 1362 qais
492 1276 641 1361 infamem
664 1277 739 1342 mim

736 1281 741 1292 '
763 1300 846 1342 mmm
870 1284 1026 1346 tatemerem

337 1380 448 1444 Dedat
472 1384 594 1445 iratae!
620 1380 761 1445 lacerare
772 1381 872 1466 serre
896 1392 925 1447 et

337 1485 500 1571 Framyere
523 1488 627 1549 emitur
649 1485 738 1549 moda
761 1485 891 1551 maltam
913 1491 1013 1552 amati

434 1588 563 1655 Germia
586 1593 682 1654 tauri.

158 1733 248 1783 furore
272 1732 338 1784 Sunt
355 1740 438 1782 autem
456 1733 568 1795 Virgilii:
590 1733 642 1782 Uiri
653 1748 708 1782 eom-

158 1814 226 1876 cepit
235 1811 328 1875 sarias
345 1814 426 1861 evicta
442 1814 533 1860 dolore.

197 1892 270 1940 Unde
289 1906 338 1952 qao
362 1891 438 1940 aemi?
468 1891 565 1940 Notum
591 1898 628 1941 est
644 1892 708 1940 illud

158 1969 275 2034 Virgilii:
307 1971 377 2028 Quia
392 1973 492 2034 loquar?
513 1979 561 2020 aut
577 1974 620 2020 ubi
637 1974 708 2021 sarm?

158 2049 194 2098 m
217 2049 309 2098 similia
332 2050 359 2097 in
387 2051 512 2108 oratione,
537 2066 587 2114 qua
612 2051 708 2099 utimur

157 2128 242 2177 animo
258 2129 365 2177 turbato.

192 2208 268 2257 Levis
284 2223 337 2256 mna
358 2223 425 2256 mors
445 2214 483 2257 est
504 2211 637 2272 Virpiaum
652 2212 706 2259 eal·

157 2301 213 2348 pue.
238 2287 280 2335 Ex
296 2285 411 2350 Propert.
428 2287 477 2337 IV.
496 2288 518 2335 4.
531 2288 567 2336 19.
587 2290 709 2338 Erratis

159 2380 212 2414 ana
233 2366 315 2414 maiae
328 2367 416 2428 potuit
438 2380 505 2414 mors
527 2381 579 2414 erse
592 2369 708 2428 paellae?

197 2444 282 2506 Turpe
298 2445 460 2494 cometissam.
491 2443 622 2494 Scholiast.
640 2445 708 2495 Cice-

159 2523 225 2571 ronis
246 2521 317 2573 Orat.
338 2523 364 2570 in
381 2523 412 2584 Q.
435 2521 585 2572 Caecilium:
603 2525 708 2587 “Flagi·

160 2602 224 2650 tium
240 2608 278 2651 est
295 2607 367 2664 turpe
383 2601 565 2650 commissum.''

193 2684 236 2729 An
260 2682 331 2729 uitiis
351 2686 477 2730 carentem
515 2681 596 2729 Ludit
618 2683 708 2746 immeo.

159 2760 264 2809 Dudum
288 2759 477 2808 emendaveram
494 2760 567 2819 vitio,
592 2762 658 2823 quod
675 2761 708 2810 fe-

159 2845 228 2888 cerat
250 2838 385 2887 Bentleius.
419 2837 514 2887 Seneca
531 2839 633 2902 Hippoi.
651 2840 707 2888 483.

160 2919 221 2966 Nom
248 2918 302 2966 alin
327 2918 407 2978 meam
434 2924 472 2966 eci
498 2919 578 2966 libera
603 2923 628 2966 et
648 2921 709 2968 vitio

159 3011 260 3054 carmes,
290 2998 420 3059 Ritasqme
444 2999 535 3046 melius
563 2998 618 3046 cita
645 3013 709 3060 quae

158 3077 256 3138 primm
272 3078 346 3125 colat.
379 3075 441 3124 Vidi
464 3091 479 3123 a
496 3077 550 3124 viro
568 3076 639 3125 docto
654 3078 707 3125 edi-

160 3153 233 3214 tioni,
254 3168 304 3218 qua
323 3154 452 3214 utebatur,
475 3154 626 3218 adscriptum
643 3157 708 3205 citii.

160 3233 229 3282 Vere
245 3232 355 3282 fortasse.
380 3233 447 3281 Nam
458 3233 557 3282 Horatii
568 3240 648 3284 aetate
659 3235 708 3284 Ro·

159 3313 228 3363 moni
244 3313 372 3375 scripsisse
389 3313 504 3361 videntur
522 3327 572 3360 non
583 3315 648 3371 citii,
660 3315 709 3362 imo

160 3392 222 3450 val,
238 3397 267 3439 ut
278 3390 368 3440 ausiti.
385 3392 426 3440 De
443 3407 493 3454 qua
505 3393 597 3440 revide
611 3397 709 3441 sentcn-

160 3471 222 3519 tiam
237 3471 346 3523 Bentleii
365 3471 392 3519 iu
413 3471 572 3520 Praefatione
592 3471 710 3529 Manilia,

160 3556 186 3599 et
202 3550 264 3599 alios
280 3557 368 3600 contra
384 3551 543 3610 disserentes,
560 3557 589 3599 ut
600 3552 709 3613 Lennep.

160 3629 187 3676 in
204 3628 325 3678 Biblioth.
347 3629 408 3679 Crit.
421 3630 495 3678 Nova
505 3629 565 3678 Vol.
577 3630 610 3678 V.
619 3646 643 3692 p.
652 3631 710 3680 259.

198 3709 286 3766 Vama,
310 3724 374 3770 qrtae
388 3714 466 3770 parta
480 3709 586 3771 sapiam
606 3713 711 3759 eburna.

161 3785 237 3835 Talia
252 3787 328 3835 verba
343 3787 464 3836 Horatius
481 3788 598 3851 Europae
609 3802 658 3836 non
668 3790 710 3837 tri-

749 1733 840 1795 puella.
879 1735 945 1784 Nam
967 1736 1032 1784 illud
1054 1736 1084 1785 dc
1108 1732 1202 1798 duplici
1228 1743 1300 1799 porta

749 1813 856 1874 pertinet
881 1815 913 1862 ad
934 1816 1072 1864 doctrinam
1094 1815 1231 1878 poetarum.
1265 1816 1300 1865 m

749 1893 830 1953 imaqa
845 1892 995 1953 sufficiebat,
1011 1894 1143 1958 praecipue
1159 1911 1225 1944 uana
1236 1896 1299 1944 iara-

748 1986 789 2032 ρο,
810 1977 835 2019 et
855 1973 915 2035 quia
936 1973 1033 2022 dixerat
1057 1976 1196 2037 eipiiaasae
1218 1977 1299 2036 ploro.

751 2047 809 2096 Vid.
826 2050 924 2102 Duker.
942 2052 973 2100 ad
990 2051 1061 2102 Flori
1077 2052 1125 2101 IV.
1142 2054 1168 2102 2.

783 2129 1015 2194 Meliasnefimctur
1036 2134 1082 2180 Ire
1091 2147 1138 2193 per
1147 2133 1300 2195 lameosfuit.

749 2204 838 2255 Noluit
854 2208 890 2257 ire
906 2225 950 2272 per
966 2210 1054 2273 longos
1075 2209 1176 2268 fluctus,
1200 2212 1242 2259 sed
1259 2212 1299 2259 dc-

749 2292 820 2347 oepta
836 2285 883 2334 fuit
900 2303 915 2335 a
932 2293 1011 2347 tauro,
1029 2302 1079 2336 non
1096 2303 1141 2336 sua
1152 2289 1233 2352 culpa.
1250 2291 1299 2338 De·

749 2362 843 2412 buisset
860 2365 950 2414 dicere:
971 2365 1096 2415 Meliusne
1118 2365 1165 2414 fuit
1185 2367 1210 2415 in
1228 2367 1300 2416 litore

749 2449 820 2491 tauro
837 2443 985 2493 insidentem
1003 2444 1106 2493 ludere?

784 2523 814 2572 Si
834 2524 889 2583 qam
905 2523 1027 2580 infamem
1048 2524 1111 2572 milti
1130 2539 1198 2573 rumne
1214 2526 1299 2573 imaeu-

750 2617 815 2651 cum.
848 2602 932 2650 Dedat
949 2605 1093 2660 iaverrcmrrr,
1114 2602 1228 2665 frangam
1245 2617 1298 2652 cor·

749 2696 800 2729 nua
818 2683 901 2738 tauri,
922 2696 979 2745 pro:
1001 2681 1116 2744 frangam
1133 2684 1173 2731 iiii
1193 2697 1300 2740 cornua,

749 2761 831 2809 minus
849 2768 944 2811 rectum
961 2769 1005 2812 est.
1023 2763 1055 2810 In
1072 2764 1127 2812 aliis
1141 2762 1220 2814 MSS.
1236 2766 1299 2812 rnal-

750 2847 805 2889 tam
830 2845 912 2890 artati
940 2843 1039 2891 Cornua
1070 2844 1182 2892 nromtri.
1227 2842 1300 2902 Quod

749 2919 856 2982 praefert
872 2920 1009 2970 Bentlcius.
1033 2920 1082 2971 Sed
1091 2936 1137 2970 our
1154 2927 1246 2971 taurus
1265 2922 1300 2969 di·

750 3005 821 3048 catur
850 3007 1003 3060 rrronstram,
1030 3017 1080 3050 non
1104 3001 1229 3065 intelligo,
1254 3002 1301 3050 nisi

750 3080 816 3140 quod
833 3079 929 3143 Iupiter
950 3081 975 3128 in
997 3095 1026 3128 eo
1047 3081 1148 3129 latebat.
1183 3081 1232 3130 Sod
1254 3081 1300 3129 lroc

750 3155 851 3219 Europa
861 3156 1001 3218 ignorabat.
1023 3159 1057 3206 lli
1070 3159 1174 3206 nimium
1188 3167 1237 3208 est:
1248 3160 1299 3208 Eu-

749 3249 810 3296 ropa
826 3237 935 3284 arcitum
952 3242 1022 3284 amat
1039 3243 1156 3295 taurum,
1174 3253 1231 3300 pro:
1256 3239 1298 3288 de·

751 3313 889 3363 lectabatur
910 3321 994 3370 tauro,
1020 3322 1120 3379 propter
1144 3316 1249 3365 sormam
1275 3325 1300 3366 ct

751 3392 967 3442 mansuetudinem
984 3398 1072 3442 taurus
1085 3394 1202 3456 Europae
1218 3396 1299 3458 place-

751 3471 807 3529 bat,
821 3472 860 3520 vel
877 3469 953 3519 aliud.
971 3472 1095 3535 Pasiphae
1111 3476 1219 3523 maltum
1231 3492 1300 3525 eara-

752 3553 795 3598 bat
821 3556 937 3611 tauram,
959 3551 1087 3600 fortunata
1103 3552 1160 3615 illa,
1186 3556 1210 3602 ci
1234 3571 1299 3604 mmm·

752 3645 826 3692 queam
838 3637 954 3680 nrnrcmta
965 3631 1087 3695 fuissent.
1113 3631 1163 3680 Vel
1182 3633 1252 3682 inviti
1268 3636 1300 3682 ad

752 3710 925 3772 cogitationem
950 3712 1021 3760 istius
1046 3709 1144 3760 fabulae
1169 3713 1300 3763 trahimur.

751 3787 819 3838 Tum
830 3790 906 3851 ferro
916 3793 1029 3840 incerare
1039 3797 1065 3838 et
1076 3805 1171 3840 caraea
1176 3790 1301 3854 fremuere

161 3863 266 3923 buissel,
283 3865 411 3928 illi,quae
421 3867 518 3915 insania
531 3867 710 3930 propemodum
753 3867 923 3917 vehementius
943 3874 993 3925 est,
1019 3882 1095 3931 quam
1120 3881 1165 3929 pro
1190 3868 1299 3932 Europa.

161 3944 268 4005 agitate,
289 3946 378 4004 nescit,
398 3945 459 4009 quid
485 3944 563 4002 dicat,
588 3947 649 4009 quid
675 3953 710 3994 ta·
752 3946 806 3995 Nec
822 3946 898 3994 laudo
914 3949 999 3995 enitar
1019 3947 1045 3994 in
1062 3952 1132 3994 tauto
1148 3945 1193 3993 illo
1209 3945 1299 4001 furore.

160 4028 222 4070 ceat.
256 4022 319 4083 Quis
339 4024 366 4072 in
390 4030 461 4071 tanta
482 4025 559 4072 animi
579 4025 709 4088 perturba·
752 4024 819 4084 Quid
836 4024 1125 4085 autemconiungamus:
1143 4025 1299 4076 enitarlace·

161 4102 226 4150 tione
242 4101 444 4162 cogitaturum
466 4102 549 4164 imago
565 4103 653 4151 somnii
671 4117 711 4151 ve·
752 4110 1073 4153 raretumrmmcteormaa
1082 4105 1207 4167 srampere
1217 4106 1301 4168 serra,

161 4180 225 4229 uerit
240 4194 274 4230 ex
290 4186 363 4243 porta
378 4195 469 4230 cornea
485 4196 516 4228 an
533 4183 656 4231 eburnea?
672 4182 711 4230 Nc
731 4234 733 4257 Ι
753 4197 786 4229 an
803 4184 915 4232 lacerare
931 4189 956 4230 et
965 4183 1091 4246 fremuere
1106 4187 1215 4233 cornua?
1233 4184 1300 4232 Tum

161 4260 241 4309 dicam
264 4259 311 4308 hoc
332 4274 383 4310 csse
405 4260 545 4310 affectatum
563 4262 588 4309 in
606 4260 712 4323 simplici
731 4260 734 4349 ἰ
753 4261 838 4323 (lusori
856 4267 946 4323 potest,
972 4263 1094 4324 quomodo
1115 4277 1208 4312 cornua
1225 4263 1300 4315 simul
