2916 5220
654 285 693 292 -
1202 270 1238 309 xt

98 432 180 486 intra
212 428 346 503 parietes
377 426 627 483 monasteriorum
658 426 877 495 contineretur,
912 426 1078 485 Christiani
1111 426 1239 487 Codices

98 525 291 590 scribebant;
323 534 353 577 et
384 521 529 595 pleraque
562 520 695 590 Scholia,
724 521 837 577 inedita
873 540 993 595 quoquc
1020 522 1182 580 Leidensia
1208 536 1237 581 et

99 619 331 686 Franckerana,
358 618 408 672 hic
435 616 498 672 illic
524 615 655 690 produnt
682 628 820 671 auctores
855 615 1058 687 Christianos,
1087 619 1237 691 iidemque

98 713 271 790 Florilepiu
301 730 372 781 sna,
403 709 568 781 riiidnria,
599 708 863 786 specalc,1›roto,
884 711 998 781 hortos,
1022 723 1050 768 et
1072 713 1184 770 similes
1204 713 1239 770 li·

99 810 198 865 bellos
218 807 389 875 sententiis,
422 825 461 861 ex
487 805 616 860 Horatio
641 804 759 879 petitis,
788 806 950 875 ornabant,
977 805 1174 865 Grammatici
1195 825 1239 864 re-

99 905 203 978 gulas,
235 905 363 976 figuras,
397 909 426 956 et
458 909 621 975 praecepta
647 901 771 956 metrica
796 901 865 957 inde
894 901 1059 971 ducebant,
1090 903 1238 960 Rhetores

99 1016 187 1055 suam
208 1007 305 1054 artem
325 997 529 1052 illustrabant.
572 995 620 1050 Ita
641 995 804 1065 Horatius,
830 996 899 1052 inde
921 998 961 1053 ab
981 1000 1121 1071 Angusto
1142 1015 1236 1070 nsque

100 1095 140 1149 ad
154 1093 309 1148 inventam
323 1102 352 1147 et
368 1091 459 1164 vulgo
473 1100 647 1164 usurpatam
663 1087 948 1164 Chalcographiam,
963 1110 1117 1165 nunquam
1131 1094 1235 1168 plane,

100 1207 139 1244 nc
171 1199 237 1244 tum
262 1187 384 1260 quidem
409 1185 465 1241 fuit
490 1186 660 1259 neglectus,
689 1203 780 1258 quum
805 1187 900 1243 multa
925 1188 1051 1245 aliorum
1080 1194 1236 1263 poetarum

100 1284 224 1338 nomina
245 1283 471 1355 ignorarentur,
498 1297 596 1352 neque
624 1280 718 1336 ullum
740 1298 805 1336 esse
827 1281 917 1337 credo
938 1282 1129 1357 scriptorem,
1151 1283 1237 1339 cuins

101 1397 195 1453 opera
217 1388 278 1434 tam
298 1377 410 1450 insigni
431 1394 554 1432 numero
575 1376 688 1449 scripta
709 1376 798 1431 hodie
820 1387 951 1433 exstent.

142 1473 241 1528 Poeta
267 1481 330 1527 tam
354 1471 506 1543 frequenti
531 1470 660 1526 lectione
687 1489 742 1544 per
767 1479 813 1526 tot
841 1472 963 1527 saecula
984 1473 1131 1546 repetitus
1153 1483 1183 1527 et
1204 1473 1235 1528 in

100 1568 212 1625 scholis
233 1567 416 1641 explicatus,
444 1582 543 1637 neque
564 1566 604 1620 ad
624 1565 856 1638 intelligentiam
877 1567 1008 1623 omnium
1029 1567 1130 1623 statim
1152 1585 1236 1641 aper

99 1676 164 1733 tus,
185 1681 292 1718 manus
311 1661 558 1735 interpolantium
580 1660 711 1734 effugere
734 1679 792 1717 non
814 1661 921 1734 potuit.
953 1662 1019 1718 Iam
1040 1672 1110 1719 ante
1132 1661 1237 1720 Sueto-

99 1760 183 1816 nium
205 1757 380 1814 fcrebantur
399 1756 489 1830 Elegi
510 1764 541 1812 et
560 1756 700 1830 Epistola
721 1757 777 1812 snb
797 1756 885 1812 titulo
899 1756 1036 1826 Horatii,
1052 1756 1139 1829 quasi
1153 1755 1237 1812 Mae·

99 1855 200 1911 cenati
221 1872 253 1910 se
274 1852 519 1909 commendantis.
562 1850 622 1909 Sed
649 1860 777 1923 utraque
803 1850 880 1907 falsa
905 1854 1033 1926 putabat
1061 1852 1235 1920 Suetonius,

98 1951 172 2023 quia
198 1950 287 2023 Elegi
312 1949 469 2022 vulgares,
498 1946 650 2021 Epistola,
684 1964 774 2020 prosa
799 1946 951 2017 oratione,
977 1948 1067 2004 etiam
1095 1956 1161 2003 crat
1186 1947 1236 2003 ob·

98 2064 199 2102 scura.
242 2043 432 2117 Quamquam
457 2052 576 2099 veteres
603 2047 712 2116 poetae
738 2041 769 2097 in
791 2060 851 2098 uno
873 2041 1049 2116 plerumque
1071 2041 1235 2098 carminum

97 2158 225 2216 genere,
257 2140 405 2208 Hernico,
434 2138 592 2212 ElegiacO,
622 2137 796 2207 Didactico,
819 2137 867 2192 vel
890 2136 1013 2210 Lyrico,
1037 2135 1234 2200 excellerent,

97 2254 198 2308 neque
224 2235 312 2291 simul
338 2233 482 2290 facultate
511 2233 655 2289 orationis
681 2233 793 2307 ligatae
815 2249 850 2288 ac
872 2233 988 2288 solutae
1011 2232 1136 2287 multum
1157 2230 1237 2286 vale-

98 2338 181 2400 rent,
208 2348 279 2386 nam
303 2329 408 2402 lingua
433 2327 552 2402 politica
578 2336 609 2383 et
630 2345 720 2402 prosa
741 2335 811 2383 sunt
832 2326 918 2398 quasi
939 2327 1061 2399 linguae
1084 2326 1235 2392 diversae,

98 2424 245 2483 Suetonio
276 2432 393 2492 tamen,
420 2423 473 2494 qui
499 2421 611 2496 Elegos
637 2430 668 2478 et
688 2420 857 2495 Epistolem
878 2419 1002 2489 viderit,
1025 2419 1113 2475 facilc
1135 2419 1235 2475 credo.

98 2519 190 2575 Talia
209 2519 366 2592 fingebant
386 2518 535 2588 homines,
557 2527 591 2574 ut
612 2517 785 2592 bibliopolis
800 2516 975 2572 venderent.
1017 2517 1048 2571 A
1062 2514 1235 2589 bibliopolis

97 2616 209 2671 iterum
231 2615 384 2684 emebant,
401 2613 453 2685 qui
475 2613 644 2687 exemplum
666 2612 783 2669 auctius
798 2611 911 2668 habere
927 2611 1098 2686 cupiebant.
1121 2611 1236 2667 Eodem

99 2709 177 2767 lucri
198 2708 329 2765 faciendi
350 2707 450 2764 studio
470 2715 535 2764 tnta
560 2708 692 2764 carmina
717 2708 921 2780 fingebantur,
949 2724 1074 2779 quorum
1099 2715 1236 2763 auctores

100 2807 189 2863 simul
211 2806 295 2861 taciti
315 2805 504 2878 gaudebant,
531 2823 586 2861 sua
612 2824 668 2880 pro
689 2804 865 2861 Horatianis
892 2804 1007 2861 haberi.
1050 2804 1177 2861 Vossius
1198 2803 1237 2859 ad

102 2900 257 2960 Catullum
285 2918 354 2974 pag.
382 2900 451 2956 284.
482 2900 593 2956 vidisse
620 2918 652 2957 se
679 2900 722 2956 ait
747 2899 815 2957 MS.
836 2898 868 2954 in
895 2916 954 2971 quo
980 2899 1096 2958 Seneca
1115 2899 1236 2971 qnidam

101 2997 260 3054 dicebatur
281 3002 387 3050 auctor
408 3012 474 3050 esse
496 3003 627 3067 quatuor
647 3013 787 3051 versuum
803 2994 888 3050 initio
903 2992 1091 3069 Virgilianae
1106 2994 1237 3051 Aeneidi

100 3091 272 3147 additorum
298 3085 359 3144 Ille
383 3106 434 3165 eqo
459 3090 511 3166 qui
536 3088 701 3167 qnondam:
730 3087 818 3163 quem
847 3090 993 3149 Senecam
1017 3091 1097 3146 idem
1118 3091 1149 3147 in
1170 3091 1237 3148 aliis

100 3185 209 3242 fecisse
232 3185 306 3240 dicit
326 3185 468 3256 VossiuS,
496 3194 526 3242 et
551 3204 692 3261 magnum
718 3186 810 3243 fuisse
842 3188 988 3243 bonorum
1019 3186 1164 3243 librorum
1195 3188 1239 3244 in·

100 3299 249 3337 sessorem
270 3290 300 3337 et
320 3281 568 3355 interpolatorem
584 3282 605 3338 ¹.
647 3282 697 3339 Ita
723 3283 906 3357 bibliopolae
935 3284 1099 3338 utebantur
1125 3283 1239 3356 cupidi·

100 3384 162 3432 tate
186 3385 217 3431 et
237 3377 400 3432 ambitione
421 3377 639 3448 Romanorum,
666 3378 732 3450 qui,
760 3377 896 3450 quamvis
923 3376 1061 3451 publicae
1083 3385 1239 3433 exstarent

100 3471 325 3540 Bibliothecae,
352 3472 542 3529 instruebant
567 3473 716 3546 privatas,
744 3472 828 3528 libris
854 3471 1124 3528 innumerabilibus
1148 3471 1239 3529 refer·

99 3573 161 3634 tas,
196 3582 322 3638 quorum
348 3566 500 3637 dominus,
528 3575 563 3624 ut
593 3567 666 3624 dicit
697 3567 827 3637 Seneca,
854 3585 892 3623 ne
918 3566 1034 3625 indices
1061 3566 1180 3639 quidem
1206 3567 1237 3623 in

99 3667 164 3717 tota
185 3660 249 3716 vita
270 3661 425 3735 perlegere
447 3671 562 3736 posset:
585 3670 698 3718 ettam
719 3662 828 3719 attenti
854 3670 941 3718 erant
969 3663 1008 3718 ad
1033 3681 1111 3732 rem,
1141 3671 1173 3719 ut
1200 3680 1236 3718 nc

100 3754 198 3810 doctis
221 3755 341 3826 quidem
361 3756 533 3813 hominibus
555 3776 593 3813 ex
614 3756 783 3829 antiquiore
806 3756 907 3828 aliquo
928 3755 995 3815 MS.
1019 3757 1134 3831 copiam
1151 3758 1239 3813 nnius

136 3948 143 3978 ¹
167 3947 198 3995 In
223 3947 280 3996 MS.
308 3945 405 3994 Tibull.
422 3945 448 4003 Ι,
465 3946 498 4002 2,
514 3953 569 4009 post
590 3961 626 3994 vs.
643 3947 683 3996 24.
708 3947 829 3994 inscrtum
854 3953 891 3994 est
917 3946 1039 3995 distichon
1064 3961 1121 3993 cum
1147 3946 1238 4009 duplici

100 4032 266 4091 pentametro:
283 4027 320 4074 En
337 4041 379 4088 eqo
396 4040 448 4073 cum
465 4025 567 4074 tenebris
584 4031 636 4074 toto
653 4041 726 4088 vapor
742 4026 832 4073 anxias
849 4025 916 4083 urbe,
935 4024 1062 4073 Praesidio
1074 4023 1151 4072 noctis
1162 4024 1238 4072 teritio

101 4107 185 4152 adesse
203 4105 290 4152 Deam.
324 4106 436 4153 Securum
457 4105 484 4152 ia
505 4105 606 4154 tenebris
626 4120 663 4152 me
677 4105 743 4169 socii
764 4120 815 4153 estc
841 4104 926 4153 Venus.
962 4105 1005 4153 Ad
1025 4105 1133 4168 priorem
1155 4112 1238 4169 penta·

102 4192 210 4233 metrum
226 4185 343 4248 scriptum
361 4192 429 4233 erat:
455 4186 549 4236 Seneca
574 4186 608 4234 sic
633 4187 769 4249 supplevit,
796 4187 827 4233 ad
853 4187 971 4234 alterum:
995 4186 1106 4249 Aurispa
1123 4200 1181 4233 vero
1197 4187 1238 4234 sic.

102 4265 169 4313 Vide
186 4265 314 4327 Heynium
331 4265 440 4314 Praefat.
462 4282 486 4328 p.
504 4266 580 4314 XXI.
597 4268 639 4329 qni
656 4273 680 4315 et
701 4266 819 4314 Vossium
838 4267 869 4313 atl
891 4266 985 4316 Catull.
1008 4267 1037 4314 de
1055 4266 1149 4314 Seneca
1165 4266 1239 4314 intcr-

102 4344 215 4407 polatorc
231 4343 351 4392 laudavit.
