2916 5220
350 638 385 701 P.
413 635 608 702 HOFMAN
633 636 916 701 PEERLKAMP

580 830 602 865 S.
619 829 642 867 P.
657 828 686 866 D.

72 992 229 1058 Halalae
249 991 384 1057 BARONI
405 990 551 1057 tallolo
571 989 757 1068 Damnata,
778 990 1024 1056 lllllNllNOORDI
1042 991 1189 1058 DOlllNO.

156 1176 171 1203 1.
186 1175 207 1203 ι’.
222 1175 242 1205 1),
257 1174 308 1202 REGI
322 1174 444 1203 outalatno
458 1176 471 1203 Δ
486 1174 604 1210 wilmus,
618 1174 693 1208 taum
708 1174 785 1203 LEONlB
799 1173 967 1202 devastarentur
981 1174 1115 1213 ΜΟΗΒΙΟΝῙ,

112 1249 190 1277 rorum
205 1249 230 1277 m
243 1248 363 1277 conatum(
377 1248 480 1277 ortmann
493 1248 586 1283 Lauare.
597 1248 707 1276 ‹tuaaronl
719 1247 849 1277 acaunum
858 1247 981 1285 autunum,
994 1248 1056 1278 BEGH
1068 1250 1153 1279 aarum

181 1322 384 1356 macularumque
399 1321 511 1350 lnsrt'w‘rl
527 1321 554 1350 ΕΤ
568 1321 668 1350 atlanti(
681 1321 829 1350 socffirarn'm
844 1320 989 1350 revolutum
1003 1323 1089 1354 sobam.

565 1504 705 1524 --οοοκν-

105 1707 220 1839 Quem
241 1741 403 1797 Horatium
425 1739 501 1813 Regi
524 1739 687 1797 (luilielmo
710 1740 862 1809 dedicavi,
885 1741 1012 1796 eundem
1028 1751 1061 1797 ut
1077 1742 1204 1816 epistola

59 1851 186 1896 auctum
207 1835 262 1891 tibi
285 1835 448 1904 mitterem,
471 1834 616 1902 Descuri,
644 1834 741 1908 pietas
767 1840 797 1888 et
818 1834 944 1890 officium
966 1836 1204 1908 postulaverunt.

61 1937 132 1992 lam
154 1941 222 1988 ante
244 1930 368 2003 triginta
390 1947 485 1984 annos
507 1938 535 1984 te
559 1929 699 2002 cognovi,
726 1947 786 1984 non
814 1947 957 2002 praesens
980 1930 1100 2002 quidam
1123 1950 1207 2004 prac-

60 2037 194 2096 aentem,
222 2025 274 2082 sed
301 2043 340 2079 ex
366 2023 554 2080 sermonibus
580 2023 706 2080 Ruardii
733 2024 840 2093 nostri,
867 2023 1052 2081 Professoris
1078 2025 1207 2082 Gronin-

59 2124 151 2196 gani,
175 2121 259 2177 euius
280 2118 401 2175 scholas
423 2119 628 2190 quinquennio
650 2127 808 2192 postquam
830 2129 862 2175 tu
884 2120 1066 2192 reliqueram,
1089 2139 1145 2194 ogo
1165 2122 1208 2176 in-

60 2219 156 2275 travi.
198 2216 258 2272 Hic
281 2213 398 2286 quoties
420 2213 642 2282 adolescentes,
661 2213 921 2287 Iurisprudentiae
938 2233 1060 2289 operam
1075 2216 1206 2284 daturos,

61 2313 229 2381 incitabat,
255 2317 290 2365 ut
315 2307 422 2363 Musas
448 2308 602 2380 graviores
628 2307 800 2363 Literarum
827 2309 977 2382 elegantia
1003 2318 1034 2365 et
1059 2311 1206 2366 suavitate

61 2417 226 2476 ornarent,
248 2414 332 2461 tuum
355 2404 441 2459 nobis
463 2405 621 2460 ostendere
644 2403 761 2459 solebat
783 2405 962 2477 exemplum.
996 2404 1081 2460 Talis
1103 2405 1208 2460 adhor-

60 2503 157 2569 tatio,
180 2500 364 2558 excellenter
386 2499 594 2572 pronuntiata,
616 2506 706 2569 atque
729 2498 781 2553 illo
803 2516 854 2553 ore
877 2508 907 2554 et
929 2517 1016 2568 voce,
1040 2517 1128 2570 quam
1150 2518 1208 2554 me-

62 2597 193 2666 ministi,
210 2594 428 2661 commendata,
444 2593 571 2649 multum
585 2593 666 2665 apud
681 2611 783 2648 omnes
799 2593 935 2649 valebat:
951 2594 1003 2649 sed
1019 2611 1074 2667 ego
1089 2593 1207 2649 minime

63 2693 236 2765 cogitabam
258 2690 336 2758 sore,
365 2697 399 2743 ut
424 2687 503 2743 idem
528 2687 579 2743 ille
609 2686 788 2756 Descurius‚
816 2688 901 2743 euius
927 2689 1033 2745 laudes
1055 2699 1126 2744 tune
1147 2690 1210 2744 ani-

64 2804 149 2842 mum
170 2785 331 2841 iuvenilem
353 2782 595 2850 inflammabant,
623 2799 705 2838 meus
727 2782 889 2852 aliquando
911 2783 1038 2853 amicus,
1069 2785 1209 2855 vitaeque

64 2880 164 2936 felicis
186 2887 216 2934 et
236 2879 400 2934 honoratae
423 2877 453 2932 in
475 2876 642 2933 Academia
663 2875 806 2932 Leidensi
829 2876 947 2932 futurus
969 2888 1047 2934 esset
1070 2887 1184 2933 auctor.

108 2973 194 3030 Mors
216 2973 359 3045 Ruardii‚
382 2990 563 3044 quamquam
585 2990 644 3029 non
666 2971 840 3040 immatura,
863 2972 999 3029 omnibus
1021 2982 1136 3041 tamen,
1159 2974 1210 3044 qui

66 3087 137 3125 eum
159 3087 261 3124 carum
282 3068 471 3137 habuerunt,
498 3067 609 3124 accidit
637 3067 757 3123 acerba.
796 3065 967 3122 Paucorum
996 3085 1141 3122 annorum
1163 3086 1210 3123 ac-

64 3163 165 3219 cessio
187 3181 246 3217 non
268 3161 352 3217 illum
374 3161 474 3218 facere
496 3162 643 3236 potuisset
657 3163 836 3221 beatiorem:
859 3183 929 3221 nam
943 3166 1072 3239 patriam
1088 3166 1211 3238 indigna

66 3258 229 3333 tyrannide
251 3257 425 3327 liberatam,
453 3266 483 3313 et
509 3258 675 3314 discordias
701 3258 805 3314 civiles
832 3259 960 3332 primum
987 3259 1114 3332 sopitas,
1142 3278 1211 3315 mox

65 3354 167 3410 reditu
194 3352 293 3426 gentis
318 3351 504 3408 Nassavicac
534 3353 698 3410 exstinctas
723 3353 856 3409 viderat:
884 3360 971 3409 erant
991 3364 1105 3424 tamen,
1133 3372 1211 3426 quae

67 3448 230 3503 candidam
252 3447 382 3502 animam
402 3445 519 3501 laetitia
541 3447 729 3504 extulissent.
770 3447 829 3504 Vel
856 3449 945 3503 istum
972 3448 1052 3504 vitae
1079 3467 1212 3513 cursum,

67 3562 173 3616 quem,
201 3542 341 3598 restituto
363 3542 482 3597 nomine
503 3541 672 3612 Hollando,
701 3543 792 3598 semel
814 3542 954 3615 petitum,
982 3543 1123 3598 continuo
1146 3545 1216 3600 reti.

66 3639 175 3708 nuisti,
198 3656 259 3710 qua
278 3644 388 3706 monte,
404 3637 514 3708 quibus
530 3638 630 3694 verbis
646 3648 676 3695 et
690 3639 785 3715 oculis
800 3637 905 3695 fuisset
920 3637 1112 3712 prosecutus!
1135 3639 1214 3696 Nam

68 3735 170 3791 animo
197 3733 333 3804 votisque
360 3731 421 3787 suis
449 3731 635 3805 reipublicae
663 3742 692 3788 te
719 3732 907 3802 destinabat,
935 3751 994 3788 non
1017 3735 1097 3804 quod
1119 3735 1213 3791 nobili

68 3847 182 3903 genere
206 3837 236 3884 et
257 3827 288 3883 in
311 3845 394 3902 spem
414 3828 561 3883 honorum
587 3835 675 3884 natus
697 3845 791 3895 esses;
819 3846 916 3900 neque
944 3828 1023 3884 enim
1049 3829 1100 3884 ille
1125 3848 1215 3904 qenais

69 3931 98 3980 ct
116 3939 250 3998 proavos
270 3929 297 3978 et
318 3939 391 3998 quac
412 3918 614 3999 confecimus
634 3922 708 3997 ipsi,
731 3931 833 3979 nostra
853 3923 996 3989 vocabat3
1019 3923 1072 3978 sed
1095 3941 1160 3979 eam
1182 3925 1213 3981 in

70 4028 100 4072 te
125 4024 264 4073 naturam
285 4017 361 4073 illud
382 4015 514 4073 studium
534 4016 632 4072 inesse
655 4017 873 4091 conspiciebat,
897 4025 931 4072 ut
952 4017 1141 4075 utilissimum
1163 4039 1214 4093 pa-

69 4113 148 4168 triae
172 4111 281 4180 civem,
309 4112 333 4166 si
359 4128 414 4185 per
439 4118 576 4185 tempora
600 4111 719 4181 liceret,
746 4120 955 4185 auguraretur.
992 4111 1092 4168 Huius
1113 4125 1213 4171 autem

71 4205 215 4263 utilitatis
240 4214 358 4279 partem
383 4206 413 4261 in
442 4223 542 4262 amore
570 4223 605 4261 ac
627 4205 778 4281 praesidio
800 4207 955 4262 literarum
980 4207 1216 4281 disciplinarum·

76 4320 136 4374 que
159 4302 340 4375 reponebat,
363 4302 393 4357 in
417 4302 526 4372 quibus
548 4301 682 4358 colendis
702 4301 767 4375 ipse
790 4309 998 4359 consenuerat.
