2916 5220
525 336 547 397 t.
565 338 572 397 Ι
591 339 617 398 B
632 338 655 398 h
669 339 697 400 a
743 339 787 400 11.

302 524 412 588 Scrinia
436 523 572 588 iubentes
595 536 624 589 et
647 527 787 589 Deorum

352 627 481 711 'l'emplu
506 650 582 692 uoco
605 630 754 693 decorare
776 651 863 693 sauro.

72 775 157 821 tuitus
174 776 183 821 i
199 780 224 822 et
240 776 354 837 producit
370 784 395 824 et
411 778 517 841 corripit
548 779 622 828 Iuve-
665 780 718 828 Nec
735 781 824 829 melius
840 780 985 827 habitabant
997 780 1085 828 caeteri
1098 780 1213 830 Romani.

71 851 125 899 nal.
144 852 220 901 XIII.
237 855 294 902 225.
328 853 423 904 Contra
439 856 528 904 Horat.
538 857 573 905 II.
585 858 622 906 15.
664 858 743 922 quue
752 859 873 908 faciebant
889 873 938 907 non
955 859 1069 917 consilio,
1087 875 1137 908 non
1148 861 1213 924 lege,

72 930 124 977 llic
141 932 221 992 enim,
240 933 286 980 nisi
304 935 314 980 i
330 933 403 981 litera
420 934 496 997 longa
513 937 555 996 sit,
574 951 623 984 non
664 952 715 986 non
731 940 859 1002 exemplo,
877 940 919 988 sed
936 940 1086 987 necessitate.
1121 937 1213 987 Omnes

72 1016 125 1056 stat
136 1011 245 1059 versus.''
271 1011 447 1060 Broakhusius
464 1014 495 1060 ad
508 1014 575 1062 hunc
588 1015 623 1063 lo·
665 1025 735 1065 erant
751 1033 879 1081 pauperes.
913 1019 948 1067 Et
965 1018 985 1065 si
1003 1019 1050 1066 hae
1067 1018 1135 1079 leges
1152 1017 1212 1066 refe·

71 1102 133 1134 cum
154 1088 240 1137 citarit
262 1091 372 1138 virorum
393 1093 522 1141 doctorum
543 1109 572 1142 ea
593 1096 624 1143 de
665 1096 756 1145 rendae
772 1097 822 1145 sint
839 1097 871 1144 ad
892 1102 997 1145 aetatem
1018 1095 1132 1153 Romuli,
1154 1111 1212 1159 quo-

72 1181 100 1214 re
119 1167 307 1229 disputationes,
324 1169 426 1218 Douzae
443 1171 555 1222 Praecid.
573 1173 622 1223 Pe·
664 1175 737 1222 modo
754 1175 818 1223 illud
829 1175 948 1237 explices,
959 1175 1023 1237 quod
1035 1175 1135 1222 eaodem
1147 1174 1213 1235 leges

72 1253 139 1293 tron.
152 1246 187 1294 Π.
200 1247 237 1295 16,
270 1248 492 1300 Barthii-Advers.
511 1253 586 1302 XVI.
603 1255 623 1302 l.
664 1253 779 1300 iusserint
795 1253 885 1316 oppida
906 1261 931 1302 et
951 1255 1044 1318 templa
1065 1269 1128 1303 noro
1153 1268 1214 1303 saxo

72 1324 193 1372 Becman.
211 1326 321 1389 Apolog.
337 1343 394 1391 pag.
415 1331 469 1379 182.
503 1332 576 1380 Voss.
594 1333 625 1381 de
665 1330 794 1379 decorare?
832 1332 940 1380 Romani
960 1348 1011 1381 non
1032 1333 1156 1381 habebant
1172 1348 1213 1396 op·

72 1405 141 1450 Arte
163 1403 276 1453 Gramm.
296 1421 353 1468 pag.
375 1408 432 1458 297.
466 1409 541 1458 Adde
561 1413 624 1459 Bur·
664 1409 734 1472 pida,
748 1425 812 1473 qnae
823 1411 1089 1475 decorarent,praeter
1099 1411 1212 1460 Romam.

73 1497 159 1530 mann.
181 1483 212 1529 ad
234 1482 344 1532 Phaedri
366 1485 401 1534 II.
427 1487 488 1535 Fab.
511 1489 534 1536 4.
568 1488 623 1536 Iam
665 1488 772 1552 Templa
803 1497 885 1538 autem
911 1506 960 1540 non
985 1492 1065 1554 magis
1093 1490 1212 1538 ornaban-

73 1576 135 1610 vero
161 1568 221 1625 quot
246 1563 327 1612 verbis
353 1572 377 1613 et
398 1566 541 1630 ambagibus
564 1583 625 1631 opus
666 1574 718 1624 tur,
744 1583 820 1630 quam
846 1570 916 1618 aedes
941 1572 1057 1633 privatae.
1097 1567 1170 1618 ovis.
1192 1569 1212 1617 I.

72 1649 125 1698 est,
142 1650 171 1690 ut
189 1644 288 1692 tandem
307 1645 477 1709 intelligamus
494 1648 562 1696 hunc
573 1664 625 1697 ver·
664 1649 733 1696 Fast.
750 1648 806 1696 201.
842 1651 945 1711 Iupiter
963 1655 1070 1713 aupusta
1090 1652 1134 1698 vic
1147 1656 1214 1698 totus

72 1734 139 1768 sum.
167 1721 316 1783 Exponunt:
335 1725 624 1786 Lepesiubebuntctouri·
665 1730 751 1776 stabat
777 1729 804 1775 iu
826 1730 897 1785 (teda
928 1731 1011 1791 Inque
1032 1731 1102 1776 Ioues
1123 1731 1214 1776 deutra

73 1803 122 1848 bus
141 1794 300 1849 exstruendis
322 1803 436 1850 adbiberi
452 1806 555 1865 cespites
572 1807 624 1853 ubi·
657 1807 742 1867 fictile
751 1806 854 1868 fulmen
878 1813 942 1855 erat.
977 1806 1090 1870 Propert.
1117 1806 1164 1854 IV.
1193 1809 1213 1855 l.

72 1893 123 1940 que
138 1881 226 1927 obustae.
250 1879 308 1940 Sed,
323 1880 423 1928 obsecro
437 1896 488 1938 vos,
500 1897 623 1944 quaenam
668 1886 802 1934 Fictilibus
831 1901 928 1935 creuere
959 1889 1022 1936 Deis
1052 1890 1111 1936 baec
1136 1903 1214 1936 aaran

72 1958 154 2019 leges,
171 1957 243 2006 cuius
261 1958 363 2006 aetatis?
397 1959 519 2008 Veterum
536 1968 560 2010 et
576 1962 623 2013 Ca·
666 1966 766 2026 templa.
784 1965 844 2013 Vid.
862 1966 1000 2014 Burmann.
1010 1973 1034 2014 et
1048 1966 1129 2014 multa
1146 1964 1212 2027 frag-

72 2036 152 2094 tonis,
166 2050 215 2085 non
228 2036 326 2084 dixeris.
353 2036 440 2099 Itaque
454 2047 564 2102 superest
575 2042 623 2090 Ro·
666 2049 749 2091 menta
770 2057 801 2091 ex
823 2043 886 2091 libro
907 2045 1029 2092 Varronis
1047 2045 1076 2092 dc
1098 2047 1158 2093 Vita
1173 2062 1214 2106 po·

72 2114 167 2162 mulus.
190 2113 239 2164 Sed
256 2116 306 2178 ipse
319 2115 442 2164 Romulus
458 2119 584 2167 habitabat
597 2121 622 2168 in
663 2124 721 2184 puli
744 2125 864 2183 listriana,
891 2125 956 2186 apud
980 2123 1090 2171 Plinium
1114 2131 1138 2170 et
1160 2125 1213 2171 An-

71 2208 133 2241 casa
157 2194 187 2242 de
213 2195 332 2243 stramine
352 2202 377 2244 ct
397 2197 529 2259 cespitibus
551 2197 622 2248 facta.
666 2201 794 2262 gustinum
812 2202 841 2249 dc
859 2201 965 2252 Civitatc
982 2204 1037 2251 Dei.

564 2303 721 2326 -ΟΘΟ-

458 2409 483 2474 O
496 2408 527 2471 A
541 2409 570 2471 R
583 2408 618 2471 M
633 2408 660 2470 Ε
673 2408 706 2470 N
752 2408 841 2471 XVI.

253 2512 376 2592 Otium
400 2525 502 2589 Divos
526 2529 620 2608 rogat
644 2524 678 2587 in
702 2522 830 2608 patenti

209 2650 213 2656 ·
253 2631 396 2694 Prensus
420 2628 568 2712 Aegaeo,
594 2627 694 2691 simul
718 2631 789 2690 atra
811 2626 914 2690 nubes

228 2774 379 2825 CARMEN
398 2772 472 2823 XVI·
662 2746 748 2793 otiuur.
783 2746 852 2793 Nam
871 2746 921 2810 Dei
944 2758 992 2791 riou
1015 2741 1090 2797 daut,
1109 2745 1153 2790 sed
1168 2745 1215 2790 sibi

662 2825 764 2886 quiaque
792 2829 878 2886 parat.
913 2823 971 2870 Nou
993 2826 1077 2870 taurea
1099 2823 1215 2882 potentia

115 2873 179 2955 Iam
202 2903 309 2952 Homine
336 2903 485 2960 declaravit,
519 2917 544 2950 se
573 2916 622 2949 non

73 2987 223 3048 perspicere,
248 2982 371 3046 quomodo
393 2981 527 3029 sententiae
548 2980 622 3028 huius

73 3064 193 3113 carminis
201 3069 281 3112 essent
289 3075 421 3111 connexae.
434 3059 622 3109 PostHomium

73 3145 221 3207 interpretes
238 3141 330 3189 frustra
340 3139 421 3187 conati
433 3146 492 3186 sunt
501 3137 566 3185 illud
578 3153 621 3186 ex·

73 3223 175 3285 plicare.
208 3219 417 3269 Mitscherlichius
434 3234 459 3264 v.
476 3231 497 3264 c.
514 3230 564 3264 non
580 3215 624 3264 ille

73 3299 163 3349 infelix
180 3300 205 3346 in
223 3299 270 3346 hoc
282 3312 384 3362 genere,
400 3303 531 3360 postquam
548 3310 623 3358 argu-

74 3386 189 3428 mentum
207 3378 269 3427 bene
282 3377 406 3440 exposuit,
423 3377 450 3424 in
466 3375 624 3422 annotatione

74 3459 107 3506 ad
132 3457 244 3520 singulos
268 3469 366 3512 versus,
394 3468 436 3511 ea,
462 3467 525 3516 quae
550 3452 624 3511 dixit,

74 3537 141 3585 tueri
157 3549 208 3584 non
224 3540 316 3598 potest,
337 3541 362 3582 et
378 3532 511 3581 Horatium
529 3532 625 3594 culpat,

75 3615 143 3678 quod
171 3614 297 3663 notionem
326 3615 372 3661 otii
397 3625 487 3674 parum
512 3617 626 3660 accurate

74 3688 626 3755 eonstiurit,prImumdevitaseeura,deinde

74 3774 106 3820 dc
123 3772 203 3820 animi
220 3771 409 3833 tranquillitate
421 3769 548 3831 accipiens.
570 3768 626 3831 Ego

14 3884 18 3891 .
75 3849 171 3897 dudum
196 3849 333 3912 suspicatus
354 3862 411 3895 snm
431 3846 561 3895 librariam
582 3847 626 3895 ali·

75 3942 150 3991 quem
170 3928 197 3975 in
214 3926 271 3976 MS.
293 3940 348 3983 suo,
366 3926 432 3974 unde
452 3932 536 3973 nostra
552 3927 626 3990 origi·

75 4021 134 4055 nem
160 4006 401 4066 ducuntpquatuor
426 4017 509 4051 versus
530 4005 624 4067 impru-

75 4087 176 4134 dentem
192 4083 315 4139 omisisse,
332 4088 387 4145 post
404 4097 514 4131 versum:
538 4084 626 4131 Otium

75 4165 151 4212 Medi
161 4165 286 4225 pharetra
301 4163 389 4210 decori.
410 4161 445 4209 Hi
454 4161 556 4210 suerunt
566 4162 625 4225 Sap·

74 4243 175 4306 phicus,
196 4241 311 4290 Adonins
327 4247 353 4289 et
369 4241 418 4288 duo
436 4241 563 4304 Sapphiei,
580 4243 626 4290 hae

76 4320 127 4369 fere
148 4321 286 4369 sententia:
315 4321 365 4369 Sed
384 4321 498 4368 mutiunt
514 4323 577 4383 quid
592 4323 627 4369 sit

663 2918 706 2951 nec
723 2904 823 2951 diuitiis.
850 2903 890 2950 Ita
902 2902 1003 2949 demum
1014 2900 1119 2947 eximius
1131 2913 1214 2948 rerum

662 2981 723 3028 ordo
744 2981 873 3040 elucescit,
901 2987 925 3028 et
946 2979 1029 3027 omnia
1050 2978 1150 3041 egregie
1173 2992 1212 3025 co·

664 3059 774 3108 haerent.
804 3060 878 3108 Hanc
889 3059 1028 3122 opinionem
1040 3056 1144 3106 mirifice
1155 3071 1213 3104 con-
1270 3113 1272 3118 Ι

664 3139 748 3187 firmat
757 3138 852 3190 Comm.
863 3138 940 3199 Cruq.
962 3138 1084 3185 “Iudicat
1096 3139 1142 3184 bac
1154 3137 1214 3192 Ode,

662 3220 741 3267 otium
752 3220 845 3267 centini
855 3233 904 3266 aare
920 3231 971 3266 esse
983 3221 1085 3278 pratum
1102 3220 1126 3262 et
1141 3220 1212 3276 opta-

665 3299 724 3354 bile,
742 3299 905 3360 asseritquea
919 3295 1129 3345 Diisidbomines
1137 3296 1214 3342 stulte

661 3377 777 3436 precari,
795 3391 851 3424 cum
861 3377 909 3424 sibi
919 3377 947 3423 id
955 3379 1088 3437 praestare
1097 3379 1212 3433 possunt,

664 3456 687 3503 si
703 3456 884 3518 cupiditatibus
896 3455 983 3503 modus
992 3458 1118 3516 ponatur,
1135 3453 1213 3500 nullia

663 3539 795 3597 praeterea
820 3534 916 3583 diuitiis
941 3539 988 3582 aut
1012 3533 1099 3594 opibus
1121 3535 1214 3595 parari

663 3612 755 3674 posse.''
789 3611 844 3660 Hoc
862 3611 978 3661 Scholion
997 3626 1048 3660 non
1064 3626 1117 3661 esse
1133 3612 1214 3674 potuit

666 3690 784 3751 hominis,
806 3693 850 3754 qui
870 3706 920 3740 non
936 3691 1020 3754 plures
1037 3705 1122 3739 versus
1140 3690 1213 3752 legit,

665 3784 740 3832 quam
749 3784 816 3818 nunc
823 3771 936 3833 legimus.
954 3770 1022 3818 lllud
1032 3778 1125 3818 autem:
1135 3771 1214 3817 otium

664 3850 712 3897 sibi
729 3850 831 3911 quisque
847 3851 900 3909 dut,
912 3855 949 3897 est
958 3848 1095 3910 elegantiae
1106 3846 1214 3909 poeticae

665 3926 882 3990 etphilosophicae.
895 3927 1018 3976 Senecain
1024 3933 1083 3974 noto
1088 3925 1214 3988 Thyestae

665 4007 751 4055 choro:
773 4008 881 4054 Nescitis
890 4007 975 4068 cupidi
986 4007 1091 4062 areium,
1098 4006 1213 4066 Repetunt

666 4100 715 4146 quo
735 4086 818 4134 iaceat
839 4086 896 4133 ioco.
931 4085 990 4133 Rex
1010 4089 1048 4132 est
1064 4084 1108 4146 qui
1124 4083 1213 4130 metuit

665 4164 743 4222 nibil,
769 4164 827 4211 Rea
843 4168 881 4210 est
897 4163 941 4225 qui
957 4163 1040 4223 cupiet
1057 4163 1129 4210 nibil.
1157 4163 1213 4210 Hoc

666 4256 769 4303 aequum
785 4241 834 4289 sibi
849 4243 952 4304 quisque
968 4242 1020 4288 dut.

700 4321 735 4367 In
745 4320 847 4381 patenti
865 4322 976 4368 Praesus
986 4320 1088 4382 Aepueo.
1105 4318 1204 4366 Franek

1038 4403 1075 4462 11
