2916 5220
587 317 904 380 cantilauit

355 507 501 589 Lorigas,
527 530 545 567 o
568 503 713 567 utinam!
738 503 806 566 dua
828 503 931 584 boue,
955 502 1053 568 ferias

354 608 504 672 Praestos
528 606 726 690 Hesperiae,
751 605 891 670 dicimus
915 606 1044 691 integro

206 765 316 825 Lapsa,
329 778 343 810 o
355 765 468 809 utiabra!
480 763 534 809 darn
551 763 621 817 bone,
629 760 722 822 ferina.
763 756 892 819 βασιλεῖς,
909 759 940 807 de
955 775 1007 822 qua
1023 775 1050 808 re
1070 759 1207 822 spanhem.
1218 760 1311 810 delira

174 840 304 901 Quaedam
321 840 398 889 MSS.
417 856 469 889 rer.
494 840 617 897 Pessime,
635 846 664 886 ut
680 854 723 886 an·
764 846 788 885 et
805 839 901 887 Praost.
918 839 1043 887 Numism.
1060 854 1117 901 pag.
1137 839 1201 897 686,
1221 846 1248 886 et
1264 838 1310 888 Ob

174 921 269 969 notavit
284 920 465 968 Broulrhusiua.
499 918 722 967 Bentleiustamen
764 931 826 964 serv.
844 919 983 966 Miscellan.
1001 919 1032 967 T.
1049 918 1112 967 VH.
1128 933 1188 981 pag.
1205 919 1247 967 92
1268 920 1311 968 Est

173 1013 222 1047 non
245 994 453 1048 contemnendum
475 998 546 1054 dicit,
568 1005 593 1044 et
609 1011 661 1045 esse
679 1012 721 1058 ap·
763 997 830 1044 enim
847 997 1015 1060 interpretatio
1030 997 1161 1060 dignitatis
1177 997 1311 1056 Romanae,

172 1078 331 1140 pellationem
348 1077 535 1134 familiaritatis,
551 1079 623 1125 duria
639 1084 723 1124 autem

172 1172 262 1206 nomen
288 1159 410 1220 pertinere
436 1163 535 1204 tantum
564 1156 596 1203 ad
622 1156 723 1204 laudem

173 1236 294 1285 bellicam.
320 1237 392 1298 Quod
410 1236 441 1283 ad
457 1234 651 1283 familiaritatem
668 1235 723 1282 atti-

173 1323 228 1371 net,
256 1315 288 1362 ab
312 1329 342 1362 eo
364 1320 444 1363 totum
470 1327 570 1361 carmen
599 1313 722 1363 abhorret.

173 1395 346 1457 Appellabant
358 1394 465 1443 Romani
476 1408 502 1440 se
514 1393 618 1440 invicem
631 1393 656 1440 in
669 1395 723 1442 ioco

173 1481 198 1522 et
215 1474 339 1522 hilaritate
356 1478 467 1523 marinos
483 1479 508 1521 ct
519 1488 599 1535 repes,
615 1473 720 1522 Martia·

173 1554 204 1601 lis
222 1555 247 1602 in
266 1556 443 1616 epigrammate
460 1552 568 1615 quodam
586 1551 621 1598 sio
637 1567 721 1601 coeam

172 1647 247 1681 ειιιινι
264 1633 396 1681 salutabat.
423 1632 473 1681 Sed
490 1631 545 1678 vide
557 1631 616 1692 quid
629 1631 658 1678 de
667 1630 721 1679 Au·

174 1721 247 1776 gusto
272 1719 356 1762 narret
375 1712 508 1761 Suetonius
525 1712 564 1759 53.
592 1713 722 1773 Auprutue

172 1794 300 1840 danninum
334 1807 360 1839 ae
385 1791 510 1852 appellari
535 1805 565 1837 ue
595 1806 611 1836 a
636 1790 722 1838 liberie

172 1871 270 1930 paridem
293 1875 339 1916 out
366 1869 493 1928 nepotibus
509 1869 575 1925 suar,
598 1870 637 1915 rel
658 1870 722 1917 serio

171 1951 210 1996 rel
226 1951 289 2006 ioco,
304 1962 398 2009 panaria
414 1952 464 1994 eat:
488 1947 722 2007 atque-buiusmodr'

173 2029 313 2075 blanditiae
330 2029 406 2076 etium
423 2027 491 2073 inter
504 2026 572 2085 ipsos
582 2025 719 2086 prohibuit.

172 2107 203 2153 In
221 2106 360 2154 istiusmodi
377 2106 501 2154 blanditiis
517 2106 591 2154 etiam
610 2111 662 2152 erat
675 2121 721 2153 rex

172 2187 251 2247 iungis
276 2186 426 2234 invidiosum
452 2200 527 2249 quam
552 2186 679 2241 dorrainua,
700 2184 721 2231 si

172 2265 235 2312 serio
252 2267 409 2328 acciperetur.
436 2266 519 2327 Quam
533 2262 640 2311 invisum
658 2269 721 2310 esset

171 2359 261 2394 nomen
278 2347 344 2407 repta
360 2343 512 2407 temporibus
527 2342 620 2391 liberae
637 2342 718 2404 reipu-

172 2423 261 2479 blicae,
276 2429 372 2470 constat
388 2437 420 2470 ex
437 2423 504 2471 omni
515 2422 630 2469 Romana
646 2420 720 2468 histo-

172 2502 220 2559 ria,
244 2500 275 2548 ab
304 2503 386 2550 eiectis
410 2502 466 2549 inde
484 2499 633 2562 Tarquiniis
668 2500 719 2547 Ex-

171 2579 254 2641 empla
270 2579 385 2641 legantur
407 2579 537 2641 praecipue
561 2579 627 2640 apud
649 2578 718 2628 Cice·

171 2671 224 2702 ron.
250 2657 286 2704 II.
312 2656 379 2705 Phil.
406 2657 446 2704 34.
472 2656 577 2705 Florum
602 2658 651 2705 III.
681 2658 719 2706 16.

172 2736 263 2797 Polyb.
285 2737 318 2784 X.
341 2738 379 2784 40.
406 2736 538 2783 Plutarch.
562 2737 657 2784 Anton.
682 2738 719 2785 12.

172 2815 212 2875 qui
236 2816 329 2862 mirum
355 2815 425 2871 dicit,
447 2815 511 2876 quod
533 2814 640 2862 Romani
666 2820 720 2872 τοῖς

172 2892 252 2954 ἔργοις
277 2893 309 2939 τὰ
335 2896 387 2939 τῶν
405 2890 597 2952 βασιλευόντων
623 2892 719 2957 ὑπομέ-

173 2987 279 3031 νοντες,
310 2970 422 3034 τοῦνομα
448 2974 492 3019 τοῦ
517 2970 659 3033 βασιλέως,
686 2974 720 3030 ὡς

172 3045 313 3095 κατάλυσιν
341 3050 387 3105 τῆς
413 3047 568 3113 ἐλευθερίας,
605 3051 718 3115 ἔφευγον.

172 3127 257 3188 Atque
275 3126 321 3174 hoc
342 3126 377 3174 ita
396 3142 440 3190 per
457 3142 555 3176 omnem
572 3129 622 3178 fere
639 3129 720 3192 Impe-

172 3213 282 3254 ratorum
311 3213 417 3255 aetatem
444 3208 586 3269 permansit.
626 3210 720 3256 Narrat

173 3286 313 3335 Trebellius
330 3286 413 3335 Pollio
430 3289 456 3335 in
467 3287 530 3335 Vita
550 3288 652 3349 triginta
668 3289 719 3352 Ty·

170 3380 306 3413 rannorum
323 3380 376 3428 cap.
387 3368 410 3413 9.
425 3366 600 3428 Repillinnuru
610 3367 662 3415 ioco
675 3367 718 3412 rui·

172 3444 246 3490 litari
266 3446 301 3491 nd
320 3445 455 3506 imperium
476 3446 621 3506 pervenisse.
647 3447 719 3493 Deri-

171 3522 229 3567 ruri
254 3524 384 3570 audientes
412 3540 499 3572 nornen
529 3526 582 3571 eiua
607 3539 622 3571 α
652 3539 719 3585 repe,

172 3613 237 3645 unta
261 3601 371 3648 dicebat:
398 3603 466 3663 Ergo
487 3608 566 3663 potest
587 3617 633 3650 rex
654 3616 718 3662 esse,

172 3680 251 3726 ulter:
276 3693 337 3742 ergo
361 3687 440 3743 potest
466 3695 509 3728 nos
534 3696 632 3743 regere,
660 3684 719 3730 item

172 3760 254 3806 aliua:
277 3757 390 3808 Deus'ei
407 3763 473 3822 repis
489 3775 578 3808 nomen
595 3761 718 3822 imposuit.

172 3838 207 3885 Et
224 3844 318 3895 tamen,
337 3845 365 3886 ut
377 3839 458 3887 Pollio
469 3839 608 3900 subiungit:
622 3855 638 3885 a
647 3841 718 3900 prin-

172 3919 246 3978 cipiis
270 3921 398 3967 salutatus
423 3925 460 3968 eat
484 3922 630 3980 inaperntor.
659 3917 718 3966 Vid.

172 3996 317 4046 Markland.
339 3999 370 4045 ad
393 3999 465 4047 Statii
482 3999 530 4047 IV.
549 3997 610 4047 Silv.
635 4000 655 4046 l.
678 3999 717 4049 46.

172 4076 215 4137 qui
236 4077 378 4126 Bentleium
404 4079 458 4127 aliis
483 4078 603 4141 exemplis
620 4077 717 4127 refellit.

172 4155 260 4217 Neque
271 4156 328 4203 huie
340 4157 500 4219 disputationi
512 4163 643 4220 repugnat,
652 4160 717 4221 quod

170 4234 196 4279 in
217 4236 299 4283 numis
325 4236 425 4285 Graccis
451 4243 475 4285 et
500 4237 566 4299 apud
588 4237 716 4299 scriptores

171 4311 276 4361 Graecos
294 4314 401 4363 Romani
422 4315 539 4365 Caesares
558 4315 716 4378 appellantur

764 1077 804 1123 oui
821 1076 915 1125 Graece
931 1076 1069 1125 reddendae
1085 1075 1124 1124 illi
1142 1076 1265 1138 aptiorem
1276 1079 1310 1126 ia·

763 1154 879 1202 dicabant
896 1170 981 1203 rocem
998 1153 1127 1216 βασιλέως
1138 1171 1217 1218 quam
1234 1157 1309 1206 abro-

763 1235 893 1298 κράτορος.
923 1236 959 1284 Ut
979 1235 1088 1282 ldstorici
1107 1236 1218 1284 Romani
1242 1250 1311 1299 saepe

764 1313 922 1375 appellabant
939 1331 1034 1377 repam,
1052 1316 1108 1377 qui,
1120 1315 1245 1363 barbarae
1255 1315 1310 1362 ciri·

763 1392 808 1439 tati
824 1394 990 1456 praepositus,
1007 1410 1023 1441 a
1038 1394 1089 1440 suis
1103 1400 1191 1442 tamen
1201 1408 1252 1442 non
1267 1411 1310 1443 rea

763 1471 941 1533 appellabatur.
968 1474 1026 1522 Non
1037 1472 1202 1520 dissimulabo
1213 1474 1240 1521 in
1251 1473 1310 1521 Vita

762 1550 873 1609 Horatii,
890 1568 953 1615 qnae
975 1553 1092 1602 Suetonio
1117 1552 1250 1609 tribuitur,
1270 1568 1310 1601 ex-

761 1638 827 1679 stare
843 1632 973 1693 epistolam
995 1631 1107 1693 Augusti
1128 1632 1162 1679 ad
1184 1631 1310 1680 Maecena-

762 1716 824 1758 tem:
842 1711 913 1759 Ante
928 1713 982 1773 ipae
1000 1711 1158 1773 sufficiebam
1175 1712 1311 1759 scribendis

761 1790 875 1849 epistolis
891 1792 1039 1838 autunum.-
1058 1805 1126 1838 nune
1148 1791 1309 1852 occupatissi-

763 1882 818 1915 mus
835 1873 860 1915 et
876 1870 1005 1932 infirmus,
1030 1871 1171 1918 Horatium
1197 1876 1310 1918 nostrum

762 1951 786 1993 te
803 1948 876 2007 cupio
897 1950 1027 1997 ademere.
1066 1949 1155 1996 Veniet
1175 1949 1257 2010 quar
1280 1953 1309 1998 ab

761 2026 811 2072 iata
836 2027 979 2087 pnraat'tiea
1003 2040 1089 2074 irenaeo
1117 2028 1154 2074 nd
1182 2029 1249 2076 bunc
1274 2045 1309 2076 re·

761 2105 843 2165 pinna,
866 2111 891 2153 et
916 2119 960 2153 noa
983 2106 1011 2152 ta
1035 2105 1149 2165 epistolia
1174 2108 1310 2156 scribendis

760 2183 898 2231 adiuvabit.
932 2183 1079 2244 Rutgcrsius
1096 2182 1122 2229 in
1131 2184 1202 2232 Lect.
1214 2185 1308 2234 Venus.

760 2262 800 2310 30.
817 2262 878 2310 haec
895 2262 1043 2324 Augustum
1059 2262 1186 2325 scripsisse
1199 2278 1307 2314 nonore-

759 2341 809 2399 dit,
843 2349 944 2404 propter
968 2341 1046 2389 rerba
1078 2357 1180 2390 coenum
1215 2345 1308 2406 epioru:

761 2420 803 2468 alii
829 2422 886 2468 hinc
911 2418 1082 2477 confecerunt,
1107 2419 1236 2469 Romanos
1261 2437 1308 2470 non

761 2500 821 2548 adeo
838 2499 956 2560 refugisse
972 2513 1063 2546 nomen
1078 2501 1144 2560 repta
1165 2499 1213 2547 sub
1229 2500 1309 2564 Impe-

761 2580 890 2626 tatoribus.
920 2577 968 2626 Sed
985 2577 1088 2625 illinon
1106 2578 1249 2640 cogitarunt
1266 2579 1308 2627 dif-

760 2658 823 2706 ferre
840 2672 940 2707 coenum
957 2658 1052 2718 repieta
1069 2661 1094 2704 et
1115 2672 1219 2706 caeream
1235 2662 1307 2722 repis.

760 2739 827 2785 Nam
844 2751 920 2785 coena
941 2738 1020 2798 repta,
1042 2741 1071 2783 ut
1091 2738 1197 2797 repulia,
1218 2738 1309 2800 signifi·

761 2822 801 2862 cat
817 2817 891 2864 etium
909 2831 964 2878 repe
981 2817 1068 2876 diona,
1086 2817 1233 2876 splendido,
1251 2819 1308 2866 libe·

760 2897 831 2943 rnlia.
863 2894 941 2944 Cuius
962 2893 998 2940 rei
1019 2893 1120 2941 nullum
1141 2893 1225 2942 inveni
1242 2897 1308 2944 testi-

760 2974 884 3032 monium,
901 2975 966 3037 quod
983 2974 1032 3021 huc
1049 2974 1129 3037 magis
1140 2973 1308 3038 faciat,quam

761 3053 853 3101 dictum
878 3052 998 3115 Scipionis
1019 3053 1085 3115 apud
1106 3053 1198 3116 Polyb.
1217 3055 1250 3103 X.
1269 3057 1307 3104 40.

761 3133 893 3189 Βασιλικὸς
919 3133 979 3194 μὲν,
1009 3132 1069 3194 ἔφη,
1096 3131 1240 3193 βούλεσθαι
1267 3135 1307 3182 rai

760 3209 878 3274 λέγεσθαι
904 3211 975 3275 παρὰ
997 3213 1076 3271 πᾶσι,
1102 3211 1144 3257 καὶ
1169 3216 1227 3269 ταῖς
1244 3212 1307 3274 ἀλη-

758 3289 839 3345 θείαις
856 3289 986 3353 ὑπάρχειν.
1004 3289 1129 3350 βασιλεύς
1146 3306 1174 3353 γε
1190 3292 1244 3354 μὴν
1257 3292 1307 3342 οὔτ’

760 3367 952 3429 talusiacum,
976 3369 1032 3416 οὔτε
1048 3367 1166 3432 λέγεσθαι
1185 3369 1246 3434 παρ’
1264 3371 1306 3418 οὐ·

760 3444 817 3493 aaut.
853 3444 969 3495 Orosium
986 3446 1087 3508 quidem
1103 3446 1138 3494 V.
1152 3447 1194 3495 23.
1213 3450 1309 3511 Hispa·

760 3527 805 3571 niu
829 3527 932 3586 optimos
956 3541 1024 3587 repes
1048 3526 1203 3588 reipublicae
1227 3529 1307 3585 dedit,

759 3610 783 3650 ct
792 3603 919 3650 Donatum
933 3605 958 3651 in
971 3604 1175 3666 VitaVirgiliit.
1194 3608 1308 3669 deinceps

759 3697 807 3729 uon
825 3698 841 3730 a
855 3685 964 3744 pistore,
980 3685 1025 3732 aed
1040 3700 1056 3731 a
1072 3699 1128 3745 repe
1149 3687 1308 3745 maprtunt'mo

759 3764 824 3809 dona
839 3761 910 3822 feres
936 3763 1008 3825 (quae
1035 3762 1108 3810 rerba
1125 3765 1246 3824 Augusto
1262 3765 1305 3812 tri·

759 3839 822 3902 buit)
845 3841 917 3889 aliter
940 3843 1138 3904 interpretandos
1159 3842 1253 3901 indico,
1271 3851 1306 3899 ut,

760 3920 801 3967 ubi
816 3921 935 3969 Valerius
947 3921 1053 3968 Flaccus
1062 3921 1098 3969 II.
1114 3921 1171 3968 246.
1189 3929 1215 3969 et
1232 3922 1306 3972 Clau-

759 4000 847 4047 dianus
864 4000 895 4047 de
912 3999 984 4047 Mall.
995 4005 1018 4047 et
1027 3999 1121 4047 Theod.
1135 4000 1189 4047 169.
1204 4015 1306 4061 repnum

759 4079 895 4128 nominant.
914 4079 988 4127 Talia
1004 4079 1070 4126 enim
1088 4077 1162 4126 valde
1187 4077 1306 4126 differunt

759 4158 789 4206 ab
814 4159 974 4208 allocutione:
1002 4158 1060 4205 Rex
1085 4158 1153 4203 bone.
1190 4155 1305 4218 Denique

757 4240 810 4286 dite
827 4239 961 4301 Augustus
973 4242 998 4285 et
1009 4235 1051 4283 alii
1059 4235 1219 4296 imperatores
1230 4234 1304 4283 etiam

756 4316 782 4363 in
799 4317 881 4365 media
897 4330 956 4379 pace
973 4316 1130 4374 dicebantur,
1156 4314 1228 4362 nulla
1245 4314 1304 4363 belli
