2916 5220
157 315 222 375 214
563 312 881 376 CARMINUM

335 496 503 560 Damnosa
526 496 605 580 quid
629 518 695 559 non
720 495 890 560 imminuit
912 495 998 560 diesi

335 601 436 664 Aetas
459 606 649 684 parentum,
674 599 765 684 peior
788 599 878 682 avis,
910 600 989 664 tulit

380 703 448 768 Nos
474 703 663 789 nequiores,
687 725 766 767 mox
789 703 923 768 daturos

426 807 620 892 Progeniem
645 806 856 872 vitiosiorem.

156 996 277 1058 quaedam
288 996 498 1061 ostendent,quid
507 996 590 1046 velim.
609 997 704 1047 Seneca
745 1004 857 1047 mutaret
874 1001 976 1048 andrae
997 1001 1105 1049 abeunte
1124 1014 1213 1048 curru.
1240 1000 1297 1062 Ego

156 1076 235 1138 Epist.
249 1076 289 1124 36.
308 1078 400 1124 Aestas
417 1077 533 1137 adituri
548 1078 614 1126 aiter
630 1078 703 1125 iliam
744 1078 780 1126 ita
790 1078 924 1141 explicem:
941 1077 979 1126 sol
991 1091 1080 1140 agens,
1097 1091 1184 1126 secum
1197 1080 1224 1126 in
1242 1093 1296 1127 cur-

156 1169 238 1202 anaas
254 1156 370 1204 adduxit.
388 1156 484 1204 Eadem
501 1161 538 1204 est
551 1155 615 1204 ratio
631 1157 702 1205 inae·
745 1171 776 1204 ru
793 1157 917 1205 abducens
941 1158 1051 1205 emaum
1079 1162 1191 1218 tempus,
1222 1157 1248 1206 h.
1275 1173 1296 1207 e.

157 1234 221 1282 bere.
238 1233 326 1282 Horat.
336 1235 387 1282 ΠΙ.
396 1234 480 1285 earm.
489 1235 536 1283 29:
549 1235 703 1298 Iupiternon
745 1237 824 1295 diem,
852 1238 901 1296 τὴν
923 1235 1028 1300 ἡμέραν.
1061 1236 1128 1285 Nam
1154 1241 1180 1284 et
1205 1236 1297 1286 Graeci

155 1312 273 1362 infectum
290 1315 377 1363 reddet
391 1341 423 1350 —
449 1318 498 1364 uad
509 1315 614 1378 sapiens
630 1319 704 1365 seriel
745 1316 872 1381 τὴνῶραν
887 1314 993 1380 ἡμέραν,
1008 1315 1130 1371 annuam,
1148 1316 1237 1364 mitem
1253 1318 1295 1365 ha·

157 1395 219 1442 bara
236 1395 311 1442 arsit.
339 1393 388 1444 Ubi
406 1394 447 1442 vel
464 1394 516 1442 sine
526 1394 633 1457 faciens
649 1410 703 1443 sen·
744 1410 813 1455 ram,
839 1411 883 1446 seu
899 1402 1012 1458 tempus,
1037 1393 1199 1457 appellarunt
1215 1394 1296 1452 diem,

157 1475 235 1522 tentia
252 1473 345 1522 indicat
361 1476 453 1524 areat.
480 1473 575 1524 Contra
592 1473 665 1524 Ovid.
682 1475 703 1524 Ι,
744 1474 885 1536 oppositum
906 1470 1009 1520 tristiori
1034 1472 1102 1520 nocti
1123 1477 1149 1521 et
1177 1472 1295 1521 tenebris.

157 1553 247 1601 Amor.
271 1555 307 1602 13.
329 1554 353 1601 2.
393 1556 453 1601 Iam
475 1569 552 1615 sirper
576 1555 704 1603 Oceanum
744 1553 822 1615 Apud
839 1551 960 1600 Priscian.
978 1565 1036 1614 pag.
1053 1551 1110 1602 774.
1136 1551 1234 1613 legitur
1252 1553 1296 1599 ab·

156 1635 225 1680 venit
238 1649 255 1680 a
270 1634 475 1692 sacuremarito,
493 1635 704 1695 Fianapruiaosa
744 1637 818 1680 eunte
834 1637 911 1680 nocte.
944 1630 1088 1679 Bondamus
1115 1630 1249 1678 annotavit
1271 1630 1296 1676 in

156 1712 430 1773 quaeretitarediem.
450 1711 544 1761 Seneca
554 1711 629 1760 Here.
647 1710 702 1761 Oet.
745 1709 918 1774 antiquissimis
940 1707 1063 1756 Prisciani
1083 1707 1234 1757 editionibus
1256 1707 1294 1754 in·

158 1790 214 1838 488.
235 1792 291 1838 Noa
301 1793 430 1851 iusseras,
447 1806 503 1840 erim
513 1791 603 1854 ferens
623 1793 702 1840 Titan
744 1789 824 1839 veniri
839 1791 965 1838 subeunte.

156 1869 209 1916 dies
230 1871 337 1916 Lassae:
362 1871 463 1917 rubenti
493 1871 582 1931 meras
606 1871 704 1920 Oceano
778 1869 909 1916 Damnata
924 1866 988 1929 qaid
1006 1880 1057 1914 aaa
1075 1865 1208 1914 imminuit
1226 1866 1295 1913 dics!

157 1952 240 1995 ratam
258 1973 289 1983 -
307 1947 369 1997 soles
386 1947 454 1996 locus
477 1950 572 2011 accipit.
599 1949 650 1998 Ubi
660 1949 702 2011 fe·
744 1949 838 2006 Locus,
866 1953 966 2011 propter
991 1945 1163 1995 admirabilem
1190 1945 1243 1992 vim
1269 1944 1295 1991 in

157 2040 213 2074 reru
222 2034 260 2075 est
272 2027 337 2091 quod
348 2027 388 2075 hic
399 2027 466 2089 apud
476 2027 609 2075 Horatium
619 2044 701 2089 aperis,
744 2034 814 2076 tanta
822 2025 1042 2085 brevitatemerito
1049 2025 1168 2073 laudatus
1177 2039 1193 2072 a
1200 2023 1294 2072 Black·

157 2106 172 2152 i.
190 2119 211 2153 e.
229 2104 350 2154 auferens.
368 2106 389 2153 I.
402 2104 494 2155 Caesar
506 2105 618 2168 Scaliger
630 2107 700 2155 Poet.
743 2106 818 2154 wallo
836 2106 866 2154 de
883 2103 1043 2153 Praestantia
1059 2103 1205 2152 Auctorum
1222 2100 1294 2151 Clas·

156 2200 180 2247 p.
191 2183 248 2234 754.
260 2182 416 2246 reprehendit
430 2198 529 2232 versum
540 2185 701 2233 Fracastorii:
743 2185 856 2234 sicarum.
881 2185 1003 2233 Burman.
1031 2183 1058 2230 in
1080 2181 1189 2231 Anthol.
1207 2179 1292 2230 Latin

157 2264 203 2311 lux
217 2265 285 2310 alma
293 2262 343 2309 diei
362 2263 488 2319 Cesserat,
504 2265 626 2312 atraciis
643 2266 702 2312 tris·
743 2263 803 2314 Vol.
820 2264 841 2312 1.
858 2278 915 2327 pag.
934 2263 990 2312 457.
1000 2260 1098 2323 putavit
1109 2261 1173 2309 haec
1181 2274 1227 2309 suo
1235 2275 1293 2324 poe

156 2347 193 2390 tes
208 2343 352 2390 adduxerat
368 2343 479 2389 umbras:
500 2344 589 2390 “nemo
606 2342 672 2391 dicat
688 2357 703 2390 a
743 2350 784 2392 tae
800 2349 857 2392 ante
867 2341 953 2391 oculos
970 2338 1046 2389 fnisse
1057 2339 1187 2388 scribenti:
1202 2339 1294 2403 desua·

157 2422 197 2471 dic
213 2421 342 2470 recedente
358 2423 451 2470 adduci
464 2427 574 2477 noctem,
594 2422 637 2469 sed
649 2421 702 2470 eius
743 2423 792 2471 ctis
807 2423 926 2485 patritus
936 2421 1057 2469 mcessit
1066 2433 1149 2482 praua
1163 2421 1294 2478 iuventas,

156 2500 295 2550 decessione
310 2502 395 2549 subire
419 2501 540 2550 noctem.”
574 2501 629 2549 Hoc
645 2515 703 2549 vere
747 2501 862 2558 Quorum
890 2499 1000 2549 canaitis
1027 2498 1203 2560 praeapttata
1227 2500 1294 2546 ruis.

157 2577 282 2642 Scaliger,
298 2580 429 2627 immemor
449 2579 560 2636 Horatii,
581 2580 622 2628 vel
644 2595 701 2628 eum
743 2580 825 2642 Magis
842 2583 928 2642 aperta
944 2583 981 2626 est
996 2577 1102 2626 imitatio
1119 2576 1182 2625 Divi
1199 2577 1294 2626 Hilarii

156 2657 229 2705 aliter
246 2657 371 2720 accipiens.
397 2657 474 2706 Recte
490 2657 530 2705 hic
546 2672 645 2721 qaoque
662 2658 702 2708 Si·
743 2658 769 2705 in
786 2658 906 2708 Genesin:
925 2658 1050 2706 Nascitur
1063 2657 1120 2705 binc
1135 2658 1221 2718 proies
1235 2671 1292 2718 pec-

155 2735 206 2784 lius
223 2735 257 2784 X.
274 2736 332 2786 376.
356 2751 434 2798 quarn
454 2737 545 2797 quista
566 2737 631 2784 diem
652 2752 702 2785 aas
742 2741 802 2788 eati.
839 2739 974 2788 Germinat
994 2738 1051 2787 iada
1073 2739 1194 2788 Deterior
1211 2739 1294 2786 multa

156 2817 213 2864 orbe
229 2813 427 2869 tutaretminus
441 2813 700 2877 vs.538.fupieasque
741 2819 843 2876 soboles,
862 2819 980 2880 peioraue
997 2817 1083 2879 priori
1100 2817 1240 2878 Propertius
1256 2830 1294 2864 se·

153 2895 212 2956 pola
232 2893 340 2940 Titania
356 2907 451 2940 caecam
480 2894 572 2941 Orbita
588 2894 702 2954 aiaraati
741 2898 838 2958 quitur,
854 2897 974 2958 madibus
990 2897 1026 2943 ad
1040 2895 1151 2943 crimina
1172 2908 1293 2944 crucam

157 2972 241 3019 traait
257 2971 364 3033 calipius
379 2977 481 3020 mrtem.
506 2970 538 3017 In
553 2971 700 3034 quoestali-
742 2973 836 3024 (litavit
851 2975 927 3024 etiam
947 2974 1108 3023 Hildebertus
1117 2972 1291 3021 PhileaMor.

156 3050 214 3112 quid
231 3049 359 3106 contrarii,
380 3055 408 3097 ut
429 3049 454 3097 in
475 3049 633 3109 Horatianis,
654 3053 702 3100 nisi
740 3069 766 3116 p.
778 3055 835 3103 982.
848 3052 1292 3103 Inaitaaastracaatiauumcstde-

155 3129 354 3193 interpretemur,
371 3135 467 3192 utputo
478 3130 699 3194 interpretandum.
742 3134 896 3182 trimestrem.
917 3133 992 3191 Quod
1007 3133 1069 3180 alibi
1080 3132 1146 3179 idem
1162 3136 1293 3179 monstrat

156 3209 217 3258 Ideo
241 3209 385 3273 interpretes
417 3211 565 3259 iunxerunt:
591 3213 635 3259 ati
663 3214 701 3261 sal
739 3211 930 3276 pa'c'ta‚diceas:
947 3209 1292 3274 Damnosequidnomcaet.

640 3356 804 3380 -ΟΟΦ-

548 3473 796 3539 OARMEN
841 3475 915 3539 VII.

334 3598 525 3696 Quintia,
550 3614 696 3697 Asterie,
722 3637 819 3700 quem
843 3615 904 3680 tibi
927 3616 1057 3680 candidi

334 3717 445 3781 Primo
468 3717 644 3783 restituent
665 3741 739 3784 vere
763 3719 920 3802 Favonii,

379 3822 492 3905 Thyna
514 3844 620 3887 merce
642 3823 794 3906 beatum,

469 3923 660 3991 Constantis
685 3925 836 3990 iuvenem
860 3926 940 4008 fide,

311 4095 463 4145 CARMEN
481 4096 542 4146 VH,
741 4067 861 4117 recentior
894 4068 993 4116 literam
1026 4073 1175 4130 postremam
1208 4070 1291 4117 erasit.

742 4144 838 4195 Comm.
856 4145 932 4208 Cruq.
954 4147 1025 4204 Quid
1033 4146 1084 4208 fles
1103 4147 1215 4196 iuvenem
1233 4164 1291 4196 con-

193 4192 480 4279 Constantianorum
494 4227 556 4288 fide.
591 4225 622 4273 In
643 4223 699 4274 MS.
740 4227 836 4274 stantis
853 4225 926 4288 fidei.
969 4224 1004 4273 Hi
1029 4239 1099 4273 mox:
1128 4225 1292 4286 Constantis,

156 4304 262 4353 Franek.
285 4304 358 4353 ctiam
381 4304 427 4351 suit
440 4305 518 4365 fidei,
544 4304 587 4353 sed
611 4318 701 4352 manus
734 4305 845 4367 firmae,
870 4304 945 4353 acori
955 4303 1035 4366 fidcrn
1067 4305 1197 4353 sanaretis.
1228 4304 1291 4352 Vid.
