2916 5220
535 310 710 373 LIBER
755 311 812 373 IV.

286 496 366 581 Spes
390 495 509 559 donare
533 517 633 560 novas
658 496 768 580 largus
793 517 966 581 amaraque

373 597 533 663 Ourarum
557 598 664 663 eluere
685 598 807 663 efficax.

281 701 336 764 Ad
358 722 440 785 quae
466 700 495 764 si
521 723 674 786 properes
697 701 839 786 gaudia,
867 723 942 767 curn
972 709 1029 766 tua

282 803 387 868 Velox
414 825 519 868 merce
545 804 638 868 veni:
671 827 737 868 non
761 827 822 889 ego
849 810 882 869 te
913 805 995 869 meis

280 906 467 971 Immunem
493 908 633 973 meditor
655 908 805 994 tinguere
828 909 975 994 poculis,

369 1009 473 1074 Plena
500 1009 591 1074 dives
616 1010 715 1074 utin
743 1012 849 1076 domo.

280 1112 402 1177 Verum
428 1134 513 1197 pone
536 1135 643 1180 moras
673 1120 706 1179 et
734 1115 881 1180 studium
900 1115 1002 1198 lucri,

279 1214 521 1300 Nigrorumque
548 1238 689 1299 memor,
721 1217 801 1282 dum
821 1218 898 1283 licet
910 1266 919 1300 ,
948 1218 1093 1302 ignium,

278 1318 381 1383 Misce
407 1319 585 1384 stultitiam
609 1320 755 1386 consiliis
784 1321 934 1386 brevem:

366 1422 470 1487 Dulce
494 1427 547 1486 esi
571 1423 717 1508 desipere
744 1423 779 1488 in
802 1424 882 1489 locc.

131 1533 172 1582 Aa
186 1550 250 1596 quoa
265 1537 288 1583 ri
296 1550 419 1597 properas
429 1537 530 1598 quadiu.
547 1535 643 1584 Locum
686 1550 757 1595 nem,
773 1543 928 1585 mercaturae
944 1537 1067 1595 deditum,
1085 1537 1136 1586 sive
1152 1537 1230 1585 elium

98 1618 156 1660 ante
171 1614 254 1661 oeulos
272 1613 358 1662 hebuit
371 1613 500 1663 Ausonius
517 1616 594 1678 Epist.
608 1616 642 1665 X.
684 1615 822 1678 Virgilium
838 1623 1006 1665 mercatorem.
1034 1616 1135 1663 locatur
1150 1614 1230 1663 Hore-

96 1692 136 1739 35.
163 1694 206 1739 Ad
221 1708 285 1754 quae
307 1695 331 1741 ar‘
348 1708 482 1755 properus,
508 1700 563 1743 totu
586 1711 643 1744 eum
683 1693 739 1741 tius.
758 1695 871 1743 “Vinum
887 1695 1019 1744 mereberis
1036 1696 1123 1744 nardo:
1141 1694 1230 1742 immu-

97 1776 293 1818 mercetuurum
308 1774 371 1820 Veni
385 1772 554 1822 Camenarum
570 1775 641 1822 citur.
685 1773 721 1820 nis
739 1773 805 1834 apud
829 1788 940 1822 menon
961 1775 1016 1823 eris.
1050 1775 1162 1822 Lucrum
1180 1788 1230 1821 non

129 1850 244 1898 Meditor
265 1851 378 1912 linquere
394 1854 498 1913 peculia
527 1852 642 1914 Hedylus
683 1852 768 1909 facies,
792 1867 839 1915 ego
863 1853 899 1900 itu
919 1854 1040 1901 damnum
1063 1867 1147 1902 meum
1168 1853 1229 1900 cavi.

96 1926 121 1974 in
146 1927 374 1990 Epigrammetibus
396 1931 462 1992 apud
479 1930 573 1979 Athen.
592 1931 641 1979 XI.
684 1932 722 1980 Ne
738 1945 835 1979 morare
851 1931 936 1993 igitur,
961 1931 1115 1987 deliberans,
1142 1937 1229 1978 utrum

96 2007 135 2055 45.
161 2005 242 2054 Ἀλλὰ
258 2006 343 2065 κάδοις
362 2008 424 2056 Χίου
443 2026 472 2072 με
489 2008 640 2073 καταβρὲχε.
683 2016 727 2057 tua
751 2010 846 2057 nardus
871 2009 951 2071 pluris
975 2011 1018 2068 sit,
1043 2023 1120 2072 quam
1144 2023 1229 2057 meum

128 2085 168 2132 Et
191 2087 304 2134 studium
328 2088 402 2136 lueri.
439 2088 482 2135 Ex
506 2088 551 2136 illc
576 2087 640 2135 lucri
683 2089 793 2138 vinum.''
818 2088 861 2136 Ex
876 2088 924 2136 isto
935 2104 1017 2138 errore
1028 2087 1076 2137 orti
1093 2095 1153 2136 sunt
1162 2087 1228 2136 tituli

94 2162 177 2211 studio
201 2170 295 2212 veteres
320 2171 345 2212 et
368 2165 513 2213 recentiores
539 2166 641 2228 plurimi
682 2167 707 2216 in
724 2169 871 2231 quibusdum
887 2169 964 2219 MSS.
984 2171 1026 2217 Au
1041 2169 1174 2230 Virpiiiuru
1190 2183 1230 2215 ue·

94 2241 238 2304 interpretes
262 2242 374 2293 fecerunt
394 2244 533 2306 Virgilium
558 2245 639 2294 Maro·
681 2249 836 2309 portatorem.

581 2417 747 2443 -οοοκ

464 2584 710 2650 OARMEN
759 2585 855 2649 XIII.

270 2745 458 2842 Audivere,
484 2760 586 2843 Lyce,
613 2759 656 2823 Di
679 2782 752 2825 mea
775 2765 866 2843 vota,
892 2761 934 2823 Di

271 2863 453 2945 Audivere,
478 2863 572 2946 Lyce.
621 2862 679 2929 Fis
703 2886 785 2929 anus
797 2912 806 2946 ,
831 2871 864 2928 et
887 2870 997 2929 tamen

317 2964 376 3030 Vis
400 2964 543 3030 formosa
566 2964 690 3048 videri,

360 3068 525 3152 Ludisque
548 3073 582 3132 et
604 3067 690 3133 bibis
715 3068 910 3153 impudens,

271 3171 317 3236 Et
338 3176 438 3236 cantu
461 3171 600 3236 tremulo
623 3175 702 3256 pota
726 3170 924 3255 Cupidinem

271 3275 414 3340 Lentum
439 3274 607 3339 sollicitas.
656 3274 719 3338 Ille
741 3273 877 3338 virentis
903 3279 936 3336 et

315 3378 439 3442 Doctae
462 3377 601 3462 psallere
626 3376 727 3443 Chiae

359 3480 512 3545 Pulchris
537 3481 677 3546 excubet
700 3480 735 3544 in
757 3479 870 3565 genis:

270 3584 484 3668 Importunus
509 3582 596 3647 enim
621 3583 803 3648 transvolet
827 3581 934 3648 aridas

231 3759 384 3810 CARMEN
411 3758 488 3807 xm·
676 3733 712 3781 itu
727 3732 914 3795 distinguendus
930 3737 978 3779 est:
997 3732 1134 3789 Audivere,
1148 3732 1222 3792 Lyce:

669 3811 708 3873 fia
723 3826 795 3860 uuus.
829 3813 869 3859 Et
894 3816 978 3858 tamen
1003 3811 1039 3859 uia
1052 3809 1168 3872 forruoru
1188 3811 1222 3858 ei-

120 3853 283 3949 Audr'oere,
302 3890 376 3951 Lyre.
395 3891 440 3937 Fu
458 3901 535 3943 artur,
555 3893 579 3934 et
598 3892 635 3935 tu·
676 3891 737 3938 deri.

86 3986 151 4019 meu.
172 3969 293 4018 Horatius
308 3969 375 4018 Deos
386 3972 555 4024 oraverat,ut
567 3967 636 4029 Lyce
710 3967 831 4015 Pulchris
854 3967 962 4015 excubat
986 3968 1014 4013 iu
1038 3967 1113 4027 perric
1152 3965 1221 4014 Haec

85 4047 194 4110 superba
222 4061 284 4094 enus
311 4047 392 4107 fieret,
419 4060 481 4103 non,
508 4050 537 4092 ut
561 4045 635 4093 etiam
675 4061 733 4096 cnm
751 4043 917 4095 Graecinium
933 4041 1088 4105 comparavit
1105 4043 1221 4091 Muretus

86 4141 152 4174 anus
168 4125 265 4174 luderet
286 4131 311 4174 et
336 4125 442 4173 formosa
457 4123 536 4173 rideri
552 4122 635 4172 vellet.
675 4124 811 4173 Varierum
827 4120 975 4169 Lectionum
992 4119 1040 4168 ΧΙ,
1057 4120 1097 4169 ru.

84 4204 141 4254 Hoc
158 4204 224 4253 enim
242 4219 258 4252 a
277 4211 369 4252 natura
393 4203 522 4266 proprium
544 4202 636 4251 habent
711 4203 876 4264 Importunas
892 4200 959 4247 euim
975 4199 1117 4247 transuolat
1135 4200 1223 4247 ariciae

10 4272 50 4329 ἱ
84 4284 224 4333 istiusmodi
256 4282 382 4332 mulieres.
425 4283 506 4331 Locus
535 4279 636 4328 omnino
678 4283 799 4340 erereur.
837 4278 955 4328 Horatius
985 4280 1010 4327 in
1040 4277 1087 4327 hoe
1116 4277 1223 4327 carmine

1047 4361 1086 4423 21
