2916 5220
262 317 325 380 238
663 319 727 380 (Ji-t
747 317 816 380 ttM
830 319 842 379 l
859 318 979 381 NUM

442 505 502 568 Per
526 525 615 568 meas
638 505 720 568 fines
745 510 778 568 et
801 504 910 589 aprica
932 526 1008 568 rura

443 607 541 672 Leuis
566 607 697 671 incedas
721 608 882 692 abeasque
906 607 1015 691 parvis

526 710 660 794 Aequus
684 709 844 792 alumnis,

440 812 475 877 Si
499 816 590 876 tener
612 810 711 896 plena
734 812 824 877 eadit
847 812 971 877 hoedus
995 834 1101 893 anne,

440 918 547 1003 Larga
570 939 629 983 nee
652 918 773 982 desunt
797 918 932 983 Veneris
958 918 1063 983 sodali

436 1020 524 1084 Vina
548 1025 709 1102 craterae,
733 1025 829 1084 vetus
853 1043 909 1085 ara
931 1021 1038 1085 multe

530 1123 653 1188 Fumat
676 1123 781 1187 edere.

439 1226 541 1291 Ludit
564 1226 701 1291 herboso
724 1248 823 1311 pecus
848 1247 945 1291 omne
968 1248 1101 1312 eampo,

439 1330 549 1409 Quum
573 1329 634 1393 tibi
657 1328 772 1393 Nauae
795 1329 933 1394 redeunt
956 1331 1170 1395 Decembres:

437 1435 556 1500 Festus
581 1434 615 1497 in
639 1434 743 1518 pratis
767 1440 864 1498 vacat
887 1434 993 1499 etiosa

528 1536 614 1602 Oum
637 1537 720 1601 bove
743 1558 866 1621 pagus:

438 1643 529 1704 Inter
551 1640 688 1704 anderes
714 1639 809 1725 lnpna
831 1650 920 1705 errat
943 1662 1057 1728 aenea:

256 1793 322 1842 enim
344 1797 521 1854 argumentum
538 1791 573 1838 sie
594 1800 648 1839 erat
668 1792 804 1853 coneipieu·
846 1792 950 1842 Ovidius
975 1792 1023 1840 IV.
1041 1793 1109 1841 Fast.
1126 1793 1184 1842 653.
1208 1793 1304 1840 Prima
1322 1793 1396 1855 (ovis)

255 1874 328 1919 dum:
346 1869 548 1931 “OFaune,qui
569 1883 642 1932 saepe
662 1884 695 1917 ex
712 1869 762 1918 alio
778 1870 803 1917 in
846 1873 915 1920 cadit
932 1874 1029 1920 Fauno.
1060 1871 1129 1920 Haec
1154 1878 1238 1919 autem
1263 1871 1397 1920 scribenda

256 1951 335 1998 aliam
352 1950 436 1997 laeum
452 1946 624 2011 proficisceris,
643 1955 672 1995 nt
688 1962 756 1995 nune
770 1947 804 1995 fa·
845 1957 907 2013 puto
924 1951 970 1999 hoc
986 1950 1083 1999 ordine:

256 2029 302 2086 eis,
314 2029 395 2077 laetus
408 2027 507 2075 incedas
518 2039 562 2088 per
573 2041 646 2089 agros
657 2041 731 2076 meos.
749 2027 805 2076 Hoc

256 2113 280 2155 te
298 2121 341 2154 cro
358 2120 401 2169 per
418 2119 500 2162 sacra,
521 2119 585 2168 quae
605 2105 650 2152 tibi
671 2105 751 2154 facere
767 2121 804 2154 so·

255 2185 336 2235 lemus
369 2186 449 2234 ΝΟΜ
474 2184 654 2273 Deiembnbus
684 2191 708 2274 ei
733 2183 804 2234 same*
850 2224 916 2269 Vr'nn
933 2227 1058 2278 craterae,
1078 2226 1103 2269 et
1124 2227 1195 2270 cetae
1216 2236 1265 2269 ara
1287 2222 1368 2268 neutra

255 2281 324 2323 mus,
341 2279 398 2312 eum
414 2263 503 2312 Nouae
519 2270 592 2320 istae,
613 2277 679 2311 anno
695 2263 804 2324 implete,

301 2345 306 2355 Ι
336 2344 342 2355 ι
638 2342 643 2352 ·
1090 2301 1186 2349 Fumat
1208 2301 1296 2362 odere,

256 2345 380 2393 redierint.
422 2342 497 2390 Nune
527 2342 607 2390 laetus
637 2341 735 2389 incedas
760 2356 804 2432 per
849 2381 934 2439 Quum
952 2383 998 2429 tibi
1016 2382 1104 2428 Nonae
1116 2380 1220 2428 redeunt
1235 2380 1395 2428 Decembres·

256 2436 329 2484 ³ng
351 2436 432 2482 Μὴ
456 2421 499 2468 Ubi
520 2435 594 2509 pecus
616 2434 674 2468 cum
696 2419 804 2510 niumm
846 2461 927 2508 Ludit
938 2461 1038 2507 habear
1046 2473 1124 2520 perne
1135 2473 1204 2506 earne
1214 2471 1317 2519 eampo,
1332 2463 1394 2505 eaet.

255 2502 280 2548 in
298 2515 386 2562 campo
402 2500 506 2548 herboso
522 2500 601 2556 ludit,
616 2514 697 2561 pagus
715 2513 740 2546 m
758 2504 803 2547 tuo

255 2580 347 2628 honore
359 2579 526 2635 vacat,b0ves
539 2579 653 2625 vacant.”
671 2578 799 2635 Haec,in·
845 2576 911 2624 Hine
928 2576 1002 2624 etiam
1019 2580 1132 2639 apparet,
1154 2574 1200 2622 hoe
1221 2587 1325 2622 carmen
1342 2589 1395 2623 esse

255 2675 343 2721 quam,
360 2665 397 2707 est
414 2658 536 2705 sententia
552 2657 667 2705 carminis
688 2657 803 2705 Horatia·
845 2654 939 2702 factum
957 2661 1065 2716 tempere
1081 2667 1165 2701 verno.
1191 2653 1227 2701 Ut
1243 2652 1274 2699 ad
1287 2653 1394 2701 Decem-

255 2737 294 2792 ni,
312 2737 332 2784 si
349 2742 433 2783 tamen
450 2736 481 2782 sit
497 2735 671 2783 Horatianum.
844 2733 913 2781 brem
934 2732 1042 2780 referant
1066 2733 1222 2794 interpretes,
1243 2731 1396 2794 confugiunt

288 2815 386 2877 Aprica
410 2830 482 2862 rura.
518 2813 597 2861 Nonis
622 2814 803 2862 Decembribus
845 2814 875 2860 ad
893 2812 1016 2860 miracula
1036 2810 1131 2867 Fauni,
1151 2810 1221 2873 quasi
1236 2810 1281 2859 ille
1304 2810 1395 2859 faeiem

255 2908 317 2941 rura
334 2908 384 2941 non
402 2900 461 2941 sunt
478 2895 575 2954 aprica.
845 2897 949 2939 naturae
966 2892 1075 2938 adventu
1091 2904 1137 2937 sua
1156 2894 1273 2938 mutaret.
1309 2891 1395 2951 Idem,

289 2973 366 3021 Lenta
382 2973 491 3021 incedat.
525 2970 656 3027 Praefem,
678 2971 745 3033 quod
766 2979 804 3020 est
844 2978 868 3020 et
891 2970 942 3018 alia
957 2983 1056 3032 quoque
1077 2967 1172 3027 aliene,
1196 2968 1339 3026 finxerunt,
1364 2978 1395 3018 ut

255 3052 280 3098 in
297 3051 426 3099 nonnullis
443 3049 521 3100 MSS.
539 3052 628 3099 laetae.
654 3050 803 3099 Vexeaso-
844 3049 997 3113 explicarent
1007 3061 1102 3111 pagam
1110 3046 1199 3095 festum
1210 3047 1237 3094 in
1247 3048 1327 3110 pratis
1335 3063 1394 3097 eum

254 3130 343 3178 lemnis
369 3136 406 3178 est
429 3130 456 3177 in
482 3130 590 3178 adventu
615 3134 640 3176 et
666 3130 804 3190 praesentia
844 3129 906 3177 beve
922 3129 1007 3177 otioso.
1033 3127 1165 3189 Frigidum
1182 3141 1241 3174 vero
1256 3126 1352 3176 festum
1367 3130 1394 3176 in

254 3208 374 3258 Deorum.
396 3209 484 3257 Horat.
508 3207 528 3256 Ι.
555 3207 640 3257 carm.
660 3209 685 3256 2.
706 3209 803 3258 Laetus
843 3209 932 3272 pratis!
950 3209 985 3256 Et
999 3207 1089 3269 hyeme
1100 3205 1175 3253 boves
1187 3203 1235 3267 ipsi
1245 3214 1306 3254 sunt
1314 3207 1394 3264 otiari,

252 3290 357 3337 interris
376 3290 469 3351 papale
494 3288 607 3346 Quirini.
646 3284 698 3335 Ubi
723 3288 803 3335 taeter
843 3294 872 3336 ut
888 3293 988 3350 propter
999 3285 1142 3348 religionem
1158 3284 1188 3332 iis
1204 3285 1283 3333 otium
1304 3300 1392 3335 eonce-

253 3373 302 3423 est,
328 3367 448 3415 laetitiam
473 3372 498 3414 et
518 3365 661 3414 felicitatem
678 3364 802 3426 adferens;
843 3368 901 3416 dere
917 3380 967 3415 nen
984 3379 1047 3428 opas
1063 3365 1102 3412 sit.

254 3445 322 3492 utin
341 3446 396 3493 aliis
411 3445 538 3509 exemplis.
555 3445 615 3494 Vid.
633 3445 739 3495 Cortad
751 3446 802 3494 Lu·
881 3449 948 3494 Vina
969 3450 1091 3494 craterae.
1124 3443 1156 3490 In
1178 3443 1236 3493 MS.
1253 3442 1330 3492 Voss.
1351 3460 1394 3494 ere

253 3538 306 3571 can.
329 3523 405 3572 VIII.
431 3525 470 3572 89.
497 3523 624 3586 Aristoph.
651 3524 802 3586 Thesmoph.
844 3532 935 3575 terrae.
953 3522 1043 3574 Glossa
1056 3523 1232 3571 interlinearis:
1249 3527 1291 3570 “et
1304 3524 1392 3572 cereri.

248 3599 332 3650 ''Heer’
351 3601 481 3665 εὔφρονες,
498 3599 578 3663 tuan,
595 3602 704 3650 Πότνιαι
722 3603 801 3660 ἄλσος
844 3605 885 3666 qd.
903 3602 987 3665 fruges
1004 3616 1045 3650 ere
1070 3607 1095 3649 et
1116 3601 1143 3648 in
1163 3600 1255 3649 terra”
1284 3601 1319 3649 In
1344 3602 1393 3650 alic

252 3680 277 3736 ἐς
293 3678 420 3744 ὑμέτερον.
439 3679 564 3728 Theocrit.
582 3681 666 3729 Adon.
677 3682 732 3729 144.
750 3681 801 3728 Καὶ
845 3682 914 3733 Mn:
932 3686 1088 3737 “creterrae,
1103 3679 1188 3743 fruges
1199 3684 1265 3728 creet
1276 3695 1290 3728 e
1301 3681 1392 3729 terra''

251 3760 300 3806 νῦν
320 3758 411 3819 dieder,
425 3755 532 3821 Ἀδωνι,
554 3761 607 3821 καὶ,
635 3759 686 3808 ὅκκ’
710 3760 800 3824 ἀφίκῃ,
877 3763 952 3808 Inter
969 3761 1162 3823 andacertnpna
1172 3765 1340 3823 errataqnoe.
1357 3760 1392 3809 Hi

252 3837 325 3900 φίλος
345 3837 420 3897 ἥξεις.
448 3837 540 3886 Matth.
563 3839 662 3901 Evang.
680 3839 756 3888 XXI.
776 3843 799 3889 5.
842 3853 927 3887 versus
944 3846 1010 3888 certe
1026 3844 1085 3887 sant
1101 3839 1186 3901 spurii.
1212 3838 1280 3899 Quid
1296 3839 1393 3889 librarii

251 3914 264 3961 ὁ
281 3913 406 3976 βασιλεύς
425 3934 470 3965 σου
490 3917 587 3982 ἔρχεταί
607 3935 647 3967 σοι
666 3917 757 3984 πραΰς.
842 3917 867 3964 in
884 3917 931 3966 hoc
947 3918 1056 3966 carmine
1073 3918 1119 3965 sibi
1138 3917 1309 3980 permiserint,
1321 3919 1391 3967 disci-

284 3996 381 4042 Parur'a
410 4011 504 4057 aeqnna
532 3997 651 4044 alumnia.
692 3997 800 4045 Alumni
842 3998 1029 4046 musetiamex
1042 4012 1118 4045 versu
1132 3997 1293 4055 antecedenti,
1305 3998 1333 4046 in
1343 4014 1392 4062 quo

249 4071 320 4134 parvi
345 4086 396 4120 non
417 4075 567 4123 conveniunt
587 4074 667 4123 Nonis
695 4076 800 4125 Decem·
841 4090 885 4138 pro
907 4092 989 4139 papae
1005 4077 1126 4124 dederant
1144 4076 1256 4135 pardae,
1277 4076 1391 4124 utillud

250 4149 343 4198 bribus.
373 4151 527 4216 Plerumque
548 4155 613 4202 enim
635 4154 800 4203 nascebantur
841 4154 1025 4204 canformarent
1049 4154 1080 4201 ad
1096 4152 1278 4202 nobilissimum
1294 4153 1392 4203 Iesaiac

251 4236 360 4293 tempore
377 4244 460 4280 verno.
840 4249 940 4283 versum
947 4235 995 4282 XI.
1005 4236 1028 4282 6.
1037 4233 1104 4281 Vide
1111 4231 1263 4281 Bentleium.
1272 4232 1329 4281 Hoc
1337 4233 1392 4282 laea

284 4309 314 4355 Si
336 4314 405 4356 tener
428 4313 503 4370 pleno
523 4313 593 4360 eadit
617 4315 709 4361 baedae
726 4328 798 4362 anne.
841 4313 935 4361 homiui
944 4320 1001 4362 ente
1013 4312 1096 4361 oculos
1108 4312 1254 4360 versabatur
1265 4311 1286 4360 I.
1304 4311 1390 4362 Carm.

847 2065 877 2113 st
894 2069 963 2112 tener
979 2066 1053 2126 plena
1068 2064 1138 2113 eadit
1155 2065 1247 2112 baedae
1263 2079 1347 2123 anne,

847 2145 933 2204 Lerna
949 2159 994 2192 nee
1010 2144 1101 2190 desum
1122 2142 1224 2190 Veneria
1240 2143 1326 2190 sodali
