2916 5220
708 325 747 334 -·
1235 311 1293 350 xxi

158 473 188 527 in
222 471 325 528 Praef.
356 471 466 544 Virgil.
493 488 522 543 p.
552 486 657 525 xxvii.
701 469 785 542 Quae
818 471 910 526 verba
939 469 1115 529 Mavortius
1142 471 1295 531 ememlaoi

158 581 251 638 quum
276 566 309 622 in
334 564 521 640 paucissimis
547 572 662 620 tantum
689 563 834 638 exemplis
859 564 1062 638 reperiantur,
1090 565 1151 622 alia
1172 567 1294 623 aliunde

158 667 226 716 orta
247 667 327 716 sunt.
359 659 428 716 Viri
450 659 543 729 docti,
565 659 597 715 in
618 659 664 716 his
679 658 833 715 Relandus
854 659 884 714 in
900 660 983 716 Fast.
1000 657 1123 717 Consul.
1139 680 1207 737 pag.
1224 664 1293 719 496.

158 755 254 812 verba
274 753 406 811 Bentleii
428 773 487 811 non
508 762 590 811 recte
612 755 837 810 intellexerunt.
868 755 1026 811 Bentleius
1046 755 1077 811 in
1099 756 1293 814 Praefatione

158 851 335 925 scripserat:
366 857 401 906 at
429 848 592 926 Virgilium
619 867 656 906 ea
680 847 811 918 Asterii,
838 849 883 905 ita
911 847 1057 907 Flaccum
1082 869 1119 908 eoo
1140 850 1296 909 Mavortii

158 945 325 1003 recensione
356 942 441 1002 bodie
473 943 618 1001 bohemos.
661 944 768 1001 Voluit
799 945 970 1015 Bentleius,
997 953 1031 1002 ut
1056 945 1212 1003 Asterium
1233 965 1296 1018 car-

158 1039 241 1095 mina
262 1039 398 1114 Virgilii,
421 1039 464 1095 ita
485 1039 671 1095 Mavortium
691 1039 813 1095 Horatii
835 1039 998 1111 aliquando
1013 1042 1215 1110 recensuisse,
1232 1060 1296 1097 eas-

160 1152 219 1206 que
241 1135 431 1190 recensiones
452 1134 491 1189 ad
512 1151 566 1189 nos
589 1133 772 1209 pervenisse.

201 1228 282 1285 Nam
307 1228 379 1284 satis
406 1235 523 1283 constat
549 1227 609 1282 alia
635 1226 725 1285 MSS.
752 1226 923 1301 Virgiliana
949 1245 967 1284 a
989 1226 1064 1286 Cod.
1086 1229 1240 1299 Medicam
1263 1231 1294 1286 in

160 1341 221 1394 quo
243 1321 467 1377 emendationes
488 1320 604 1377 Asterii
626 1328 746 1377 notatae
769 1329 852 1391 sunt,
875 1321 906 1377 in
928 1322 1029 1378 multis
1051 1325 1150 1393 abire,
1178 1335 1209 1381 ct
1230 1326 1295 1399 pln-

159 1435 210 1472 res
231 1416 343 1473 habere
365 1433 480 1471 versus.
523 1415 688 1470 Praeterea
708 1422 845 1470 tenemus
866 1416 962 1488 ipsam
983 1417 1099 1473 Asterii
1113 1437 1247 1488 manum,
1264 1430 1295 1475 et

161 1509 305 1576 Codicem
326 1529 405 1566 anno
427 1509 497 1565 494.
519 1510 732 1581 antiquiorem,
756 1527 847 1582 quum
866 1509 1036 1568 Horatiana
1050 1513 1141 1572 MSS.
1157 1514 1209 1571 vix
1224 1524 1294 1572 ante

160 1607 314 1663 saeculum
334 1623 367 1661 x.
389 1607 449 1662 sint
470 1605 616 1662 confecta.

202 1699 305 1773 Atque
328 1719 364 1757 ea
384 1700 476 1759 MSS.
502 1700 664 1756 similitudo
687 1711 717 1756 et
738 1703 889 1758 variarum
910 1703 1072 1762 lectionum
1094 1706 1196 1780 inopia
1217 1707 1296 1762 viam

160 1797 283 1852 Horatii
298 1796 477 1852 emendandi
491 1795 590 1851 secere
607 1797 698 1851 etiam
713 1796 916 1869 difficiliorem,
933 1800 1009 1855 adeo
1021 1808 1055 1856 ut
1066 1800 1154 1874 longe
1166 1801 1296 1857 maxima

160 1909 232 1965 pars
253 1891 452 1965 interpretum
474 1891 505 1946 in
527 1891 728 1965 explicatione
751 1893 933 1962 substiterit,
957 1895 1059 1950 etalii
1081 1896 1156 1952 alios
1172 1914 1297 1968 sequen-

160 1996 222 2056 tes,
246 1987 400 2059 antiquam
422 1987 668 2061 explicationem,
691 1987 841 2044 interdum
863 1989 965 2063 paullo
986 2000 1145 2061 mutatam,
1168 2001 1295 2062 auctam,

161 2091 315 2151 ornatam,
349 2082 511 2152 ediderint,
544 2100 634 2154 quam
665 2083 753 2157 pueri
786 2092 816 2138 ct
847 2084 1055 2141 adolescentes
1087 2087 1239 2158 audimus,
1262 2106 1297 2143 ac

162 2176 273 2233 deinde
294 2176 454 2233 Horatium
476 2178 567 2233 animi
588 2195 695 2234 caussa
717 2179 844 2235 subinde
866 2179 1015 2253 legentes,
1038 2180 1127 2238 facile
1143 2201 1178 2239 ae
1194 2184 1299 2239 luben-

161 2281 210 2327 ter
231 2290 286 2345 pro
307 2290 380 2328 vera
400 2273 554 2329 habemus.
597 2271 732 2345 Quorum
755 2292 809 2347 ego
831 2274 1029 2349 interpretum
1050 2277 1211 2348 rationem,
1233 2287 1298 2334 tan·

161 2376 227 2423 tum
248 2368 335 2424 abest
355 2375 389 2424 ut
409 2369 547 2441 probem,
569 2376 603 2424 ut
625 2387 715 2425 unam
735 2369 921 2443 ingeniosam
942 2370 1074 2427 Bentleii
1095 2373 1297 2429 coniecturam

162 2462 262 2536 longis
288 2462 324 2518 de
346 2464 496 2519 sententia
517 2482 622 2520 versus
645 2464 899 2538 disputationibus
920 2483 1010 2539 saepe
1033 2466 1160 2522 multum
1182 2467 1298 2540 praefe-

161 2576 237 2613 ram.
281 2556 313 2616 Si
333 2557 480 2615 Horatius
501 2567 562 2615 tam
583 2560 709 2615 obscure
732 2568 763 2614 et
784 2559 971 2633 negligenter
998 2560 1133 2635 scripsit,
1166 2569 1200 2617 ut
1232 2580 1299 2618 oen·

162 2653 227 2708 teni
247 2651 383 2708 homines
405 2653 514 2709 eruditi
536 2654 714 2709 sententiam
740 2654 880 2710 carminis
902 2662 932 2709 et
952 2655 1138 2728 singulorum
1159 2674 1298 2712 versuum

162 2749 363 2824 probabiliter
384 2749 536 2823 explicare
558 2768 617 2805 non
639 2749 806 2824 potuerint,
829 2749 888 2823 legi
909 2769 969 2805 non
992 2750 1099 2824 dignus
1122 2759 1175 2807 est.

205 2844 335 2901 Plurimi
355 2845 419 2901 sine
442 2846 534 2902 dubio
555 2845 759 2915 mirabuntur,
782 2864 828 2901 mc
850 2854 895 2902 tot
910 2864 1014 2902 versus
1030 2847 1147 2921 spurios
1164 2847 1297 2918 eiecisse,

164 2943 202 2998 de
229 2959 290 3013 qua
314 2960 347 2996 re
374 2959 461 2997 nemo
483 2940 546 2997 fere
569 2960 608 2996 ex
630 2948 715 2996 tanta
736 2949 797 2996 tam
819 2942 974 2997 doctorum
996 2943 1147 2999 hominum
1168 2943 1300 3000 multitu-

163 3037 249 3107 dine,
271 3055 309 3092 ne
331 3037 488 3093 Bentleius
510 3037 644 3109 quidem,
674 3036 860 3109 cogitaverit.
905 3037 965 3096 Sed
991 3038 1037 3109 hi,
1067 3040 1170 3109 eredo,
1197 3041 1300 3096 mirari

163 3129 319 3202 desinent,
342 3133 368 3188 si
389 3133 574 3202 audiverint,
590 3151 667 3204 quae
684 3132 820 3188 dicturus
834 3151 907 3188 sum.
941 3133 1140 3190 Ruhnkenius
1154 3134 1185 3189 in
1201 3134 1299 3210 Epist.

164 3225 280 3283 Oritica
315 3227 341 3283 Ι.
371 3246 438 3301 pag.
462 3227 490 3282 5.
517 3227 656 3283 universe
684 3227 855 3301 disputanS,
882 3228 1029 3300 quomodo
1059 3227 1170 3284 factum
1192 3230 1244 3301 sit,
1266 3240 1300 3286 ut

163 3323 243 3378 hanc
265 3319 393 3379 Oritices
414 3331 530 3397 partem
550 3324 734 3379 recentiores
755 3332 817 3380 tam
837 3323 967 3397 turpiter
988 3324 1192 3396 neglexerint,
1213 3325 1299 3381 dicit:

167 3415 313 3474 Primam
334 3417 497 3494 complores
517 3435 553 3475 em
574 3416 633 3487 lois,
656 3418 708 3495 qai
723 3415 765 3474 ad
780 3424 887 3474 veteres
903 3425 1038 3474 coctores
1053 3416 1238 3494 oostipaados
1252 3437 1300 3476 ao-

164 3510 271 3570 cedant
277 3553 285 3583 ,
306 3511 449 3569 liebetiore
469 3521 536 3570 aaut
558 3512 688 3590 inperio,
710 3519 738 3569 ot
756 3512 792 3569 ab
809 3513 874 3587 ipsa
892 3519 1004 3569 ootara
1023 3509 1144 3568 adeam
1159 3512 1300 3570 inertiam

164 3606 287 3678 abiecti,
315 3613 348 3663 at
367 3606 459 3683 pleae
486 3615 549 3664 tam
578 3607 671 3663 severi
695 3624 742 3663 res
764 3605 871 3664 iudicii
895 3605 931 3664 ab
955 3607 994 3664 iia
1017 3608 1148 3665 tractari
1168 3616 1300 3686 nequeat.

166 3699 247 3758 Tam
267 3720 351 3777 saepe
370 3702 460 3759 etiam
481 3701 529 3775 tt,
546 3720 617 3780 quos
638 3703 751 3779 iapeaii
768 3702 916 3779 capacitas
937 3709 965 3760 et
980 3703 1133 3761 interioris
1148 3702 1301 3760 doctrinae

165 3796 262 3854 celtas
282 3814 376 3872 sopra
396 3797 500 3874 oolam
520 3797 633 3868 everoit,
662 3804 760 3854 tamen
787 3796 864 3854 boae
887 3797 968 3855 eiam
989 3797 1034 3854 oet
1053 3816 1112 3855 ooo
1131 3796 1300 3874 ingredian-

166 3900 230 3963 tur,
253 3890 299 3949 ool
313 3892 437 3970 inpressi
450 3891 555 3968 pedem
575 3890 747 3970 offendant,
764 3899 926 3968 propterea
945 3890 1023 3969 qaod
1040 3891 1072 3948 ia
1093 3898 1223 3947 veteram
1241 3909 1301 3947 mo-

165 3989 313 4046 mtmeatis
342 3986 506 4046 evolvendis
537 3986 698 4045 desultoria
725 3986 845 4044 levitate
873 3993 1031 4062 oopantar.
1080 3984 1177 4062 Atqui
1204 4002 1301 4054 acmo,

165 4081 252 4141 modo
274 4081 360 4154 banc,
379 4081 465 4140 modo
486 4082 571 4140 illam
590 4089 741 4140 auctorem
762 4081 920 4157 arripiam,
944 4097 995 4136 aec
1010 4097 1076 4136 cam
1090 4076 1150 4136 allo
1163 4078 1302 4136 intimam

157 4175 413 4256 familiaritatem
432 4176 615 4247 contrairem,
626 4174 714 4255 falsa
733 4185 761 4234 et
775 4175 969 4252 sappetiticio
986 4171 1150 4251 distinguat
1169 4192 1189 4230 a
1209 4171 1303 4251 teqttt-

166 4271 224 4328 mis
244 4278 272 4328 et
289 4271 449 4348 ymmonis.
480 4269 516 4328 Is
534 4269 650 4328 demam
667 4286 696 4326 se
713 4269 789 4326 sciat
807 4267 848 4326 ael
862 4267 938 4326 hooc
956 4265 1112 4325 iudicandi
1121 4264 1303 4346 facultatem

165 4373 395 4442 perventuram,
428 4367 479 4443 qai
507 4366 624 4444 saepias
654 4365 781 4443 repetita
810 4363 930 4422 lecticae
955 4365 987 4420 in
1015 4364 1125 4421 iustam
1147 4363 1304 4438 scriptoris

1163 4475 1181 4514 o
