2916 5220
642 335 962 399 CARMINUM

417 526 575 587 Somnum
599 524 763 588 reducent.
814 524 956 588 Somnus
980 523 1160 608 agrestium

416 625 515 689 Lenis
538 625 681 690 virorum
706 646 772 689 non
797 625 939 690 humiles
964 626 1078 690 domos

459 728 602 793 Fastidit
633 730 884 814 umbrosamque
907 728 1032 813 ripam,

504 832 578 896 Non
602 832 758 918 Zephyris
782 832 908 917 agitata
930 832 1057 917 Tempe.

416 934 666 1000 Desiderantem
690 936 777 1020 quod
803 936 883 1000 satis
908 942 1086 1020 estusque

415 1038 667 1103 Tirmultucsnm
692 1039 849 1103 sollicitat
872 1060 978 1121 mare,

459 1140 527 1205 Nec
552 1163 666 1206 saevus
690 1141 822 1206 Arcturi
847 1140 994 1206 cadentis

505 1245 652 1330 impetus
680 1250 739 1310 aut
762 1245 896 1309 orientis
922 1244 1047 1326 Hoedi,

416 1347 491 1410 Non
515 1348 700 1412 verberatae
723 1347 884 1432 grandine
907 1346 1020 1411 vineae

417 1449 618 1535 Fundusque
641 1451 802 1532 mendax,
827 1450 939 1515 arbore
962 1471 1049 1514 nunc
1073 1472 1174 1535 aquas

462 1552 643 1638 Culpante,
669 1576 756 1618 nunc
780 1554 938 1619 torrentia
961 1574 1057 1638 agros

505 1657 635 1740 Sidera,
660 1680 748 1722 nunc
770 1657 895 1723 hiemes
920 1657 1060 1741 iniquas.

420 1760 589 1825 Contracta
607 1766 714 1846 pisces
737 1783 873 1847 aequore
895 1765 1033 1826 sentirent

414 1864 514 1927 Iactis
537 1868 571 1928 in
593 1864 693 1929 alterna
713 1862 857 1929 molibus·
880 1865 939 1928 lece
950 1863 1107 1949 frequens

464 1965 631 2031 Caemento
653 1967 787 2033 dentittit
809 1967 963 2032 redemtor

272 2121 461 2168 Desiderentem
481 2123 547 2182 qaod
566 2123 631 2169 eatis
647 2128 683 2169 est
700 2138 783 2184 neque.
824 2138 901 2187 quam
912 2124 1039 2183 laudatos,
1052 2125 1172 2172 Horatius
1184 2136 1283 2187 quoque
1295 2128 1381 2172 oratos

235 2199 333 2260 Quarta
348 2214 405 2262 pars
426 2200 555 2260 carminis,
581 2201 675 2249 habens
699 2201 785 2249 itidem
825 2203 974 2266 appellavit?
1003 2203 1088 2252 Pisces
1105 2204 1212 2252 sentiam
1229 2201 1323 2264 frigus,
1340 2216 1380 2249 ca-

235 2286 290 2328 octo
306 2295 403 2340 versus,
420 2280 467 2329 hac
482 2279 616 2329 sententia:
642 2280 709 2342 “Qui
725 2295 785 2343 peu
825 2283 916 2342 loram,
939 2288 1121 2345 tempestatem,
1138 2283 1186 2331 hoc
1201 2287 1238 2330 est
1254 2281 1380 2329 naturale.

235 2359 272 2407 cis
295 2368 424 2410 contentus
446 2368 495 2420 est,
516 2360 588 2409 nulla
608 2360 670 2409 cccli
690 2368 782 2424 tempe·
825 2363 882 2410 Nou
904 2362 1015 2411 sentiunt
1035 2377 1126 2425 aequor
1147 2361 1261 2409 contrahi
1276 2366 1380 2424 propter

236 2445 300 2487 state
316 2439 486 2488 sollicitatur.''
825 2440 937 2489 aedificia
960 2440 1081 2489 Romana.
1123 2440 1202 2502 Quasi
1230 2453 1323 2502 nempe
1349 2437 1380 2487 iis

271 2518 410 2568 Corrtrceto
432 2522 514 2582 pisces
534 2535 643 2582 aequora
663 2520 784 2567 sentiant.
824 2527 955 2582 propterca
970 2519 1053 2575 locus,
1073 2518 1099 2566 in
1116 2533 1165 2581 quc
1182 2524 1283 2575 natent,
1304 2519 1378 2567 desit.

235 2597 443 2647 Additamentum
464 2599 530 2647 male
553 2599 632 2647 seduli
654 2598 784 2647 Gramma·
825 2596 881 2645 Hoc
897 2596 947 2646 fere
964 2604 1016 2646 tam
1035 2597 1169 2646 ridiculum
1186 2604 1238 2654 est,
1263 2599 1380 2660 quamsi

235 2676 291 2734 tici,
312 2678 379 2740 quod
401 2678 477 2725 miror
498 2684 550 2725 tam
567 2678 609 2725 diu
626 2677 726 2725 tolerari
742 2692 784 2740 po-
825 2677 879 2737 quis
896 2676 1030 2725 rhombum
1045 2683 1380 2738 cummuraenaprcpterea

236 2754 318 2803 tuisse.
352 2757 426 2805 Adeo
442 2757 553 2804 multum
570 2763 606 2804 est
621 2756 735 2804 ateneris
748 2771 784 2803 as-
825 2755 915 2804 faceret
926 2762 1077 2820 querentem.
1095 2755 1169 2804 Talia
1183 2754 1311 2813 κακόζηλα
1322 2768 1379 2816 pm-

235 2846 354 2882 suescere.
388 2834 443 2881 Iam
468 2835 538 2896 pueri
558 2833 650 2881 scilicet
670 2834 784 2882 audimus
825 2835 888 2883 dunt
897 2837 1025 2898 ingenium
1036 2835 1127 2884 iudicio
1135 2847 1230 2892 carens,
1238 2833 1380 2881 cuiusmodi

236 2911 296 2960 alios
313 2913 454 2971 recitantes,
472 2913 636 2961 adolescentes
653 2912 699 2974 ipsi
716 2913 784 2960 disci-
825 2913 905 2962 multa
930 2914 1051 2964 Graevius
1076 2915 1102 2962 iu
1127 2927 1203 2961 aurea
1223 2911 1380 2974 praefatione

236 3005 292 3039 mus
307 2991 353 3039 illa
369 2993 413 3040 sed
426 2992 785 3042 TimoretMinaescaudant
825 2993 856 3038 ad
877 2993 981 3041 Florum
1003 3007 1077 3040 suum
1093 2990 1248 3055 perstrinxit.
1283 2990 1379 3038 Melius

235 3074 325 3129 eodem,
337 3077 429 3133 etpost
439 3073 546 3135 equitem
557 3073 624 3120 sedet
634 3076 694 3119 atra
705 3071 784 3120 Cara.
824 3071 850 3118 iu
867 3071 917 3119 III.
934 3071 1014 3120 Theb.
1027 3072 1084 3120 596.
1111 3069 1218 3121 Statius:
1229 3069 1381 3132 fluctusque

236 3149 286 3212 Qui
307 3166 405 3211 versus,
422 3152 443 3200 si
463 3149 600 3199 consideres
615 3150 679 3213 ipsos
700 3150 785 3199 aban·
827 3152 936 3199 Pelorus
963 3151 1113 3207 Contrahit,
1137 3155 1163 3199 et
1186 3153 1276 3210 eperat
1301 3150 1379 3196 renas

236 3229 402 3278 recedentibus
413 3236 546 3293 separatos,
558 3229 639 3277 sonori
650 3236 716 3288 sunt,
727 3237 785 3278 sunt
826 3232 938 3291 abrupta
962 3231 1067 3279 reverti.-
1091 3234 1191 3292 propter
1217 3241 1291 3285 saxa,
1312 3242 1379 3290 quac

236 3307 361 3370 elegantes
378 3315 403 3358 et
419 3309 528 3367 venusti,
545 3323 638 3372 nosque
655 3310 786 3372 praecipue
824 3308 967 3356 Enceladus
984 3309 1014 3357 de
1025 3309 1115 3356 vertice
1126 3306 1262 3355 deiiciebat.
1279 3306 1315 3354 Et
1325 3306 1379 3368 ipse

236 3387 342 3435 delectat
358 3394 383 3437 ct
400 3394 467 3437 tenet
483 3394 551 3436 atrae
559 3388 641 3438 Curae
652 3399 707 3450 post
718 3389 785 3451 equi·
825 3386 947 3434 Horatius
959 3388 982 3436 I.
998 3386 1078 3450 Epist·
1092 3388 1114 3434 l.
1131 3386 1171 3434 84.
1189 3387 1261 3434 lacus
1271 3389 1297 3434 et
1307 3401 1380 3434 mm

236 3472 287 3514 tem
305 3468 412 3515 sedentis
428 3468 518 3529 image.
536 3468 566 3515 In
578 3467 785 3529 Hollandiaquo-
825 3468 903 3513 sentit
920 3481 1028 3514 alacrem
1047 3466 1204 3513 Festinantia
1215 3465 1276 3512 heri.
1293 3463 1378 3512 Herus

237 3559 285 3606 que
306 3545 392 3593 multis
414 3546 453 3593 hic
475 3560 560 3594 versus
580 3546 660 3608 magis
679 3546 786 3593 innotuit
826 3558 915 3606 nempe
936 3544 962 3590 in
984 3557 1061 3605 aquas
1082 3541 1140 3590 iacit
1159 3543 1294 3590 immensas
1315 3542 1378 3604 lapi·

237 3629 262 3670 ct
285 3621 393 3685 placuit,
419 3624 483 3671 dicto
507 3624 696 3687 Wyttenbachii
721 3638 785 3673 com-
827 3624 886 3671 dum
909 3622 998 3680 moles,
1023 3628 1052 3669 ut
1072 3636 1163 3670 novam
1188 3628 1280 3670 terram
1303 3620 1379 3669 faciat

237 3701 374 3750 mendatus.
409 3703 471 3762 Hic,
496 3717 581 3752 recens
607 3703 685 3751 factus
710 3718 786 3766 eques
826 3710 851 3753 et
868 3702 1013 3752 inaedificet.

238 3781 343 3869 legionis
352 3781 543 3844 Napclecnteae,
555 3783 641 3830 sedens
653 3782 787 3846 aliquando
860 3785 921 3831 Huc
922 3782 1046 3846 frequens
1056 3781 1193 3830 crementa
1201 3782 1314 3829 derisittit
1322 3782 1378 3828 red-

238 3875 263 3906 ιιι
265 3867 302 3909 er
265 3860 396 3909 tlibrcs
409 3875 479 3919 snos,
495 3868 550 3924 post
562 3869 661 3924 tergum
673 3863 787 3911 audrcba
826 3868 906 3911 enitor
937 3861 1003 3908 Cara
1025 3859 1147 3943 scorpiis.
1185 3858 1255 3907 Haec
1286 3858 1377 3913 verba,

237 3954 377 3989 susurrum
402 3941 544 4005 Respiciens
564 3941 631 3990 videt
653 3948 731 3990 atram
754 3942 786 3990 fe·
806 3943 891 4035 quod
919 3955 993 3989 nemo
1016 3955 1067 3987 non
1085 3926 1183 3997 sentit,
1207 3953 1257 3986 uon
1285 3952 1378 3986 come-

238 4019 300 4077 lcm,
317 4026 341 4068 et
357 4020 419 4069 lenit
409 4027 445 4070 ter
462 4022 542 4069 ridens
559 4022 695 4070 exclamat:
723 4004 808 4070 Posti
826 4022 900 4070 niunt
930 4021 989 4068 huic
1015 4018 1120 4067 carmini
1144 4018 1231 4082 lyrico.
1275 4017 1316 4066 Sic
1341 4017 1378 4064 lc·

238 4101 343 4160 equitem
360 4103 428 4148 sedet
444 4106 504 4148 otro
524 4101 601 4149 Crono
621 4100 670 4150 Sed
687 4116 808 4150 secura--
806 4100 907 4189 'quunt
908 4116 939 4148 ur
959 4113 1045 4163 prosae
1066 4099 1208 4161 scriptores,
1236 4113 1260 4145 v
1285 4112 1306 4145 c
1328 4098 1376 4144 Vi

238 4177 289 4224 tius
309 4177 354 4225 hos
375 4192 460 4226 versus
479 4179 515 4226 int
514 4195 626 4228 ucarnur.
661 4179 721 4240 Quis
739 4195 808 4228 un-·
806 4154 940 4238 truvius,
966 4180 1071 4236 docens,
1095 4192 1146 4240 qua
1171 4177 1265 4225 ratione
1289 4176 1378 4223 funda

239 4271 315 4317 quam
332 4257 469 4305 seriodicat
476 4261 646 4320 ,piceessent
649 4261 808 4322 ircoeqreor,
827 4267 912 4308 menta
928 4257 1055 4307 aedificii
1048 4271 1074 4304 m
1092 4269 1196 4319 coquere
1211 4255 1331 4318 ponendi.
1328 4256 1376 4303 sint

240 4338 410 4382 contractam?
436 4336 509 4391 Illos,
527 4352 587 4398 ques
605 4353 620 4384 a
637 4352 711 4386 sensu
725 4353 786 4386 ιιιιιι-
806 4328 946 4388 iacienda.
