2916 5220
563 307 880 371 (lAllMlNUM

382 490 449 555 Nec
472 491 522 555 vir
545 490 653 556 Pieria
675 492 793 577 pellice
816 491 946 557 saucius

427 593 565 658 Curvat:
591 595 794 679 supplicibus
818 594 885 660 tuis

338 696 475 779 Parcas,
499 718 559 761 nec
583 696 691 781 rigida
713 697 844 762 mollior
866 697 997 762 aesculo

336 799 404 863 Nec
429 798 553 864 Mauris
577 800 726 865 animum
749 801 862 866 mitior
885 801 1059 887 anguibus.

382 902 458 966 Non
482 902 542 967 hoc
567 925 694 988 semper
718 904 780 969 erit
802 904 929 970 liminis
954 911 1013 970 aut
1033 925 1138 989 aquae

426 1005 586 1072 Coelestis
610 1008 740 1093 patiens
764 1008 863 1074 latus.

191 1146 289 1193 Pieria.
316 1141 433 1191 Dubitari
443 1149 535 1205 potest,
551 1143 631 1194 iudice
643 1145 704 1195 Mei·
745 1146 819 1196 fuisse
844 1145 1028 1204 iemcissimus‚
1057 1145 1126 1194 uude
1153 1152 1246 1193 cantus
1273 1153 1297 1194 et

157 1223 239 1279 nekio,
256 1221 348 1284 gentile
364 1236 454 1270 nomen
471 1222 613 1272 habendum
630 1225 705 1272 sitan
745 1225 846 1273 naeniae
872 1222 993 1282 Marsae,
1017 1222 1106 1287 quibus
1132 1222 1171 1270 illi
1197 1239 1298 1287 rumpe·

156 1302 290 1364 proprium.
323 1301 439 1350 Fortasse
460 1303 553 1364 gentile
571 1304 651 1367 magis
668 1312 706 1353 est
745 1305 843 1352 bantur.
886 1302 948 1352 Via.
973 1303 1059 1352 Hains.
1092 1302 1125 1350 ad
1159 1300 1235 1351 Ovid.
1262 1304 1296 1352 II.

157 1396 188 1429 ex
205 1381 384 1430 consuetudine
399 1381 543 1431 Horatiana.
745 1381 804 1431 Art.
821 1381 881 1430 Aru.
901 1381 955 1429 luz.
981 1381 1025 1428 ubi
1041 1381 1106 1428 hanc
1125 1381 1297 1429 coniecturam

198 1462 253 1510 Nec
283 1461 389 1508 Maurae
412 1462 526 1510 animam
550 1463 637 1511 mitior
661 1477 705 1510 aa·
745 1462 770 1509 in
795 1461 899 1510 Horatio
923 1474 973 1509 non
997 1458 1133 1523 proposuit.
1177 1459 1297 1509 Philoxe-

156 1542 251 1602 quiam.
277 1539 395 1588 Heinsius
414 1539 515 1588 volebat
534 1540 640 1588 Marsis.
671 1540 706 1587 Et
745 1555 808 1589 nus:
835 1541 950 1589 Marsae.
992 1538 1196 1603 Ἀσπιόοθήρας,
1233 1541 1298 1604 ὀφιο-

158 1631 217 1679 agcr
253 1616 377 1666 Marsicos
418 1617 517 1665 videtur
554 1618 706 1680 serpentium
746 1617 860 1676 διώκτας.

647 1775 809 1803 *0⁶—

548 1912 797 1978 OARMEN
842 1914 902 1978 XI.

338 2061 507 2161 Mercuri,
532 2101 609 2143 nam
633 2085 666 2143 te
690 2079 805 2145 docilis
829 2078 989 2163 magistro

338 2179 444 2245 Movit
466 2180 635 2266 Amphion
658 2181 785 2266 lapides
809 2179 973 2263 cauendo,

343 2284 465 2370 Tapae,
490 2285 628 2367 testudo,
652 2306 801 2350 rcsoaare
823 2294 941 2370 septem

431 2387 561 2453 Callida
583 2392 703 2469 aereis,

336 2490 406 2555 Nec
429 2490 545 2576 loquar
567 2491 640 2556 alim
663 2509 759 2576 acque
776 2500 892 2576 prata,
916 2511 999 2556 aaac
1017 2499 1047 2553 cl

335 2595 481 2659 Diadum
502 2598 619 2660 measis
644 2603 673 2658 el
695 2597 798 2658 amica
820 2592 963 2679 templis:

337 2696 400 2760 Dic
423 2697 554 2779 modos,
579 2697 669 2781 Lyde
694 2697 812 2781 quibus
837 2695 1020 2762 obstinatas

425 2799 581 2884 Applicet
605 2822 717 2882 aures,
744 2870 746 2873 ,

321 2975 474 3027 CARMEN
491 2978 539 3028 XI⁸
563 2983 566 2989 -
747 2954 779 3001 sis
804 2960 829 3001 et
854 2952 970 3015 templis?
1003 2952 1063 3016 Ipsa
1087 2966 1137 3000 vox
1162 2954 1301 3003 testudinis

746 3032 787 3080 hic
803 3047 893 3095 parum
910 3037 969 3095 apta
984 3037 1028 3080 est.
1055 3031 1107 3080 Ubi
1123 3031 1191 3080 enim
1207 3032 1301 3081 dicitur

195 3072 309 3169 Tuque,
333 3110 446 3166 testudo,
469 3124 588 3159 resonare
603 3118 704 3174 septem.
746 3112 805 3160 olim
822 3125 873 3159 non
889 3113 981 3173 loquax
997 3110 1087 3169 fuisse,
1108 3110 1149 3160 vel
1168 3110 1243 3159 inviti
1259 3125 1299 3160 co-

158 3186 234 3234 Hunc
250 3193 275 3235 et
291 3193 340 3236 tres
357 3203 443 3237 versus
462 3195 590 3253 sequentes
607 3188 705 3240 Comm.
747 3191 856 3252 gitamus
873 3190 904 3238 de
920 3189 1038 3238 animali:
1055 3195 1080 3238 et
1096 3190 1132 3237 sio
1148 3195 1187 3236 est
1203 3189 1229 3237 in
1247 3191 1299 3238 cal-

157 3265 235 3330 Cruq.
260 3280 311 3316 non
332 3269 421 3330 legisse
440 3268 548 3317 videtur.
581 3267 649 3316 Nam
669 3269 705 3316 ita
746 3271 807 3318 lida.
833 3269 868 3317 Et
884 3269 1000 3317 novimus
1017 3270 1118 3332 quidem
1135 3268 1231 3332 templa
1246 3283 1299 3318 non

158 3345 242 3394 scribit
262 3346 289 3394 in
310 3353 459 3409 argumento
479 3346 553 3395 huius
574 3347 703 3395 carminis:
746 3362 798 3397 esse
814 3346 928 3396 divitum.
957 3347 1064 3408 Quando
1085 3353 1169 3396 tamen
1186 3362 1299 3410 praeces·

157 3428 283 3475 “Iacocat
307 3424 476 3482 Mercurium,
498 3427 572 3488 lyrae
595 3428 704 3475 lacento·
746 3427 778 3475 sit
802 3429 910 3476 diuitum
934 3430 1038 3485 massis,
1059 3427 1194 3486 Horatius,
1212 3428 1300 3484 credo,

158 3520 223 3560 rem,
249 3511 279 3553 at
303 3506 373 3554 dicat
390 3508 485 3561 modos,
510 3507 601 3568 quitus
622 3506 705 3553 amica
746 3506 880 3554 addidisset
899 3505 998 3568 templis
1025 3508 1141 3555 Deorum.
1179 3506 1300 3556 Dirilam

158 3584 212 3632 eius
229 3584 363 3645 Lydefiat
379 3585 402 3632 ei
418 3584 548 3645 moripera.
573 3581 641 3632 Ordo
656 3589 704 3632 est:
747 3586 1007 3647 manseramus,
1026 3599 1076 3632 non
1093 3585 1156 3634 bene
1172 3587 1298 3635 convenit.

160 3659 275 3711 Mercari
296 3663 337 3710 dic
358 3663 452 3718 modos,
472 3663 562 3724 quibas
579 3663 650 3723 Lyde
666 3664 704 3711 ab·
747 3665 823 3713 Naac
847 3670 923 3726 prata
945 3665 1053 3712 divitum
1074 3666 1178 3722 mamm,
1204 3664 1299 3714 indicat

157 3748 256 3790 seratas
272 3755 347 3790 aures
364 3741 487 3802 applicet,
507 3755 567 3788 rram
584 3746 609 3789 te
625 3743 703 3803 maqi·
745 3743 820 3792 tacite
836 3744 974 3806 oppositum
995 3743 1054 3791 olim
1074 3758 1123 3791 aaa
1140 3748 1218 3805 prata
1234 3745 1299 3792 dioi-

157 3824 212 3869 stro
242 3822 331 3870 docilis
355 3821 483 3881 Araphirm
507 3821 586 3868 mouit
610 3821 706 3882 lapides
747 3828 801 3870 tam
817 3825 918 3871 masis.
951 3821 1025 3871 Tales
1042 3829 1125 3871 autem
1136 3837 1236 3872 mansas
1245 3822 1299 3872 vita

157 3900 290 3949 canenda?
324 3899 359 3947 Et
383 3912 513 3960 possumus
535 3898 574 3946 his
594 3899 705 3947 versibus
746 3907 803 3950 ante
820 3901 902 3964 lyram
921 3901 1073 3950 aMercurio
1087 3901 1299 3964 inventamigno-

158 3978 230 4028 sacile
246 3992 340 4036 carere,
361 3977 452 4040 quippe
473 3978 560 4026 alienis
577 3993 593 4024 a
609 3993 636 4026 re
651 3992 709 4040 pro·
745 3980 824 4029 rabat.
858 3981 929 4029 Haec
940 3980 1031 4028 similia
1041 3987 1101 4029 sunt
1112 3981 1210 4043 glossae
1220 3982 1298 4044 politi·

158 4059 244 4121 posita.
270 4057 425 4106 Mercurium
442 4057 565 4116 invocari,
582 4057 653 4121 lyrae
669 4057 705 4104 in·
745 4073 801 4116 cae,
821 4060 848 4107 in
869 4075 920 4122 qua
937 4059 1122 4111 Grammaticus
1139 4060 1256 4123 exposuit
1273 4067 1299 4110 et

158 4143 293 4194 ventorem,
301 4137 385 4185 statim
398 4144 499 4200 apparet
511 4152 544 4186 ex
555 4136 705 4199 Amphione.
746 4137 906 4200 amplificavit
920 4138 985 4187 illud
1002 4141 1075 4201 lyrae
1090 4141 1213 4188 incentor.

159 4215 225 4274 Quid
236 4215 277 4263 hic
291 4229 429 4264 memorare
444 4217 538 4273 attinet,
556 4216 704 4264 testudinem
790 4217 939 4266 Obstiaatas
966 4219 1077 4280 applicet
1104 4231 1184 4266 aures.
1221 4216 1298 4266 Com·

90 4322 92 4327 .
158 4293 428 4351 olimfuissesuruam
445 4308 511 4342 nunc
527 4301 624 4355 gratam
636 4309 703 4343 men·
746 4301 823 4346 ment.
841 4296 920 4360 Oruq.
939 4297 965 4344 in
988 4303 1136 4360 argumento
1151 4297 1215 4358 legit
1231 4300 1299 4347 atse-
