2916 5220
614 286 842 348 LIBER.

383 474 494 538 Terras
519 479 552 538 et
574 472 756 537 humanum
778 473 899 558 genus!

158 664 236 711 quam
253 649 330 699 MSS.
347 649 494 712 praeferant.
527 648 655 697 Bentleius
672 649 707 696 di·
748 664 825 711 errore
840 654 925 711 putet,
951 650 994 711 qui
1013 665 1044 698 ue
1063 651 1091 699 in
1109 654 1181 699 terra
1196 649 1296 711 quidem

158 729 194 776 ait
210 731 334 791 quidquid
348 743 402 777 esse
418 729 521 787 melius,
541 742 593 792 quo
609 729 657 776 Dei
673 729 707 775 si·
749 727 854 776 debuit?
878 728 928 777 ΠΙ.
943 729 981 780 17.
1003 729 1296 791 sequestraveramus

159 807 214 855 mul
224 821 308 856 omnes
318 807 495 870 significentur.
512 808 569 871 Ego
579 814 708 870 propterea
748 812 796 863 est,
813 822 862 855 nort
877 809 1008 858 irascitur.
1041 808 1171 857 Aminian.
1191 805 1296 856 Mareel-

159 887 250 935 melius
270 901 322 936 esse
342 887 396 934 dico
417 889 535 950 quisquis.
568 888 635 935 Nam
656 900 706 933 non
749 883 792 931 lin.
818 884 951 935 XXVIII.
976 903 1000 950 p.
1018 888 1074 936 400.
1103 888 1188 935 Multi
1204 891 1297 948 repant

159 981 246 1016 omnes
270 968 319 1017 Dei
343 967 418 1015 simul
437 967 465 1015 in
486 966 554 1015 coelo
575 965 706 1027 regebant,
748 980 799 1013 esse
814 980 918 1027 superus
931 973 1067 1029 potestates
1083 967 1195 1015 incaelo.
1220 963 1297 1012 Prae·

159 1047 204 1094 sed
220 1047 328 1109 Iupiter,
346 1047 388 1095 vel
405 1061 470 1094 unus
487 1044 589 1108 aliquis,
606 1045 707 1093 casuris
748 1042 820 1105 cipue
837 1043 872 1092 ita
888 1044 1054 1108 loquebantur
1065 1045 1151 1107 poitae
1166 1042 1297 1091 adulantes

160 1129 294 1189 potentior,
321 1128 430 1190 quisquis
453 1127 496 1175 ille
517 1128 629 1176 Deorum
647 1131 707 1175 erat.
750 1123 915 1184 Caesaribus,
940 1123 1051 1186 quande,
1072 1129 1102 1172 ut
1124 1129 1161 1171 est
1181 1123 1208 1170 in
1224 1136 1298 1170 versu

161 1205 191 1254 Si
219 1204 329 1268 praefero
358 1208 486 1269 quisquis,
519 1204 708 1267 praeferendum
750 1203 793 1265 qui
814 1203 925 1266 Virgilio
946 1202 1076 1260 tribuitur,
1097 1203 1207 1250 dicisum
1223 1204 1299 1264 impe·

160 1285 237 1333 etiam
248 1289 319 1348 repis.
343 1284 416 1346 Quod
427 1285 486 1348 quia
496 1285 522 1332 in
533 1283 620 1331 multis
631 1281 707 1331 Mss.
750 1285 817 1330 rium
832 1298 888 1331 eum
905 1284 965 1331 Ioue
984 1281 1078 1330 Caesar
1095 1283 1176 1330 babet.
1202 1279 1299 1342 Iupiter

161 1370 276 1427 apparet,
293 1365 382 1412 indicio
399 1371 449 1422 est,
470 1364 496 1412 in
514 1364 568 1411 aliis
585 1362 709 1411 exstitisse
751 1363 778 1408 in
794 1363 869 1422 coelo,
893 1360 1010 1410 Caesares
1033 1366 1116 1409 terres
1132 1376 1216 1423 repere
1232 1359 1297 1408 dice·

161 1445 281 1505 quisquis.
322 1444 390 1491 Nam
418 1444 497 1506 magis
525 1441 645 1490 Latinum
673 1450 710 1489 est
752 1439 850 1491 bantur.
888 1439 962 1500 Quod
987 1453 1066 1501 genus
1091 1440 1240 1488 adulationis
1264 1441 1300 1489 ita

160 1519 285 1584 quidquid
300 1524 413 1570 Deorum
428 1522 523 1584 repitit.
547 1522 584 1571 Ut
595 1535 619 1568 v.
629 1534 650 1568 c.
659 1520 708 1568 Mi·
752 1519 872 1582 expressit
883 1519 982 1567 PIInius
994 1518 1090 1582 Paneg.
1102 1520 1142 1568 80.
1163 1521 1222 1578 Quo
1233 1534 1300 1567 nuuc

162 1606 217 1648 nut.
234 1601 308 1649 Felix
325 1599 413 1650 Octar.
432 1617 491 1664 pag.
506 1601 564 1650 254.
588 1599 711 1662 quidquid
752 1604 826 1660 purte
847 1614 968 1648 curarum
986 1601 1047 1647 liber
1063 1601 1205 1661 solutusque
1222 1598 1299 1660 (Iupi-

163 1681 322 1727 Duemcuum
346 1681 434 1728 colitis.
476 1678 543 1740 Quia
572 1693 660 1742 nempe
684 1679 710 1726 in
752 1678 799 1739 ter)
821 1681 884 1727 coeio
905 1684 1006 1727 tautum
1024 1684 1112 1739 uocet,
1126 1683 1260 1741 postquam
1276 1684 1301 1727 te

162 1759 284 1820 quidquid
295 1757 419 1820 cogitatur
427 1759 582 1821 quicumque.
599 1758 710 1806 Itium.
752 1757 831 1815 dedit,
853 1758 897 1818 qui
916 1773 976 1820 erpa
994 1773 1065 1806 omne
1080 1758 1208 1806 bominum
1224 1771 1301 1819 penus

161 1837 204 1886 25.
240 1839 312 1886 Haec
332 1843 428 1886 recreta
459 1851 567 1899 quercus
594 1841 618 1886 et
638 1839 711 1899 quid·
752 1837 804 1885 uice
828 1852 876 1884 suu
893 1837 1050 1900 suuymeris.
1084 1836 1169 1886 Sidon.
1186 1837 1299 1899 Apollin.

164 1917 227 1978 quid
242 1917 355 1963 Deorum
373 1921 410 1963 est
427 1917 542 1964 audierit.
566 1915 625 1973 Ubi,
637 1916 712 1964 etiam
752 1914 817 1963 VH.
834 1914 951 1965 Carmine
970 1919 991 1965 l.
1021 1916 1134 1975 Phoebe,
1152 1918 1186 1965 du
1204 1919 1301 1965 lumino

163 2007 215 2042 non
242 1993 377 2056 praemissa
412 2009 523 2057 quercu,
559 1995 710 2058 scripsisset:
753 1995 829 2052 coeio,
860 1997 964 2058 Sufficit
990 1998 1030 2044 bic
1053 1997 1136 2044 terris.
1178 1993 1299 2057 Calpurn.

162 2075 279 2121 audiam.
296 2073 369 2123 Ovid.
379 2074 412 2121 X.
424 2074 527 2122 Metam.
540 2074 578 2122 18.
596 2076 629 2122 Iu
641 2092 713 2138 quma
754 2071 842 2136 Eclog.
858 2074 894 2123 II.
913 2076 952 2124 52.
979 2077 1045 2123 burte
1061 2089 1103 2136 eoo
1120 2075 1196 2122 terris
1221 2076 1302 2123 Hunc

163 2154 310 2211 recidimus,
326 2154 450 2214 quidquid
465 2155 570 2201 mortale
589 2169 711 2204 creamur.
752 2167 794 2213 epo
818 2155 942 2202 sideribus
965 2156 1044 2202 sotum
1070 2168 1175 2215 repsere
1185 2153 1300 2216 fatebor.

163 2231 258 2280 Lucan.
276 2230 338 2280 VII.
356 2231 412 2279 363.
449 2231 581 2293 Quidquid
598 2234 713 2295 sipuiseri
754 2229 827 2279 Titus
844 2232 910 2295 apud
926 2231 1044 2294 Hegesip.
1062 2232 1092 2280 de
1105 2231 1301 2280 Excidflieros.

162 2325 334 2372 comprensum
356 2312 438 2358 limite
457 2312 518 2359 coeli
552 2309 605 2357 Sub
627 2313 713 2361 Notou
754 2310 788 2360 V.
806 2312 846 2360 41.
879 2313 936 2361 Tibi
957 2328 995 2360 me
1011 2312 1119 2365 absoluo,
1136 2327 1304 2374 quaecumque

162 2394 190 2436 et
206 2389 309 2436 Borean
325 2390 452 2437 bominum
470 2403 565 2437 murus.
599 2388 647 2438 Sed
664 2390 714 2438 alia
754 2393 782 2438 iu
803 2394 867 2440 coelo
886 2397 999 2454 potestus
1020 2406 1053 2440 es.
1090 2391 1146 2452 Ego
1172 2390 1302 2452 vulgatam

164 2468 192 2514 in
209 2467 246 2514 his
263 2467 375 2514 versibus
392 2482 432 2516 me
449 2467 552 2531 impedit
568 2468 710 2526 difficultas,
754 2468 884 2517 lectionem
909 2469 935 2516 in
960 2469 1066 2518 Horatio
1086 2474 1229 2531 corruptam
1250 2482 1303 2516 esse

164 2545 284 2593 nimirum
309 2549 422 2608 quisquis
443 2551 472 2596 irc
492 2550 556 2597 coelo
576 2549 642 2610 repis
664 2553 712 2596 ter·
753 2553 814 2610 puto
835 2548 921 2611 itaque
938 2547 1122 2611 corrigendam:
1141 2550 1218 2603 At,o
1241 2549 1302 2596 Deo·

165 2640 217 2673 rus.
250 2625 332 2672 Huius
350 2625 480 2674 locutionis
497 2641 547 2674 non
563 2628 635 2675 credo
652 2628 713 2677 alte·
754 2641 812 2674 rum
829 2629 941 2690 quisquis
957 2629 985 2676 iu
1001 2630 1065 2677 coeio
1082 2629 1156 2689 repis,
1175 2630 1265 2675 Terret
1278 2632 1303 2675 et

165 2717 224 2751 rum
241 2710 366 2766 repertum
383 2704 415 2751 iri
427 2705 579 2767 exemplum.
601 2706 714 2754 Usitatae
755 2709 893 2755 humanum
909 2722 991 2769 percus.
1026 2707 1122 2769 Iupiter
1139 2707 1165 2754 in
1181 2706 1250 2754 coelo
1266 2720 1303 2753 re·

165 2783 295 2844 poetarum
313 2783 435 2831 formulae
452 2791 522 2832 sunt:
540 2784 636 2847 Iupiter
648 2785 713 2832 Deos
755 2787 803 2848 git,
831 2794 856 2835 et
877 2788 929 2836 eius
950 2787 1083 2850 imperium
1104 2793 1129 2836 et
1149 2794 1257 2849 potestas
1277 2787 1303 2835 in

165 2866 191 2910 et
211 2861 334 2921 homines,
360 2863 458 2911 coelum
480 2871 504 2911 et
525 2869 620 2922 terras,
641 2864 713 2927 regit.
755 2879 794 2913 res
815 2866 938 2915 humanas
955 2867 1030 2917 etiam
1046 2868 1176 2930 praeprue
1192 2881 1236 2930 per
1245 2867 1304 2930 ful·

167 2939 197 2989 Si
218 2940 311 2989 dicant:
329 2941 423 3004 Iupiter
440 2944 468 2990 irr
484 2945 548 2991 coelo
565 2943 640 3004 repit,
658 2949 712 2990 tan·
755 2947 825 2994 ruiuc
841 2944 999 3008 intelligitur,
1016 2946 1105 3009 quibus
1122 2945 1239 2994 mortales
1256 2952 1304 2993 ter·

166 3028 222 3067 tum
239 3020 383 3083 intelligunt
399 3035 506 3083 regnum
521 3021 587 3069 Iovis
603 3021 714 3079 coeleste,
755 3029 800 3072 ret.
834 3024 926 3086 Virgil.
948 3024 968 3073 I.
991 3026 1056 3073 Aen.
1078 3026 1135 3072 230.
1167 3026 1250 3087 Oqui
1266 3039 1305 3072 res

165 3101 231 3149 illud
248 3105 389 3163 separantes
407 3115 422 3146 a
438 3114 515 3163 regno
532 3102 658 3158 terrestri,
675 3101 715 3148 cui
756 3104 931 3164 liorriiuumque
952 3103 1083 3165 Dequue
1104 3104 1221 3151 Aeternis
1239 3106 1305 3164 repis

166 3187 222 3228 tum
243 3194 314 3243 saepe
335 3179 508 3242 praefidebant
530 3179 621 3238 alium,
641 3194 715 3241 quam
756 3182 869 3242 imperiis
889 3187 914 3229 et
924 3181 1038 3243 fulmiue
1055 3188 1142 3230 terres.
1176 3182 1264 3229 Horat.
1283 3182 1303 3229 I.

167 3259 261 3308 Iovem.
287 3260 373 3307 Horat.
396 3258 446 3307 III.
473 3258 557 3308 Carni.
579 3260 602 3306 5.
644 3260 716 3307 Coelo
757 3258 841 3308 carm.
858 3261 882 3308 2.
907 3263 1011 3308 rubente
1027 3263 1145 3308 Deutero
1160 3275 1249 3308 socrus
1265 3261 1303 3308 iu·

167 3345 296 3388 torrentem
316 3340 467 3388 credidimus
483 3340 568 3386 Iouem
586 3339 716 3400 Repnure,
757 3340 859 3387 culutus
870 3355 941 3388 orces
956 3340 1060 3388 Terruit
1071 3341 1165 3386 urbem.
1200 3335 1304 3388 Oviul.

166 3433 288 3481 praeseus
314 3421 399 3466 Diuus
424 3419 557 3466 habebitur
579 3419 715 3478 Aupustus.
758 3419 910 3468 Metambb.
929 3418 1305 3466 Hunruuusmoturatouitrua

168 3496 242 3547 Ovid.
268 3496 346 3545 XIII.
372 3496 473 3544 Metam.
496 3496 552 3544 842.
591 3497 716 3556 Adspice,
759 3503 857 3546 ruentes.
892 3496 968 3545 XIV.
984 3497 1041 3547 817.
1064 3498 1208 3559 tonitruque
1219 3501 1243 3545 et
1248 3496 1305 3559 fui·

167 3578 216 3626 sim
233 3582 361 3638 quuutrcs:
378 3591 428 3623 ucri
444 3581 481 3624 est
499 3577 542 3624 boc
553 3589 654 3636 corpore
665 3590 716 3622 rio·
758 3592 819 3639 pure
837 3579 931 3626 terruit
948 3579 1040 3625 urbem.
1074 3576 1162 3625 Valer.
1173 3574 1257 3623 Flacc.
1268 3574 1304 3622 II.

167 3659 208 3704 ior
225 3657 329 3716 Iupiter
345 3656 373 3702 iu
389 3656 466 3703 coelo:
484 3670 542 3702 uerri
555 3669 597 3702 ros
608 3669 718 3701 narrare
758 3657 815 3705 361.
841 3657 960 3705 mortales
975 3661 1068 3705 memes
1080 3664 1162 3706 terror
1173 3657 1235 3717 coit,
1246 3654 1305 3702 Iove

167 3735 253 3782 soletis
286 3735 374 3782 Nescio
398 3750 470 3796 quem
494 3749 600 3795 repsere
624 3735 716 3781 Iovem
760 3742 869 3785 tonante.
904 3734 1067 3799 Germanicus
1089 3735 1115 3781 in
1133 3734 1249 3782 Arateis:
1267 3734 1306 3780 Et

168 3812 248 3862 Cuius
265 3812 313 3860 loci
330 3812 453 3860 distinctio
470 3817 506 3860 est
518 3812 651 3860 mutanda:
669 3825 718 3859 acu
759 3816 820 3864 coeii
848 3820 928 3863 terret
956 3815 1054 3862 sonitus
1078 3814 1198 3861 mortalia
1222 3814 1304 3860 corde.

168 3898 208 3940 est
223 3892 267 3940 boc
280 3907 381 3953 corpore
393 3893 472 3939 uioior
484 3893 599 3953 Iupiter:
616 3893 644 3938 iu
655 3894 719 3940 coelo
760 3893 858 3942 Amob.
875 3892 909 3940 V.
926 3908 950 3955 p.
971 3892 1024 3942 172.
1053 3894 1218 3954 Torquentem
1233 3891 1306 3938 iilum

170 3987 230 4019 nom
247 3986 288 4018 vos
304 3985 340 4033 sq.
358 3971 452 4020 Lucan.
470 3969 520 4019 111.
538 3972 594 4019 319.
614 3972 720 4019 rmrtoie
759 3975 856 4028 sideru,
873 3978 897 4020 et
913 3973 958 4033 qui
966 3971 1202 4032 pallidasauticues
1209 3973 1306 4030 perter-

170 4066 247 4112 peuus
262 4065 308 4112 per
319 4050 435 4113 suintino
452 4056 553 4098 turtum
577 4051 659 4098 Sciret
677 4051 718 4097 od·
761 4057 800 4100 ret
811 4057 835 4099 et
844 4050 992 4112 prosternit.
1013 4047 1124 4096 Isidorus
1135 4047 1157 4096 I.
1174 4047 1254 4109 Epist.
1265 4047 1306 4097 73.

171 4131 221 4177 huc
245 4130 309 4178 coelo
333 4132 413 4178 saitem
441 4146 546 4192 repuure
574 4131 719 4177 Tououtem.
762 4129 902 4193 θαυμάζεις
924 4126 995 4184 ὅπως
1012 4131 1064 4175 τῶν
1084 4125 1175 4174 ἑαυτοῦ
1196 4124 1306 4173 ἀνακτό-

172 4209 288 4256 Lactant.
310 4208 331 4256 1.
355 4210 392 4257 ll.
421 4211 487 4268 Qube
508 4215 546 4258 est
565 4211 646 4270 icitur
668 4214 721 4256 tam
761 4227 813 4274 ρων
831 4208 844 4256 ὁ
861 4207 922 4263 Θεὸς
940 4207 970 4255 οὐ
987 4205 1092 4270 φείδεται
1115 4203 1157 4253 ὅτε
1174 4203 1257 4269 φόβον
1274 4203 1308 4267 τῇ

170 4302 271 4343 excors,
287 4290 332 4349 qui
348 4290 415 4338 breue
432 4289 538 4350 (Iovem)
560 4291 588 4336 iu
604 4290 668 4337 coeto
684 4303 721 4336 re·
762 4287 795 4353 γῇ
805 4287 949 4350 ἐπαφίησιν.
972 4285 1066 4335 Seneca
1077 4283 1164 4334 octav.
1174 4284 1230 4332 230.
1256 4283 1308 4341 Qui
