2916 5220
556 307 730 372 LIBER
775 308 802 369 l.

293 492 445 576 Aequor?
471 490 545 554 Nou
569 490 631 554 tibi
655 496 733 555 sunt
757 490 885 574 integra
908 490 1027 571 lintea,

294 594 369 658 Non
395 595 455 676 Di,
481 615 561 679 quos
586 594 705 658 iterum
728 615 841 678 pressa
863 615 957 658 voces
981 595 1077 658 malo.

340 696 497 776 Quamvis
522 696 660 761 Pontica
682 695 797 780 pinus,

428 799 536 865 Silvae
559 799 629 863 filia
651 798 789 881 nobilis,

293 904 398 968 lactes
422 910 455 967 et
477 924 580 987 genus
606 908 638 967 et
661 923 781 967 nomen
805 903 938 984 inutile,

146 1057 206 1103 Non
224 1055 274 1112 Di,
297 1070 357 1118 quos
377 1057 471 1103 iterum
486 1069 659 1118 praesumem
701 1055 822 1116 disputari
839 1054 933 1118 possint
949 1069 982 1102 ex
1000 1053 1088 1104 Ovidio
1106 1054 1179 1104 XVI.
1198 1056 1247 1104 He-

109 1137 185 1183 malo.
220 1135 251 1181 In
267 1135 374 1183 Franek.
390 1129 509 1198 &aanor
519 1138 660 1197 estprense
701 1134 761 1181 reid.
791 1135 843 1182 113.
871 1134 912 1181 ubi
942 1136 1025 1182 Venas
1042 1135 1162 1182 cornituta
1179 1138 1248 1198 capi·

109 1220 139 1260 ut
157 1213 261 1261 coniecit
283 1214 316 1261 N.
338 1214 457 1261 Heinsius
474 1220 499 1262 ct
515 1213 568 1261 alii:
585 1213 660 1275 idque
700 1214 757 1260 diae
773 1219 811 1261 est
827 1215 919 1272 tatela3
937 1218 961 1260 et
977 1226 1009 1260 ex
1025 1211 1112 1261 Persio
1128 1214 1177 1263 VI.
1196 1214 1247 1264 Sat.

109 1291 134 1339 h.
164 1292 181 1340 l.
208 1293 297 1340 melius
323 1293 440 1350 arbitror,
465 1308 540 1356 quam
564 1307 659 1354 presso.
700 1292 739 1338 29.
761 1293 826 1341 iacet
846 1293 900 1354 ipse
916 1290 1074 1353 (naufragus)
1090 1294 1118 1340 in
1135 1293 1208 1341 litore
1224 1300 1249 1342 et

108 1371 313 1418 Prebeuduptar
329 1378 354 1418 et
370 1373 660 1434 deprehendaptarnau·
700 1385 752 1417 aaa
786 1371 905 1432 Inpentee
921 1372 951 1417 de
966 1385 1050 1432 puppe
1068 1371 1125 1418 Dei.
1154 1370 1247 1431 Quam-

109 1458 151 1497 tae
168 1455 313 1512 tempestate
332 1450 359 1496 in
380 1450 460 1498 medio
484 1449 559 1506 mari,
584 1462 660 1511 quam
700 1461 776 1509 quam
793 1447 819 1495 iu
837 1447 926 1498 Ovidio
942 1448 973 1495 sit
990 1462 1027 1496 res
1044 1449 1118 1510 plane
1134 1449 1202 1509 ficta,
1224 1459 1248 1501 et

108 1542 162 1576 non
181 1535 392 1590 exspectaverant.
429 1529 488 1576 vio.
509 1528 615 1576 Bentlei.
637 1533 661 1575 ct
700 1528 725 1573 in
742 1526 829 1575 Persio
846 1527 920 1589 accipi
936 1527 1011 1589 possit
1028 1532 1101 1576 “cam
1120 1531 1248 1579 Deotute-

108 1606 182 1656 Serv.
201 1608 232 1654 ad
249 1607 297 1656 IV.
315 1608 405 1672 Georg.
418 1609 474 1656 421.
496 1611 661 1670 “Deprensus
701 1608 764 1663 lari,
790 1608 929 1668 quicunque
955 1608 976 1654 ie
997 1606 1085 1669 faerit
1113 1610 1249 1658 Deeram.”

107 1685 217 1733 verbum
233 1688 362 1735 nauticum
379 1694 428 1743 est,
445 1701 501 1734 cum
515 1692 660 1748 tempestate
701 1683 767 1740 Hoc,
788 1684 902 1746 inquam,
924 1699 973 1732 nen
995 1700 1096 1747 urgueo.
1130 1687 1196 1734 Nam
1222 1689 1247 1736 in

107 1766 288 1827 occupantur.''
336 1766 438 1814 Diceres
472 1767 600 1815 Avienum
634 1766 659 1812 in
701 1770 848 1824 argumento
865 1763 895 1810 de
911 1764 995 1812 tutelis
1012 1771 1036 1812 et
1052 1765 1188 1828 insignibus
1205 1783 1247 1815 na·

106 1843 213 1892 Arateis
239 1858 289 1891 non
316 1845 485 1893 immemorem
514 1844 587 1894 fuisse
612 1845 660 1892 loci
701 1842 781 1900 vium,
798 1844 872 1890 etiam
890 1849 943 1905 post
960 1845 1149 1893 eruditissimam
1160 1847 1248 1895 Ruhn-

39 1972 47 1983 ‚
106 1921 253 1971 Horatiani:
274 1929 392 1987 vastoque
413 1926 500 1973 debinc
523 1927 659 1987 deprensae
701 1921 767 1968 kenii
782 1921 1247 1982 dissertationem,multamaneutin-

105 2002 135 2048 in
157 2003 210 2050 aito
232 2003 409 2064 Nequidquam
428 2005 516 2065 pipree
541 2003 660 2052 clarnobit
701 2006 774 2049 certa.
801 2001 850 2051 Sed
867 2001 888 2048 si
904 2002 974 2050 navis
992 2009 1161 2066 tempestatem
1178 2006 1249 2053 salva

104 2081 195 2127 sidera
212 2082 309 2129 Lance.
334 2083 472 2131 Eumenius
488 2083 513 2129 in
529 2081 599 2132 Orat.
615 2098 660 2144 pro
701 2081 826 2137 evasisset,
847 2080 945 2128 salvum
970 2089 1023 2129 erat
1048 2097 1152 2141 numen,
1177 2083 1248 2130 cuius

105 2159 276 2207 instaurandis
295 2160 390 2210 Scholis
406 2176 459 2224 cap.
480 2163 503 2209 6.
541 2163 609 2220 Quos
626 2164 660 2210 ad
684 2164 797 2226 ‚tantam
827 2174 912 2208 curam
944 2160 1074 2223 gerebant,
1104 2166 1133 2207 nt
1161 2162 1247 2219 etiarn,

105 2239 166 2300 ipsu
184 2241 281 2301 palatii
301 2242 447 2303 propitieris
465 2243 568 2303 proc-elai
589 2256 657 2303 opor·
701 2240 758 2286 novi
780 2240 870 2298 fracta,
892 2247 979 2287 nantes
1000 2254 1083 2288 secum
1105 2240 1130 2287 in
1156 2247 1247 2288 terram

107 2323 186 2374 teret,
203 2319 283 2366 vetuti
299 2321 427 2381 repentino
438 2322 560 2368 itabiloin
572 2322 659 2368 mediis
701 2320 827 2368 ducerent.
845 2321 904 2368 Vid.
922 2320 939 2367 l.
957 2321 974 2367 l.
993 2320 1080 2368 Persii.
1118 2320 1205 2383 Atque
1221 2323 1247 2368 in

106 2397 289 2445 adolescentiae
299 2398 425 2459 fluetibus
442 2399 600 2460 deprehensi,
621 2401 658 2446 in·
701 2399 850 2459 gravissimis
866 2399 981 2460 procellis
992 2400 1071 2460 magis
1082 2399 1248 2461 implorabant

105 2482 179 2524 certe
195 2477 295 2524 dicendi
305 2477 378 2538 appa
388 2483 558 2538 sequerentur.
584 2478 658 2527 Adde
700 2477 766 2525 Deos
782 2478 890 2526 marinos
914 2483 939 2525 et
959 2477 1096 2546 Castorem.
1111 2491 1168 2525 cum
1185 2478 1248 2525 Pol·

106 2553 231 2602 Amtzen.
249 2555 280 2602 ad
301 2555 402 2602 Arator.
424 2556 536 2604 11683.
570 2558 604 2604 Et
625 2559 659 2605 sic
699 2555 767 2612 luce,
785 2570 860 2618 quam
877 2570 970 2604 numen
987 2555 1100 2604 tutelare.
1133 2556 1189 2603 Hoc
1206 2572 1248 2618 pa·

107 2631 206 2682 Graeci.
248 2633 367 2696 Apollon.
393 2635 473 2683 Rhod.
499 2635 533 2683 II.
560 2636 657 2698 Argon.
699 2640 734 2682 tet
751 2649 782 2683 ex
799 2634 907 2682 centenis
924 2634 1051 2696 potiturum
1067 2633 1133 2682 loeis
1158 2635 1247 2697 Neque

109 2711 183 2762 1087.
219 2714 263 2776 opi
293 2710 433 2774 κατέλλαβε
464 2713 582 2776 χείματος
608 2716 657 2780 ὥρη
699 2711 770 2760 t'aeile
795 2713 864 2759 navis
889 2713 942 2760 sine
967 2713 1021 2760 Deo
1046 2713 1146 2762 tutelari
1167 2713 1246 2762 altum

107 2788 282 2855 Ἀπροφάτως.
308 2791 394 2840 Burm.
414 2792 444 2838 ad
461 2792 570 2840 Phaedri
587 2794 621 2841 V.
634 2796 656 2842 li.
698 2796 797 2852 peteret.
832 2790 859 2839 Si
881 2791 1018 2839 amisissent
1034 2797 1190 2854 tempestate,
1208 2793 1246 2841 al-

107 2881 159 2915 non
176 2877 242 2918 reete
252 2873 314 2934 egit,
325 2872 486 2932 interpretans
497 2873 658 2931 depredevame
699 2873 778 2916 teram
798 2869 986 2930 imagunculam
1007 2869 1078 2917 eitius
1096 2870 1142 2917 sibi
1159 2887 1247 2934 parare

107 2963 154 3010 per
165 2951 388 3005 ebroicamerma
414 2949 481 2997 Nam
489 2949 559 2995 navis
568 2950 658 2998 obruta
698 2953 825 3009 poterant,
842 2963 917 3011 quam
934 2956 1012 2997 totam
1030 2964 1119 2997 navem
1137 2951 1244 2999 reficere.

108 3034 135 3076 et
154 3041 237 3076 mersa
255 3028 334 3090 periit.
368 3026 441 3087 Quod
461 3027 527 3074 idem
548 3025 656 3088 plerum·
699 3025 752 3082 Dii,
773 3027 857 3082 erede,
879 3026 919 3073 hic
940 3034 999 3075 sunt
1021 3031 1115 3078 praeripi
1135 3037 1160 3078 ct
1188 3034 1245 3078 Cns-

108 3122 157 3169 que
174 3106 241 3155 valet
257 3107 288 3154 de
299 3106 356 3153 navi
367 3121 462 3168 presse.
488 3105 572 3165 Quare
582 3106 656 3154 etiarn
700 3109 771 3153 iore-v.
796 3105 849 3152 Hos
865 3105 947 3163 navis,
965 3105 1055 3153 iterum
1068 3108 1245 3169 maloprensa‚

107 3185 190 3233 iudice
207 3186 272 3233 hanc
292 3185 421 3233 lectionem
442 3184 482 3232 hie
502 3185 584 3231 minus
605 3199 657 3234 esse
699 3181 791 3231 frustra
806 3185 942 3240 invocaret,
960 3184 1018 3246 quia
1038 3185 1105 3245 prius
1127 3186 1174 3235 iter
1195 3189 1244 3236 iam

108 3265 271 3312 commodam.
304 3263 424 3312 Horatius
449 3262 606 3325 Allegorianr
623 3266 657 3313 ita
698 3261 747 3308 illis
764 3263 846 3310 invitis
868 3269 920 3311 erat
944 3270 1097 3325 susceptum,
1122 3268 1188 3326 quod
1211 3283 1245 3316 ex

108 3344 224 3391 instituit.
256 3343 335 3391 Navis
352 3357 411 3405 ergo
427 3343 518 3390 iterum
534 3349 608 3404 portu
620 3358 656 3391 re·
699 3348 842 3403 tempestate
860 3348 1014 3403 apparuerat.
1049 3342 1136 3405 Itaque
1153 3353 1245 3394 nautae

107 3424 167 3471 licto
183 3423 209 3471 in
227 3436 295 3470 mere
311 3421 430 3484 proficisci
444 3427 527 3483 parat,
544 3423 657 3482 quamvis
698 3429 752 3469 turn
769 3427 899 3478 voverant,
918 3434 956 3477 se,
978 3420 999 3467 si
1020 3420 1082 3469 salvi
1102 3422 1128 3469 in
1144 3430 1244 3486 portum

108 3503 184 3551 etiam
201 3501 296 3549 laboret
312 3499 476 3557 detrimentis,
497 3516 561 3563 quae
577 3516 657 3563 nuper
698 3502 822 3557 venirent,
840 3499 865 3545 in
882 3506 956 3561 portu
972 3514 1024 3548 esse
1040 3494 1178 3550 ma'nsuros.
1203 3504 1244 3551 ld-

109 3581 173 3630 secit.
208 3580 310 3628 Maneat
330 3579 423 3642 potius:
447 3594 507 3627 nam
528 3580 549 3626 si
569 3594 656 3628 rursus
698 3596 746 3644 que
762 3581 853 3643 optime
870 3579 985 3628 convenit
1001 3593 1058 3628 eum
1075 3581 1142 3629 bello
1164 3583 1244 3640 civili,

109 3659 185 3706 simili
201 3664 347 3721 tempestate
362 3659 387 3705 in
405 3657 560 3705 mediomari
572 3659 655 3720 depre-
698 3660 763 3721 quod
774 3675 817 3722 per
828 3665 906 3707 totam
917 3659 1075 3721 Allegoriam
1086 3660 1244 3723 intelligitur.

109 3740 248 3795 tendetur,
266 3751 316 3785 non
332 3737 432 3793 evadet,
450 3743 478 3784 ut
495 3744 555 3784 tune
572 3739 655 3786 evasit.
697 3738 792 3785 Eadem
810 3739 893 3802 imago
910 3747 946 3788 est
963 3739 988 3786 in
1014 3740 1064 3786 his:
1094 3742 1129 3787 Te
1153 3757 1245 3789 ruralis

109 3819 166 3874 Dii,
183 3818 320 3865 seeundum
332 3816 484 3878 interpretes,
494 3815 534 3862 hic
545 3821 603 3862 sunt
614 3816 657 3864 Dii
697 3818 724 3864 ia
746 3821 837 3868 bellam
857 3823 984 3868 resorbens
1011 3820 1087 3867 Uada.
1098 3819 1166 3881 freti
1183 3822 1245 3867 tulit

109 3895 228 3943 tutelares
244 3896 355 3953 navium,
372 3908 434 3958 quos
451 3902 582 3957 tempestas
594 3895 656 3944 deie-
698 3899 814 3946 aestuosi.

108 3981 182 4022 cerat.
208 3975 294 4036 Atque
311 3975 357 4021 hoe
373 3979 425 4020 tam
441 3972 656 4031 certeafiirmant,
733 3979 854 4036 Quamuis
877 3977 985 4024 Pontica
1003 3976 1092 4036 pinus,
1116 3975 1199 4023 Silvae
1209 3977 1243 4037 fi-

107 4054 179 4116 quasi
201 4053 247 4116 ipsi
266 4052 429 4100 interfuerint.
461 4054 516 4115 Ego
540 4053 590 4100 iam
611 4054 657 4102 hoc
698 4057 734 4103 lia
750 4057 851 4112 nobilia,
874 4056 958 4102 Iactes
978 4057 1003 4099 et
1024 4059 1141 4113 percepset
1158 4069 1244 4103 penten

108 4146 217 4195 urguere
238 4132 305 4188 nolo,
328 4131 401 4179 fuisse
421 4131 447 4178 in
464 4146 514 4179 una
530 4131 587 4178 navi
604 4132 655 4180 Re·
697 4136 793 4182 inutile.
827 4133 908 4180 Locus
933 4130 1014 4178 adhue
1039 4130 1164 4179 meliorem
1190 4148 1243 4182 ver-

107 4225 183 4258 mana
209 4224 289 4257 unum
310 4209 402 4272 aliquid
424 4224 516 4258 numen
538 4212 655 4269 tutelare,
697 4213 784 4260 borum
811 4211 991 4258 distinctionem
1022 4209 1148 4258 desiderat.
1191 4213 1244 4260 Alii

107 4297 176 4337 stans
194 4289 219 4336 in
237 4304 329 4352 puppe:
350 4305 409 4336 narn
426 4289 475 4337 scio
492 4305 555 4353 quac
572 4298 657 4340 contra
696 4292 821 4354 explicant
842 4289 972 4353 “quamvis
990 4287 1022 4336 sis
1039 4288 1145 4338 Pontica
1166 4297 1190 4339 et
1212 4292 1243 4338 sis
