2916 5220
635 331 864 394 Lissi.

400 515 499 580 Dulci
526 537 640 600 sopore
664 516 857 601 languidae,

355 617 488 701 Senem,
513 619 600 703 quod
624 640 737 683 omnes
761 618 905 695 rideant,
931 619 1117 684 adulterum

400 721 538 786 Latrent
563 721 752 786 Suburanae
776 743 889 802 canes,

353 824 463 888 Nardo
487 830 701 908 perunctum,
726 823 822 908 quale
845 844 910 887 non
935 823 1110 907 perfectius

401 927 493 991 Meae
517 926 697 991 laborarint
719 948 846 990 manns.

350 1029 437 1107 Quid
460 1029 599 1094 accidit?
623 1028 689 1095 Cur
712 1028 783 1092 dira
805 1028 960 1093 barbarae
984 1029 1093 1093 minus

393 1132 529 1197 Venena
552 1132 685 1196 Medeae
709 1132 834 1212 valent,

352 1233 478 1313 Quibus
502 1235 676 1318 superbam
698 1233 787 1318 fugit
809 1233 881 1297 ulta
904 1233 1076 1317 pellicem,

393 1337 508 1420 Magni
533 1335 682 1401 Creontis
707 1336 827 1416 filiam,

350 1439 458 1518 Quum
481 1439 585 1524 palla,
612 1438 687 1503 tabo
708 1460 829 1502 munus
853 1437 1037 1519 imbutum,
1062 1458 1178 1500 novam

393 1542 551 1607 lucendio
575 1546 714 1626 nuptam
738 1539 900 1605 abstulit?

346 1645 451 1729 Atqui
474 1667 533 1709 noc
557 1644 656 1708 herba
680 1665 738 1708 neo
764 1644 870 1708 latens
894 1641 929 1705 in
954 1641 1076 1725 asperis

393 1748 501 1812 Radix
525 1746 643 1812 fefellit
666 1769 719 1810 me
742 1746 832 1810 locis.

347 1851 505 1916 Iadcrma't
526 1854 630 1915 uaeris
652 1854 786 1915 omniura
809 1847 958 1914 cubilibus

397 1952 553 2018 Obliamac
570 1953 728 2038 pellicum.

346 2055 417 2120 Ah!
442 2056 502 2120 ahl
527 2055 655 2120 solutus
680 2054 829 2134 ambulat
852 2055 1015 2119 veneficae

391 2158 579 2224 Soientioris
604 2158 756 2223 carmine.

162 2344 251 2393 brariis
276 2358 330 2392 esse
355 2345 496 2403 turbatum,
521 2345 556 2392 sic
581 2344 711 2393 restituen-
786 2346 880 2393 Latens
896 2348 924 2394 ia
941 2351 1036 2409 asperis
1058 2351 1302 2414 Radiafesellitme

161 2423 234 2472 dum:
253 2425 312 2472 Noa
333 2429 358 2471 et
376 2426 477 2482 Diana,
495 2440 559 2486 qaae
581 2425 711 2472 silentiam
752 2426 819 2473 lacis.
852 2424 910 2474 MS.
935 2425 1010 2473 Voss.
1034 2428 1122 2475 latrat.
1157 2427 1239 2490 Supra
1259 2441 1301 2490 po-

161 2504 239 2564 rscia,
259 2505 362 2551 Arcana
377 2504 531 2566 qaamfiaat
542 2518 630 2551 sacra:
650 2505 710 2550 For·
752 2504 827 2551 situm
845 2506 946 2552 latrent.
981 2505 1044 2553 Mox
1060 2508 1088 2554 ta
1104 2508 1170 2555 Iocis.

162 2583 296 2629 rnidoloaae
325 2583 383 2629 dum
413 2584 494 2630 lateat
523 2583 595 2629 siluis
617 2581 710 2645 ferae,
793 2585 921 2631 Iadcrrra't
956 2587 1042 2632 artatis
1070 2586 1180 2633 carratam
1209 2585 1298 2633 cubili·

161 2661 243 2708 Dalei
259 2675 343 2722 sapore
360 2662 510 2722 larayaidae:
534 2663 624 2718 Naue,
644 2676 711 2709 arana
751 2665 802 2710 bas.
831 2663 870 2710 De
887 2662 1051 2724 explicatione
1072 2663 1161 2710 horum
1182 2677 1299 2711 versuum

160 2741 253 2787 adeste.
286 2739 356 2786 Haec
372 2739 496 2801 pertinent
513 2738 544 2785 ad
561 2737 640 2784 noctis
653 2737 710 2784 taci-
750 2741 837 2788 misere
866 2746 1014 2802 torquentur
1050 2741 1210 2804 interpretes,
1239 2757 1299 2804 qua·

161 2823 250 2865 tornae
274 2817 476 2880 descriptionem,
502 2817 602 2880 quando
627 2816 711 2864 Diana
750 2824 806 2866 tuor
829 2819 880 2868 fere
905 2820 982 2867 modis
1007 2819 1164 2867 difficultates
1184 2820 1300 2882 expedire

161 2896 288 2945 silentium
304 2897 379 2959 regit,
402 2898 496 2946 tacitae
510 2912 557 2958 per
574 2897 656 2944 carica
672 2898 707 2943 si·
749 2897 842 2946 frustra
865 2901 953 2947 conati.
996 2899 1072 2948 Addo
1098 2900 1230 2962 quintum,
1256 2900 1299 2962 qui

160 2977 240 3024 tentia
265 2977 361 3023 Lanae.
395 2974 426 3022 In
451 2975 561 3036 vulgatis
586 2974 625 3021 hic
649 2974 709 3021 ordo
748 2984 786 3026 est
802 2978 1009 3041 simplicissimus:
1043 2978 1147 3027 “Varus
1164 2980 1255 3026 dormit
1271 2979 1298 3028 in

160 3053 294 3100 verborum
311 3060 361 3102 est:
378 3052 417 3102 “O
434 3053 493 3101 Nox
510 3060 535 3100 et
545 3052 637 3109 Diana,
645 3068 709 3115 quae
748 3057 828 3103 unctis
857 3064 881 3104 et
907 3057 1010 3104 sordidis
1038 3057 1161 3104 cubilibus
1186 3059 1298 3106 omnium

160 3139 283 3197 nocturno
304 3140 413 3195 tempore
433 3132 512 3189 luces,
535 3147 602 3181 nunc
619 3133 708 3181 adeste.
748 3134 881 3196 pellicum,
910 3135 988 3182 oblita
1012 3135 1085 3183 mei.”
1119 3135 1173 3182 Hoc
1190 3136 1298 3184 voluisse

160 3211 231 3260 Dum
248 3213 314 3260 ferae
330 3213 356 3260 in
373 3212 440 3260 silvis
458 3213 549 3269 latent,
567 3218 591 3258 et
608 3225 659 3258 nox
672 3219 709 3260 est
748 3217 809 3273 puto
830 3220 968 3269 auctorem,
995 3212 1037 3259 sed
1062 3212 1144 3260 minus
1165 3213 1227 3261 bene
1248 3214 1296 3262 La·

160 3291 313 3354 intempesta,
324 3307 396 3340 canes
407 3292 499 3339 latrent
510 3291 617 3338 senem.''
637 3290 708 3350 Quae
748 3289 798 3338 tine
822 3291 977 3351 expressisse.
1027 3290 1054 3340 Si
1080 3305 1166 3338 versus
1196 3292 1295 3349 deleas,

160 3370 242 3418 minus
259 3379 325 3419 reete
340 3371 484 3434 procedunt.
747 3368 868 3416 sententia
901 3370 976 3417 totius
1006 3370 1123 3417 orationis
1157 3368 1224 3416 facili
1253 3383 1293 3418 or·

195 3452 283 3498 Senem
300 3451 446 3499 adulteram
473 3450 707 3497 LatreatSabara·
747 3447 803 3495 dine
819 3447 982 3510 progreditur.
1016 3447 1100 3508 “Quid
1117 3446 1220 3495 accidit?
1242 3447 1294 3496 Va·

160 3542 207 3575 nae
228 3543 307 3577 canes.
345 3528 450 3576 Frustra
470 3527 634 3575 emendarunt
654 3531 707 3574 aeni
747 3541 790 3573 rus
815 3540 864 3573 non
889 3526 920 3573 ad
942 3541 982 3574 me
1003 3527 1074 3574 redit.
1108 3527 1178 3574 Num
1199 3540 1295 3574 venena

159 3608 280 3655 adaltac.
314 3608 381 3655 Nam
398 3607 518 3655 Latinum
536 3612 573 3653 est
589 3609 655 3653 latro
672 3621 705 3653 se·
747 3617 802 3650 mea
819 3603 900 3650 minus
918 3603 1017 3651 valent?
1042 3605 1123 3667 Atqui
1140 3604 1201 3652 nihil
1218 3604 1295 3652 oblita

159 3701 226 3742 nerra,
256 3694 284 3734 ut
313 3686 437 3735 Graecum
464 3685 564 3734 ὑλακτῶ
590 3684 705 3749 γέροντα.
747 3697 814 3740 sum,
832 3682 891 3745 quin
912 3697 942 3730 ea
963 3682 1068 3731 facerem
1090 3699 1163 3745 quam
1184 3683 1293 3731 maxime

159 3763 243 3813 Plaut,
262 3765 367 3814 Poenul,
385 3766 419 3813 V,
441 3767 463 3812 4,
486 3765 526 3812 64,
565 3766 651 3810 Etiam
669 3780 707 3812 me
747 3761 836 3809 valida.
870 3763 926 3810 Ah!
952 3763 1002 3810 iam
1024 3765 1081 3811 selo.
1115 3763 1191 3812 Liber
1212 3769 1249 3811 est
1268 3769 1294 3811 et

159 3858 225 3890 areae
242 3847 341 3891 latrant
361 3859 439 3891 cauea.
473 3842 540 3889 Vide
561 3841 705 3904 interpretes
746 3839 887 3887 defenditur
913 3851 1000 3888 contra
1029 3856 1125 3890 venena
1154 3855 1209 3889 mea
1237 3854 1291 3888 car·

159 3921 190 3968 ad
207 3921 283 3970 Gellii
300 3922 372 3969 Noct.
390 3923 446 3970 Aa.
463 3920 527 3968 VII.
542 3921 561 3968 1.
580 3920 704 3970 Theocrit.
746 3917 812 3964 mine
841 3917 975 3966 scientioris
1001 3919 1146 3967 veneficae.''
1181 3918 1236 3966 Iam
1256 3920 1292 3967 in·

159 3999 207 4048 Vl.
232 4001 273 4048 29.
299 4000 423 4047 Valckeu.
445 3999 470 4046 in
493 3998 603 4047 Praefat.
626 4001 704 4062 Epist.
745 4003 845 4058 terpone
864 3996 972 4057 glossam
994 3999 1120 4045 Iudarmit
1139 4000 1235 4056 aneta,
1255 3999 1292 4045 in-

158 4076 311 4135 Phalaridis,
329 4077 442 4126 editionis
453 4078 634 4140 Lennepianae.
652 4079 705 4127 Pro
746 4075 884 4137 terposuisti
908 4075 1022 4123 tenebras
1046 4081 1071 4124 et
1095 4075 1183 4124 obices.
1222 4076 1292 4126 Glos-

159 4157 308 4204 Saburaaae
334 4155 412 4205 MSS.
438 4156 510 4204 Voss.
532 4160 703 4205 suburbanae:
745 4170 798 4203 sam
831 4155 962 4219 appellavi.
1007 4155 1047 4202 Ea
1078 4167 1110 4202 ex
1144 4153 1180 4201 his
1211 4155 1292 4203 verbis

157 4240 185 4282 ut
209 4240 234 4282 et
255 4234 375 4282 Priscian.
396 4249 453 4297 pag.
478 4235 547 4284 1052.
569 4241 594 4282 et
611 4237 704 4295 lateat,
744 4240 801 4283 orta
829 4234 943 4282 videtur:
977 4233 1065 4281 Meam
1103 4247 1211 4280 ammam
1243 4249 1291 4282 aaa

157 4313 316 4360 emendatum
333 4317 417 4359 tamen
434 4312 459 4358 in
477 4314 581 4361 latrent.
745 4318 827 4363 aurat.
