2916 5220
415 716 465 803 Q.
497 714 734 790 HORATII
765 713 964 788 FLACCl

335 963 1138 1087 unanimum¹

519 1226 657 1289 LIBER
680 1226 860 1292 PRIMUS.

600 1452 780 1477 ψ

532 1650 780 1716 OARMEN
829 1651 853 1713 l.

303 1789 485 1868 Maecenas
510 1800 616 1866 atavis
640 1801 727 1866 edite
749 1800 899 1886 regibus,

304 1904 332 1970 Ο
356 1909 389 1970 et
411 1903 611 1989 praesidium
636 1909 669 1969 ei
692 1904 787 1970 dulce
810 1903 907 1969 decus
932 1902 1059 1967 meum!

302 2009 401 2091 Sunt,
426 2029 500 2093 quos
523 2007 679 2072 curriculo
695 2007 859 2093 pulcarem
885 2006 1062 2091 Olympiam

302 2210 456 2260 CARMEN
472 2211 494 2259 ΙΙ
707 2185 859 2233 reddendum
875 2190 947 2247 putes
963 2185 989 2243 Ῑ,
1004 2185 1045 2232 42.
1069 2183 1176 2233 Centum
1191 2183 1258 2230 enim

706 2264 836 2324 instituit,
847 2279 900 2312 rem
916 2264 1108 2312 saluberrimam
1126 2266 1198 2309 tanto
1208 2261 1257 2322 fu-

158 2306 197 2395 0
218 2346 244 2391 et
266 2343 424 2403 praesidium
448 2347 474 2389 ct
500 2343 572 2390 dicim
598 2344 672 2390 decta
708 2347 766 2390 turo
785 2343 905 2403 imperio:
936 2357 968 2389 es
991 2356 1038 2403 qao
1060 2341 1117 2388 belli
1141 2341 1260 2401 pacisque

120 2434 209 2469 meum.
243 2419 324 2470 Video
345 2419 412 2467 hunc
429 2434 529 2468 versum
546 2420 577 2468 ab
593 2419 668 2469 inter·
707 2422 794 2469 munia
809 2436 859 2470 non
874 2422 987 2481 viritim,
1011 2426 1041 2468 at
1058 2423 1129 2480 ante,
1154 2420 1197 2466 sed
1212 2434 1259 2480 pro

121 2505 191 2559 prete
212 2500 244 2547 asi
266 2497 394 2561 Sophoclis
415 2497 533 2546 Trachin.
555 2513 592 2549 vs.
613 2500 670 2551 743.
707 2499 796 2548 habitu
809 2500 976 2561 pecuniarum
984 2499 1088 2561 fierent.
1114 2498 1179 2544 Tum
1192 2498 1253 2545 clas·

119 2575 156 2624 ita
172 2577 256 2626 scribi:
283 2579 473 2627 Odesideriam
496 2583 522 2626 et
542 2580 612 2627 dulce
628 2581 669 2627 de-
705 2592 743 2626 ses
763 2579 937 2640 centuriasque
959 2583 984 2627 et
1006 2579 1072 2625 lianc
1092 2577 1205 2624 ordinem
1227 2592 1259 2624 er

119 2670 163 2704 cres
179 2672 269 2706 aream.
303 2655 394 2704 Nescio
415 2661 500 2702 utrum
522 2669 602 2704 errore
618 2671 669 2705 me·
706 2670 780 2704 censu
796 2657 937 2718 descripsit,
953 2657 992 2705 oei
1007 2657 1066 2719 paci
1082 2657 1259 2714 decorumst

120 2733 226 2795 moriae,
242 2748 316 2783 snex
327 2733 438 2784 Turnebi
449 2733 557 2782 Advers.
569 2734 671 2784 XXVI.
707 2734 775 2782 bello.
802 2732 1256 2796 Omissumsortasse,aeiieiioprae·

120 2811 144 2861 7.
178 2812 211 2860 In
232 2810 335 2860 Horatio
356 2817 422 2861 certe
442 2810 505 2859 nihil
523 2812 671 2860 mutandum
706 2811 809 2860 sidium.
843 2812 884 2860 Ita
905 2810 986 2861 Tacit.
1006 2811 1037 2860 da
1054 2810 1120 2860 Mor.
1138 2809 1258 2860 German.
1306 2845 1312 2863 .

120 2896 166 2939 est.
202 2889 305 2940 Sallust.
324 2891 355 2939 Β.
389 2891 446 2953 Iug.
472 2889 510 2938 19.
554 2890 672 2940 Coloniae
709 2889 747 2938 13.
782 2893 877 2954 Mapno
892 2891 1258 2953 campereleetorumiuvenum

122 2972 286 3031 Phoenicum,
301 2972 369 3020 breti
381 2972 491 3019 multum
501 2975 601 3032 auctae,
608 2986 672 3033 pars
707 2969 775 3030 plaia
795 2970 963 3027 circumdari,
988 2971 1016 3018 in
1034 2983 1098 3031 pace
1119 2970 1205 3029 deciis,
1229 2970 1257 3016 in

119 3051 260 3113 originibus
276 3052 331 3098 sais
345 3050 488 3112 praesidio,
506 3051 574 3098 aliae
589 3052 672 3100 decori
708 3048 769 3095 bello
782 3049 948 3109 praesidium.

113 3128 201 3190 sucre.
234 3128 333 3176 Auctor
345 3127 463 3177 libelliII
480 3129 511 3177 de
522 3127 609 3179 Ordin.
621 3129 670 3179 Re-
741 3126 809 3174 Sunt
826 3139 885 3187 quos
894 3127 1157 3188 carricuiopuloercm
1170 3127 1257 3188 inm-

120 3205 233 3268 publica:
268 3207 321 3255 Nos
347 3210 371 3256 le
394 3208 538 3269 penuimus,
566 3207 672 3264 Caesar,
706 3207 786 3267 pium.
817 3205 910 3254 Totum
926 3204 973 3252 hoc
989 3202 1090 3251 initium
1106 3203 1192 3251 multis
1209 3202 1256 3250 dif-

119 3288 195 3336 decus
205 3288 409 3348 praesidiumque
423 3287 500 3335 nobis
524 3285 611 3336 Cicero
622 3286 672 3337 111.
708 3284 862 3333 ficultatibus
879 3283 1027 3347 impeditum
1041 3289 1091 3342 est,
1108 3297 1169 3344 quas
1186 3297 1258 3331 nemo

120 3365 153 3412 ad
169 3365 241 3413 Fam.
258 3363 339 3426 Epist.
353 3365 391 3414 10.
421 3366 616 3416 obliuisceretur
626 3383 672 3429 pa·
708 3363 871 3427 interpretum
882 3363 964 3411 adhuc
972 3361 1095 3425 explicare
1103 3362 1192 3425 potuit.
1203 3363 1258 3410 Iam

121 3445 191 3493 troni
206 3446 317 3492 omnium
323 3443 493 3507 fortunarum
505 3459 535 3494 ac
545 3446 673 3494 rationum
710 3443 829 3504 saierus,
854 3451 879 3494 et
904 3442 965 3505 quid
989 3448 1045 3505 post
1066 3440 1186 3491 Guietum
1209 3455 1258 3490 non

119 3536 240 3582 suorum,
275 3524 425 3584 praesertim
457 3537 514 3570 cum
539 3527 569 3571 tu
592 3526 671 3572 omni·
708 3526 851 3572 tentarunt?
873 3523 925 3582 his,
946 3520 1102 3581 studetur,
1124 3521 1256 3570 difficulta-

120 3603 168 3650 ius
191 3603 230 3650 vel
250 3602 405 3649 ornamentis
426 3601 465 3649 cei
477 3603 614 3663 praesidiis
632 3619 671 3652 re·
709 3600 775 3650 tibus
797 3601 928 3664 praecipue
948 3607 1044 3661 motus,
1065 3601 1170 3664 putabat
1186 3615 1258 3650 omne

119 3682 255 3730 dundaret.
289 3679 383 3730 Seneca
404 3680 435 3728 de
455 3679 540 3729 Benef.
558 3681 672 3742 111,33.
709 3695 809 3730 carmen
829 3697 879 3731 non
899 3695 952 3730 esse
968 3680 1075 3729 Horatii.
1109 3681 1165 3743 Ego
1182 3679 1257 3728 aliam

120 3760 182 3822 Ipsi
199 3760 257 3807 urii
273 3760 354 3809 nescio
369 3759 454 3807 maius
461 3761 619 3821 praesidium
630 3763 671 3823 af·
709 3761 776 3810 viam
793 3761 931 3825 ingressus,
952 3767 1045 3823 septem
1062 3759 1173 3809 versibus
1191 3758 1256 3806 dele-

114 3839 208 3900 serens
225 3853 258 3886 an
275 3840 356 3887 decta.
390 3836 484 3887 Seneca
504 3838 579 3888 Herc.
597 3839 674 3891 Oeteo
710 3839 754 3899 tis,
772 3839 877 3903 dignum
893 3842 965 3902 potia
982 3839 1207 3888 Romanocarmen
1221 3836 1255 3886 af·

120 3932 159 3965 vs.
169 3916 228 3968 749.
262 3917 426 3966 Deaainaa
435 3918 587 3980 oriisntque
596 3935 671 3981 prae·
708 3917 761 3968 feci.
794 3919 928 3967 Praeterea
948 3931 1035 3965 consec
1056 3930 1136 3963 unum
1158 3929 1258 3963 versum

119 3997 216 4045 sidiam
234 4011 323 4044 meum.
352 3994 420 4043 Plin.
436 3994 532 4058 Paneg.
547 3997 585 4045 14.
613 4000 672 4059 Hic,
708 3997 744 4045 sic
760 4011 813 4045 esse
829 3995 1055 4058 transponendum:
1074 3995 1154 4043 Hanc
1168 3996 1192 4041 si
1206 4009 1256 4043 rno-

119 4089 170 4123 nars
186 4075 325 4123 subsidium
341 4074 457 4134 itineris,
473 4076 516 4122 sed
531 4076 604 4124 decus
614 4078 670 4125 sui-
708 4078 796 4125 biliam
814 4076 889 4123 turia
908 4074 1053 4133 Quiritium
1093 4073 1184 4122 Cariat
1207 4080 1257 4123 ter·

118 4154 277 4213 sequebatur·
308 4151 396 4213 Neque
408 4150 480 4201 iliter
490 4151 604 4215 legerunt
614 4154 670 4206 Ser-
707 4158 813 4219 pernicis
837 4157 924 4204 toliere
948 4156 1091 4216 ammam,
1118 4155 1259 4204 Terrarum

120 4231 178 4279 vias
196 4231 228 4279 ad
244 4230 338 4293 Virgil.
356 4231 392 4279 11.
426 4230 517 4294 Georg.
536 4247 572 4283 vs.
591 4234 632 4282 40.
648 4242 672 4284 et
707 4237 818 4284 dominos
838 4235 918 4283 evena
941 4235 977 4282 ad
998 4235 1073 4282 Deos.
1108 4233 1212 4293 “Hunc‚
1237 4233 1259 4280 si

119 4308 219 4358 Atilius
230 4309 426 4360 Fortunatianus
438 4324 495 4372 pag.
506 4310 581 4363 2675.
599 4311 672 4377 Livio
708 4311 817 4376 Quirites
846 4311 959 4360 certatim
992 4310 1125 4360 honoribus
1153 4318 1260 4373 ornant,

1103 4397 1115 4458 1
