2916 5220
588 310 907 374 CARMINUM

396 501 438 564 Di
462 499 569 565 multa
591 499 734 585 neglecti
761 498 920 564 dederunt

441 603 619 689 Hesperiae
643 603 732 668 mala
754 603 932 668 luctuosae.

355 710 422 771 Iera
446 706 492 772 bis
515 709 680 773 Monaeses
713 718 742 773 et
765 709 886 772 Pacori
909 728 1023 771 mauu

354 812 427 876 Noa
450 815 631 896 auspicatos
654 811 793 877 contudit
816 815 950 895 impetus

397 913 550 995 Nostrae,
575 922 604 977 et
627 913 780 978 adiecisse
799 912 959 997 praedam

446 1013 616 1100 Torquibus
639 1020 761 1103 eaipuis
784 1015 914 1080 reuietet.

353 1119 463 1182 Paeue
483 1127 665 1203 occupatam
688 1116 891 1183 seditionibus

260 1285 266 1299 ,
350 1221 475 1287 Deiecit
504 1220 614 1287 Urbem
636 1223 749 1286 Dacus
768 1231 797 1286 et
820 1221 992 1306 Aethiops,

396 1325 462 1389 Hic
484 1324 584 1389 classe
595 1324 817 1410 succidatur,
842 1324 896 1390 itte

443 1426 620 1493 Missilibus
642 1427 752 1493 melior
774 1430 908 1515 sapittis.

354 1528 508 1595 Fecunda
530 1530 645 1615 eulpae
669 1530 780 1596 secula
803 1530 937 1616 nuptias

207 1659 268 1706 Iam
284 1658 321 1706 bis
339 1656 472 1705 Mortueses
483 1662 507 1704 et
520 1658 615 1706 Pacori
625 1672 722 1707 aceruus.
765 1655 856 1704 melius
872 1663 995 1704 eratcum
1007 1655 1130 1707 Scheffero
1146 1658 1317 1721 interpretari:

175 1737 245 1785 Haec
261 1733 378 1796 exempla
398 1734 450 1782 sine
466 1735 554 1782 iudicio
571 1749 604 1783 ex
623 1735 725 1783 historia
766 1735 882 1783 “renidet
898 1742 999 1798 torques
1007 1742 1105 1783 nostros
1118 1735 1237 1784 adiecisse
1247 1750 1317 1799 prae·

175 1817 324 1878 petitasunt.
342 1813 400 1862 Non
418 1814 484 1862 enim
501 1815 667 1877 pertinentad
681 1828 722 1862 ne·
767 1814 824 1862 dam
842 1815 940 1877 exiguis
961 1815 1090 1878 torquibus
1111 1815 1187 1863 suis.”
1215 1814 1258 1865 Sic
1280 1814 1325 1863 illi.

176 1895 258 1956 gleeta
279 1892 373 1954 templa
393 1899 417 1940 et
439 1900 548 1955 spretam
569 1893 721 1955 religionem,
767 1893 907 1941 incederent
928 1895 1009 1941 ornati
1033 1893 1166 1957 torquibus
1187 1893 1316 1942 Romanu.

175 1974 222 2020 nisi
238 1977 360 2035 quatenus
377 1971 481 2022 Crassus
498 1987 588 2034 parurn
601 1973 726 2019 curaverit
767 1971 876 2034 Prosper
892 1972 953 2019 Tiro
969 1973 1000 2021 de
1017 1973 1180 2021 Providentia
1196 1972 1261 2021 Dei:
1279 1989 1317 2034 pe-

176 2054 242 2100 diras
258 2051 352 2099 tribuni
368 2051 460 2113 plebis,
477 2053 519 2114 qui
536 2067 592 2101 enm
611 2051 724 2113 abexpc-
767 2052 814 2098 urit
836 2051 880 2100 ute
901 2053 1005 2100 talentis
1028 2053 1135 2114 erema
1159 2057 1238 2114 atque
1258 2052 1318 2098 auri

176 2133 267 2179 ditione
284 2130 404 2178 Parthica
416 2131 539 2178 deterrere
556 2132 683 2194 cupiebat,
700 2137 725 2178 et
767 2132 882 2189 arsuris,
902 2133 967 2179 bunc
983 2137 1061 2192 rapta
1073 2131 1199 2191 supellex,
1217 2131 1318 2191 Perque

176 2210 256 2258 tristia
272 2210 367 2266 emina,
388 2224 451 2272 quae
471 2211 496 2257 in
515 2208 616 2259 Oriente
634 2210 724 2257 accide-
768 2223 848 2256 iturea
860 2210 965 2257 Geticas
976 2211 1056 2257 diuisa
1070 2209 1176 2257 monilia
1191 2214 1317 2270 torqueat.

175 2296 239 2338 rant.
270 2289 320 2338 Sed
345 2303 469 2351 nusquam
490 2288 598 2350 legimus
619 2289 724 2337 Didium
801 2288 929 2336 Adiecisse
943 2289 1067 2349 praedam
1103 2288 1248 2349 Tarquitus
1265 2289 1315 2335 eei-

177 2369 271 2418 Saxam
288 2374 313 2416 et
330 2368 470 2416 Antonium
488 2367 570 2417 aDiis
588 2366 662 2415 fuisse
679 2368 722 2414 ad·
766 2367 822 2431 puis
846 2367 950 2414 renidet.
987 2363 1082 2414 Omitto
1106 2364 1184 2413 verba
1209 2371 1234 2414 et
1258 2380 1314 2413 con-

176 2449 293 2506 monitos,
315 2453 344 2494 ut
360 2463 376 2495 a
392 2448 465 2495 simili
482 2447 548 2496 bello
565 2447 723 2495 abstinerent.
766 2443 929 2492 structionem
950 2448 1010 2492 adeo
1031 2444 1146 2502 dubiam,
1172 2452 1214 2503 ut,
1240 2460 1315 2508 quam

177 2526 204 2576 Si
221 2541 281 2574 vero
298 2542 399 2575 causam
418 2527 479 2575 belli
496 2526 575 2574 civilis
593 2526 658 2574 inter
671 2525 724 2573 An·
767 2520 877 2569 facturus
895 2522 944 2579 Sis,
959 2522 1061 2570 nescias·
1086 2522 1157 2570 Illud
1175 2537 1249 2586 rogo,
1272 2538 1316 2572 eur

176 2608 271 2654 tonium
292 2613 318 2655 et
341 2605 508 2655 Octavianum
534 2605 621 2667 repetit
646 2620 661 2651 a
683 2618 723 2651 ne·
767 2600 806 2648 hic
823 2602 937 2649 dicantur
954 2604 1037 2665 eaipai
1054 2605 1167 2664 torques?
1190 2603 1247 2651 Hoc
1263 2603 1316 2650 lau·

177 2685 258 2745 gleeta
275 2686 406 2748 religione,
421 2691 449 2731 ut
466 2685 549 2746 ipsum
559 2683 655 2732 bellum
673 2681 724 2729 fue·
745 2674 747 2699 ²
767 2680 851 2729 darem
873 2682 899 2728 in
924 2682 1017 2744 populo
1041 2695 1149 2744 paupere
1175 2689 1201 2731 et
1232 2688 1316 2732 tamen

177 2765 209 2810 rit
225 2779 317 2826 poena,
330 2764 479 2826 Augustum
496 2778 526 2811 ea
541 2777 567 2811 re
578 2761 724 2824 gravissime
744 2706 747 2815 i
766 2762 907 2808 ornamenti
923 2761 995 2809 istius
1012 2760 1129 2809 studioso.
1158 2761 1210 2810 Sed
1227 2762 1317 2811 Parthi

177 2842 328 2898 ostendisset,
346 2857 416 2897 eum,
434 2855 507 2903 quem
517 2841 542 2887 iu
559 2841 605 2888 hoc
616 2840 725 2888 carmine
744 2822 747 2917 i
766 2847 837 2887 crant
867 2840 991 2899 ditissimi,
1017 2846 1041 2888 et
1072 2840 1182 2888 historici
1212 2848 1318 2890 narrant

177 2927 278 2982 propter
287 2920 398 2966 studium
409 2919 502 2981 templa
513 2918 643 2976 reficiendi,
652 2931 722 2965 sanc·
744 2926 746 2931 ’
767 2918 886 2967 Crassum
909 2927 1038 2983 prepterea
1058 2920 1214 2983 potissimum
1231 2927 1318 2968 contra

178 2997 325 3060 ritatemquc
350 2998 565 3046 matrimoniorum
586 2997 725 3054 revocandi,
766 3011 807 3045 eos
824 2999 968 3060 profectum.

178 3084 305 3139 tantopere
327 3075 420 3124 laudat.
447 3078 501 3124 lam
523 3076 631 3124 Rolnam
652 3075 689 3122 bis
710 3091 725 3122 a
801 3078 886 3125 Paene
910 3083 1057 3140 occupatam
1078 3077 1249 3125 seditionibus.
1289 3076 1317 3126 Si

178 3156 281 3204 Parthis
298 3157 362 3204 caesi
379 3163 451 3215 snut,
471 3156 581 3218 primurn
607 3154 724 3211 Crassus,
766 3155 820 3216 quis
837 3155 898 3203 haec
919 3155 1029 3217 primum
1050 3155 1131 3217 legat,
1152 3153 1226 3202 nulle
1244 3162 1318 3203 antea

179 3235 266 3283 deinde
287 3235 423 3283 Antonius.
458 3235 539 3296 Finge
560 3235 606 3282 hoc
627 3235 724 3283 diverso
766 3234 879 3282 consulto
904 3235 1048 3296 interprete,
1072 3233 1093 3281 is
1118 3247 1168 3281 non
1194 3234 1246 3282 alia
1270 3235 1316 3282 nisi

178 3321 288 3378 tempore
305 3314 388 3362 fecisse
405 3314 539 3363 Monaesen
556 3320 581 3362 et
591 3313 723 3361 Pacorum.
766 3313 814 3361 hae
831 3313 924 3360 ratione
941 3313 1053 3374 accipiet:
1072 3312 1221 3359 “Exercitus
1235 3312 1316 3361 Daco

178 3394 223 3442 An
248 3395 323 3455 igitur
348 3394 478 3442 Monaeses
502 3403 526 3442 et
551 3393 662 3441 Pacorus
688 3395 725 3440 bis
767 3407 823 3439 rum
840 3398 865 3439 et
882 3391 1034 3452 Aethiopum
1049 3390 1195 3438 coniunctus
1208 3390 1317 3439 Romam

178 3472 304 3519 Romanos
321 3472 491 3520 caeciderunt?
510 3473 601 3519 Essent
618 3477 725 3533 quatuor
767 3472 893 3521 discordiis
910 3471 1030 3533 agitatam
1051 3470 1158 3526 obsedit,
1182 3485 1262 3533 paene
1278 3487 1316 3521 ee·

180 3550 272 3597 clades.
308 3549 357 3599 Sed
374 3556 399 3598 et
416 3551 462 3597 hoe
484 3550 577 3596 dictum
595 3556 619 3597 et
636 3563 726 3596 nomen
766 3551 803 3613 pit
816 3564 845 3598 ac
862 3549 976 3598 delevit.”
996 3548 1046 3598 Sed
1063 3549 1110 3596 hoc
1126 3562 1259 3611 nunquam
1277 3564 1316 3598 ae-

179 3627 304 3675 Menaesis
333 3627 359 3674 in
381 3634 465 3688 strage
497 3626 582 3676 Crassi
610 3634 662 3674 tam
684 3628 725 3674 ob·
767 3628 834 3676 cidit.
866 3627 949 3690 Igitur
970 3627 1117 3689 interpretes
1134 3626 1200 3674 hane
1216 3634 1315 3676 senten·

178 3694 277 3753 seruum
294 3711 343 3765 est,
361 3712 390 3753 ut
411 3705 581 3755 Grammatico
602 3705 726 3755 suffecisse
766 3707 827 3754 tiam
842 3707 899 3754 inde
916 3712 1021 3768 cogunt:
1041 3705 1179 3768 Aethiopes
1199 3720 1248 3769 pro
1268 3709 1316 3755 Ae·

178 3786 299 3845 videatur,
320 3785 342 3832 si
360 3785 461 3833 haberet
481 3785 555 3832 modo
571 3799 661 3833 nomen
679 3786 724 3834 ali·
766 3787 862 3849 ppptits
879 3785 1032 3848 Cleopatrae.
1051 3785 1115 3833 Deci
1131 3790 1204 3833 erant
1220 3787 1246 3834 in
1264 3800 1315 3833 eas·

179 3865 244 3926 quod
266 3872 345 3912 metro
367 3863 527 3919 conveniens,
548 3865 634 3913 necin
652 3864 726 3914 rebus
768 3866 811 3912 tris
836 3866 949 3914 Antonii.
986 3865 1113 3913 Antonius
1137 3863 1194 3912 urbi
1215 3866 1315 3913 ruinam

179 3943 305 3992 Parthicis
321 3943 395 4007 plane
411 3942 573 4004 incognitum.
767 3944 918 3993 minabatur.
952 3944 984 3991 In
1007 3943 1067 3991 urbe
1091 3944 1173 3992 Roma
1188 3942 1315 3992 dissentie-

212 4025 329 4084 Impetus
345 4027 451 4072 uestros.
477 4020 564 4070 Oratio
589 4022 663 4085 plane
684 4037 724 4086 pe-
768 4022 835 4070 bant.
860 4023 930 4085 Ergo
946 4023 1036 4072 Dacus
1054 4028 1079 4070 et
1096 4021 1219 4084 Aethiops
1237 4036 1316 4084 paene

179 4101 275 4150 destris.
309 4102 382 4163 Quod
399 4107 424 4150 et
441 4101 484 4149 alii
502 4101 625 4149 viderunt.
650 4103 725 4150 Bent-
768 4101 859 4150 delevit
877 4102 962 4150 urbem
984 4108 1129 4163 occupatam
1146 4102 1315 4151 seditionibus.

179 4180 241 4229 leius
266 4181 373 4245 praefert
394 4180 433 4229 vel
459 4183 564 4240 uostris,
590 4195 622 4229 ex
647 4180 724 4230 MSS.
801 4182 920 4230 Fecunda
941 4183 1031 4242 cutpae
1052 4183 1143 4230 secum.
1169 4179 1235 4228 Pars
1256 4182 1316 4229 duo·

179 4259 313 4318 Prisciani,
327 4260 367 4307 vel
384 4265 527 4308 postrorum
544 4260 574 4307 de
591 4274 636 4306 sua
647 4259 725 4322 ipsius
767 4261 863 4308 decima
886 4259 1002 4307 carminis
1018 4259 1132 4318 moralis,
1150 4259 1245 4308 habens
1262 4275 1315 4309 ver·

179 4338 328 4385 coniectura.
349 4338 467 4384 l'edestre
485 4352 533 4384 non
552 4337 654 4386 tollitur.
684 4338 725 4388 Sic
767 4354 808 4387 sus
824 4339 914 4402 viginti
931 4344 1046 4400 quatuor.
1080 4338 1222 4388 Sententia:
1249 4341 1315 4388 “Ne-
