2916 5220
509 301 684 364 tritten
730 301 784 364 tv.

267 491 379 576 Lorrge
403 502 576 557 sonantem
599 495 697 556 uatus
721 492 763 555 ad
787 492 963 571 Aufidum,

307 595 381 659 Non
405 600 482 659 ante
504 594 656 680 vulgatas
679 617 736 679 per
759 600 844 661 artes

351 698 459 762 Verba
480 697 595 784 loquor
618 698 772 763 socianda
795 698 943 764 chordis:

264 804 357 886 Non,
382 803 410 868 si
433 803 556 889 priores
581 804 752 869 Maeonius
777 809 868 870 tenet

263 907 361 972 Sedes
386 907 567 989 Homerus,
593 907 785 973 Pindaricae
809 907 915 973 latent

310 1009 457 1095 Ceaeque
480 1015 514 1074 et
536 1009 650 1075 Alcaei
673 1010 817 1076 minaces

353 1114 593 1200 Stesichorique
615 1137 731 1200 graves
756 1115 939 1181 Camenae:

264 1218 346 1300 Nec,
371 1216 400 1283 si
424 1217 503 1303 quid
528 1217 608 1283 olim
630 1217 712 1283 lusit
735 1218 924 1300 Anacreon,

265 1320 396 1386 Delcvit
418 1326 524 1387 actas:
549 1321 653 1407 spirat
676 1322 782 1387 adhuc
806 1343 897 1387 amor

308 1423 498 1510 Vivuntque
522 1424 690 1491 commissi
714 1425 838 1491 calores

353 1528 488 1594 Aeoliae
511 1528 632 1594 fidibus
656 1529 794 1614 puellae.

266 1632 341 1696 Non
364 1632 435 1697 sola
458 1638 583 1698 comtos
606 1632 688 1698 arsit
711 1630 852 1696 adulteri

266 1735 380 1801 Orines
405 1741 438 1801 et
460 1757 577 1801 aurum
600 1735 749 1802 vestibus
772 1734 897 1801 illitum

313 1838 434 1904 Mirata
456 1838 647 1924 regalesque
670 1839 779 1904 cultus

355 1943 401 2006 Et
424 1942 561 2008 comites
585 1941 713 2007 Helene
737 1941 903 2024 Lacaena,

101 2160 160 2208 Non
177 2159 230 2207 cola
246 2162 337 2206 cantior
354 2158 419 2204 arrii
435 2156 554 2204 adulteri.
674 2156 759 2208 carm.
775 2158 832 2210 217.
855 2159 898 2208 Vol
912 2159 973 2220 plue
991 2159 1223 2222 Steeichariyrarer

104 2239 197 2286 Vicere
207 2236 294 2300 sortes
310 2242 369 2285 ante
386 2235 579 2298 Auarnenrnanu.
677 2236 823 2286 Cumoenae.

102 2318 228 2365 Paullum
245 2317 359 2378 aepultae
375 2315 453 2363 duint
471 2316 586 2363 inertiae.
708 2318 774 2377 Nec,
795 2318 819 2365 ei
839 2317 902 2379 quid
921 2317 980 2365 olim
997 2315 1222 2371 lacedaemon,

102 2397 226 2457 Impune,
242 2395 323 2452 Lolli,
339 2408 444 2456 carpam
461 2394 557 2441 liuidae.
676 2395 778 2445 Deiecit
794 2400 873 2444 aetas.
902 2393 983 2442 Vetus
1000 2393 1120 2455 interpres
1136 2392 1222 2456 Virgi-

106 2476 203 2525 Vindee
220 2473 428 2537 aaaraefraudit
444 2479 469 2522 et
481 2475 617 2523 abstinens.
674 2471 701 2520 lii
718 2473 750 2521 ad
767 2474 855 2537 Eclog.
872 2472 922 2523 VI.
942 2474 963 2522 l.
985 2487 1001 2520 a
1021 2472 1091 2521 Maio
1111 2488 1144 2522 ex
1160 2472 1221 2522 cod.

102 2555 187 2602 luder
206 2555 337 2602 nanceium
352 2554 480 2616 praetulit
497 2553 563 2600 atita.
675 2552 795 2615 Palimps.
817 2552 910 2600 editus:
931 2553 1006 2601 “Nea
1021 2553 1090 2602 aicut
1110 2553 1168 2600 otim
1185 2554 1222 2600 lu·

102 2633 157 2680 Nec
166 2630 240 2694 sorte
257 2633 346 2680 credas
362 2632 503 2680 interitura
519 2645 590 2692 quae.
674 2633 709 2679 cit
727 2633 859 2682 Anacreon
875 2633 914 2680 uel
934 2633 1081 2680 Veronensis
1094 2631 1221 2680 Catullus:

104 2712 163 2760 Non
178 2712 202 2759 ei
216 2712 315 2774 priores
332 2711 467 2760 Maeonius
484 2715 558 2759 tenet.
675 2707 724 2758 cui
749 2710 813 2758 dono
837 2709 949 2773 lepidum
963 2735 997 2746 -·
1015 2725 1083 2759 meas
1103 2725 1157 2760 esse
1177 2710 1222 2758 ali-

106 2792 158 2839 Nec
174 2792 198 2840 ei
213 2793 276 2853 quid
290 2792 350 2840 olim
366 2791 429 2838 lusit
447 2791 585 2838 Anacreon.
675 2788 735 2851 quid
756 2794 843 2851 putare
864 2803 952 2852 nugas.
988 2791 1055 2839 Item
1081 2791 1221 2839 Horatius:

675 2868 747 2916 Ibam
766 2868 829 2918 forte
845 2871 887 2918 via
903 2885 975 2918 sacra
990 2871 1043 2934 eq.'’
1068 2871 1166 2919 Maium
1183 2870 1223 2919 hic

86 2947 144 3008 Quo
160 2947 225 2996 facto
242 2948 364 2997 sententia
385 2945 498 2995 exoritur
514 2945 593 2993 facilis
610 2951 635 2994 et
675 2948 745 2996 locus
762 2949 861 2998 Horatii
878 2949 955 3013 fugit,
971 2950 1038 3013 quod
1055 2965 1087 2998 cx
1103 2965 1132 2998 eo
1148 2951 1223 2999 etiam

86 3027 208 3090 expedita.
242 3026 359 3076 “Bellum
382 3026 519 3074 Troianum
541 3032 566 3074 et
587 3024 635 3073 viri
676 3036 789 3092 apparet,
811 3032 870 3092 quia
891 3034 1074 3079 Anacreontern
1095 3031 1181 3078 retulit
1198 3033 1223 3078 in

86 3105 112 3154 in
130 3120 160 3154 eo
178 3105 244 3154 bello
261 3105 324 3154 clari
346 3105 460 3154 omnium
481 3107 634 3154 sermonibus
675 3109 781 3156 indicem
799 3109 955 3171 Scriptorum
973 3123 987 3155 e
1004 3107 1173 3157 Grammatico
1191 3108 1222 3156 ci-

87 3184 251 3233 celebrantur.
283 3184 332 3235 Sed
353 3183 421 3234 fuere
446 3184 529 3248 plures
551 3184 633 3232 istius·
675 3194 791 3236 tutorum.
816 3188 903 3237 Verba
923 3193 1040 3249 corrupta
1060 3187 1094 3234 sic
1111 3186 1222 3234 emende-

87 3263 154 3312 modi
181 3265 305 3323 homines,
334 3279 402 3313 nunc
431 3272 515 3313 tamen
545 3265 635 3327 ignoti,
675 3281 744 3314 mus:
770 3268 928 3314 “Horatiue:
954 3267 1007 3314 Nec
1032 3266 1053 3313 si
1078 3266 1137 3327 quid
1163 3265 1222 3313 olim

87 3343 148 3406 quia
164 3349 221 3391 vute
242 3349 383 3391 caruerunt.
417 3343 458 3391 Ita
478 3357 551 3391 nemo
572 3358 635 3392 mer·
675 3345 735 3393 lusit
752 3344 886 3393 Anacreon
903 3344 1004 3394 Delevit
1021 3350 1095 3393 aetas.
1130 3344 1221 3393 Catul-

87 3423 171 3472 cedem
189 3420 289 3471 virtutis
306 3423 392 3480 habet,
409 3422 462 3471 sine
478 3423 557 3485 poeta.
580 3423 635 3471 Hoc
677 3426 731 3471 lua:
761 3422 809 3472 Cui
835 3424 899 3471 dono
923 3437 958 3486 sq.
985 3425 1053 3472 Item
1083 3424 1221 3471 Horatius:

87 3501 140 3559 tibi,
156 3501 237 3559 Lolli,
254 3510 378 3564 quantum
400 3503 427 3550 in
444 3517 484 3551 mo
505 3503 562 3560 erit,
585 3516 635 3550 non
676 3502 748 3550 Ibam
765 3503 817 3566 sq.''
843 3502 905 3552 Alia
921 3503 1016 3552 ratione
1034 3503 1141 3553 correxit
1157 3503 1223 3553 llus·

87 3580 189 3629 accidet.
207 3581 297 3629 Dicam
310 3580 377 3628 enim
393 3581 481 3628 laudes
499 3586 562 3630 tuas.
583 3582 636 3630 Nec
676 3582 746 3631 ckius
763 3582 842 3632 Anal.
859 3597 915 3646 pag.
934 3583 973 3630 54.
991 3597 1052 3645 qua,
1070 3597 1137 3631 1111110
1149 3583 1223 3646 inspi·
1302 3602 1307 3610 ¹

87 3658 150 3708 forte
166 3660 253 3708 credas
270 3673 327 3707 mea
351 3658 464 3707 carmina
484 3674 535 3708 esse
553 3660 635 3710 interi·
676 3675 731 3711 care
747 3675 798 3709 non
815 3676 923 3724 possum.
942 3662 984 3711 Ex
1000 3660 1081 3710 verbis
1097 3663 1222 3712 110111Ηο-

87 3743 152 3786 tura.
177 3737 237 3786 Non
252 3751 309 3785 sum
325 3737 458 3786 Homerus.
481 3738 530 3788 Sed
547 3739 636 3789 vivunt
677 3741 761 3789 ratius
781 3740 883 3789 coniicio
909 3755 999 3789 nomeu
1023 3740 1122 3788 Horatii
1147 3756 1224 3804 supra

87 3816 175 3875 etiem,
192 3816 236 3878 qui
251 3817 363 3865 Homero
380 3817 487 3866 minores
504 3818 587 3867 eunt.''
676 3833 730 3867 esse
758 3821 884 3868 omissum.
919 3820 1002 3868 Maius
1034 3819 1110 3869 verbu
1135 3823 1224 3870 delenit

121 3898 163 3944 Ne
171 3896 245 3959 forte
260 3899 355 3946 credun
390 3896 484 3946 Ordine
505 3912 635 3958 versuum,
677 3904 749 3948 aetna
769 3913 819 3946 non
845 3897 998 3959 distinguere
1022 3899 1115 3960 potuit,
1137 3900 1223 3956 credo,

88 3979 117 4022 ut
139 3973 205 4034 dixi,
230 3981 341 4032 mutate,
366 3976 549 4025 emendandum
571 3984 636 4027 erut:
677 3984 701 4026 et
718 3976 815 4025 effinxit
834 3979 872 4024 cel
892 3975 1043 4026 Veronense.

89 4055 144 4103 Nec
153 4054 227 4117 forte
243 4057 338 4103 credar.
711 4058 769 4104 Non
803 4057 855 4103 eoin
887 4061 977 4104 conitor
1006 4059 1071 4106 arrii
1104 4060 1223 4107 adulteri.

123 4132 316 4195 Stesichorique.
346 4132 403 4182 MS.
425 4132 533 4183 Franck.
559 4137 636 4184 Ther·
677 4134 779 4184 Bellum
804 4133 941 4182 Troianum
968 4135 1120 4198 significans,
1146 4139 1223 4185 uomi-

89 4213 234 4262 riclroricire.
264 4211 348 4274 Supra
372 4211 491 4274 positum:
515 4215 636 4276 pitaqori·
678 4212 748 4261 navit
767 4212 891 4261 Holenam
921 4219 1059 4272 auctorem,
1083 4217 1222 4278 Agamem·

89 4305 142 4340 arte.
177 4290 244 4341 Hinc
261 4297 345 4340 autem
363 4290 447 4341 Sidon.
466 4291 578 4355 Apollin.
589 4292 637 4341 IX.
679 4305 769 4341 nonem
787 4291 919 4350 vindicem,
937 4292 979 4356 qui
996 4301 1049 4342 orat
1066 4309 1112 4344 rex
1128 4309 1223 4358 regum.
