2916 5220
330 487 401 551 Iam
424 485 499 551 vide
522 506 615 550 curas
639 483 790 569 aquilone
814 483 960 568 sparsus!

328 590 422 656 Mens
446 588 507 655 viri
530 588 624 653 fortis
646 587 708 652 sibi
732 590 881 669 constat,
906 590 1017 651 utrum

330 693 439 759 Serius
463 692 522 758 leti
546 691 685 757 citiusve
709 689 813 755 tristis

463 795 608 861 Advolat
629 816 715 860 cura.

151 934 275 982 tristitiam
310 948 408 982 urceum
440 934 555 997 deponas.
598 933 697 981 Σαυτὸν
741 940 765 979 et
783 932 939 980 wastensis
957 946 984 980 re
1001 931 1111 980 adversa.
1150 930 1288 981 Aminneam

149 1011 351 1076 βυρσοπώλησιν
373 1009 447 1069 δίδως
463 1019 500 1060 est
517 1011 584 1074 apud
601 1010 697 1058 Aristo·
718 944 721 1057 i
740 1017 765 1058 et
775 1010 858 1073 sartis
874 1010 994 1058 Horatius
1005 1010 1064 1059 alibi
1075 1009 1212 1059 coniunxit.
1231 1011 1289 1058 Sibi

149 1090 257 1153 phanem
274 1088 450 1153 inliquitibus.
476 1089 592 1138 Latinam
605 1088 696 1137 formu-
740 1094 851 1147 coastat,
869 1089 912 1151 qui
929 1103 1024 1152 semper
1040 1089 1106 1138 idem
1117 1094 1161 1138 est.
1187 1089 1228 1138 Ite
1245 1087 1286 1139 Οἱ·
1344 1083 1348 1090 ’

150 1169 202 1217 lam
228 1170 385 1218 illustravere
405 1168 492 1217 Heius.
515 1168 651 1217 Adversar.
673 1183 696 1229 p.
741 1181 797 1217 cero
813 1174 838 1216 et
854 1167 940 1231 optimi
957 1168 1087 1231 scriptores
1103 1168 1252 1232 loquuntur.

154 1249 191 1297 14.
208 1255 233 1297 et
250 1247 417 1297 Marklandus
437 1247 467 1294 ad
486 1245 696 1304 smuisilvasss.
777 1249 872 1296 Utrum
887 1248 976 1296 serina
1001 1247 1082 1296 Iocus
1094 1253 1234 1310 corruptus,
1251 1247 1286 1295 fa·

151 1328 175 1375 4.
193 1329 232 1375 49.
740 1326 787 1374 cile
803 1332 887 1374 tamen
899 1325 1074 1375 restituendus.
1093 1326 1284 1390 Sententia-pos·

184 1407 302 1456 Hilarem
319 1406 401 1455 licebit
415 1408 627 1452 snrrmenoetem.
644 1401 696 1449 Ex·
739 1404 837 1452 tuletur
862 1403 936 1452 haec:
962 1403 1011 1452 Vir
1036 1403 1106 1451 fortis
1131 1418 1228 1468 semper
1249 1411 1287 1454 est

150 1485 240 1549 quisita
251 1484 382 1534 Latinitas.
409 1482 511 1531 Terent.
539 1479 647 1543 Adelph.
659 1480 695 1530 11.
740 1497 821 1546 nequa
837 1488 932 1539 mente,
949 1483 1000 1531 sive
1016 1497 1082 1530 mors
1099 1483 1183 1532 veniat
1199 1483 1287 1541 citius,

151 1567 173 1614 4.
190 1564 231 1613 23.
258 1565 378 1629 Hilarem
395 1564 461 1611 hane
477 1573 607 1608 enarramus
623 1560 695 1608 diem.
741 1563 791 1611 sive
808 1560 893 1610 serius.
922 1559 1055 1608 Horatium
1072 1561 1195 1624 scripsisse
1210 1570 1285 1624 puto:

149 1643 287 1701 Nonnulla,
304 1642 352 1690 huc
368 1640 522 1705 pertinentia,
541 1638 648 1687 dirdmus
664 1639 696 1686 ad
741 1641 816 1689 Mene
841 1640 890 1688 ciri
909 1638 992 1702 sartis
1016 1640 1064 1688 aiei
1089 1645 1201 1702 emetat,
1225 1647 1288 1689 atra

150 1722 171 1770 Ι.
190 1721 268 1773 Germ
288 1722 307 1770 1.
740 1719 829 1768 sirim
854 1719 899 1767 leti
922 1719 1027 1768 aiacem
1052 1720 1135 1768 tristia
1180 1719 1288 1769 Ancona

186 1802 267 1849 Caras
291 1801 407 1863 aquilone
431 1811 544 1861 marrae.
584 1794 695 1843 Pulchre
740 1798 809 1846 iera.
853 1795 942 1846 sniis
969 1797 1088 1858 citiusve,
1112 1804 1140 1846 ut
1164 1799 1287 1847 Horatius

151 1881 253 1927 dictum.
294 1880 354 1926 Iam
377 1891 483 1941 sparsae
507 1880 575 1924 enni.
610 1873 695 1922 Minus
739 1875 810 1924 alibi:
831 1876 919 1924 Serius
934 1875 1002 1924 aciae
1016 1890 1071 1925 ears
1084 1879 1194 1926 esitare.
1211 1876 1286 1928 Ouid.

149 1965 220 2015 esset,
236 1960 458 2021 iarnsparoentar.
485 1955 551 2005 Sunt
569 1954 696 2003 autemde
740 1954 773 2003 X.
793 1956 897 2004 Metam.
916 1955 956 2004 32.
992 1956 1077 2005 Serius
1094 1958 1233 2008 amicitiem
1250 1974 1286 2007 re-

150 2037 245 2086 Graem
262 2035 336 2084 sonte.
371 2036 515 2084 Anacreon:
537 2032 620 2098 Ἐμῶν
640 2042 695 2097 epe·
739 2035 795 2083 dem
820 2048 987 2097 properamus
1017 2038 1052 2083 ad
1078 2053 1163 2086 anani.
1208 2041 1286 2088 Hora

149 2121 203 2165 νῶν
221 2120 268 2180 μὲν
289 2115 377 2179 αὔραις
396 2112 483 2177 Φέρειν
499 2112 579 2162 ἔδωκα
596 2111 694 2169 λύπας.
738 2112 814 2160 etiam
834 2120 872 2162 est
888 2114 1030 2163 coniectura
1045 2116 1134 2164 Bothii.
1159 2117 1287 2176 Tibullus,

149 2194 238 2243 Horat.
256 2194 276 2243 Ι.
295 2192 379 2244 Carm.
396 2193 436 2241 26.
454 2193 589 2241 0010000100
605 2197 630 2240 ei
646 2205 693 2238 me·
738 2206 852 2240 summus
869 2192 967 2241 Horatii
983 2194 1095 2254 amicus,
1120 2194 1176 2244 lecit
1201 2204 1230 2244 ut
1247 2200 1288 2247 lm-

149 2279 192 2321 tar
211 2273 324 2321 Troiiam
339 2272 464 2334 protervis
480 2271 508 2318 in
525 2284 595 2319 arare
613 2269 694 2318 Creti-
738 2286 795 2320 ram
811 2271 1010 2334 excogitaverim.
1046 2273 1139 2322 Tibull.
1157 2274 1207 2324 III.
1226 2278 1250 2324 5.
1264 2279 1286 2325 5.

150 2367 206 2400 cnm
223 2353 335 2399 Portare
350 2349 438 2398 centn.
740 2351 790 2399 Sea
809 2351 872 2399 miii
896 2352 1056 2414 Persephone
1076 2355 1175 2417 nimam
1192 2357 1286 2405 denam

183 2427 259 2479 Mens
275 2429 324 2476 viri
334 2427 424 2491 sortis.
453 2428 538 2475 Fortis
554 2432 591 2475 est
606 2425 693 2474 firmus
740 2429 791 2476 tint
809 2430 897 2478 horam
910 2429 926 2477 ¹.

190 2582 306 2655 Quodsi
333 2581 387 2638 tali
417 2579 640 2639 Commentario
669 2581 849 2655 interpretes
871 2582 923 2638 alii
945 2602 999 2639 sua
1020 2585 1183 2643 identidem
1204 2589 1288 2644 addi·

150 2679 276 2748 dissent,
306 2695 443 2749 novaque
471 2677 530 2732 hue
557 2676 629 2731 illuc
652 2676 828 2731 accessisset
853 2676 1040 2751 coniectura,
1069 2680 1172 2752 hodie,
1195 2685 1287 2740 credo

149 2772 311 2849 insipidum
332 2789 452 2828 carmen
469 2771 500 2826 in
515 2770 706 2826 multitudine
728 2771 855 2828 aliorum
876 2772 999 2831 lateret:
1022 2774 1084 2832 fere
1101 2786 1135 2833 ut
1150 2779 1209 2834 duo
1224 2789 1287 2837 tres

149 2868 233 2926 numi
258 2864 435 2934 adulterini,
461 2864 492 2920 iu
521 2865 664 2922 comitatu
692 2873 723 2921 et
747 2866 899 2940 praesidio
924 2869 1085 2927 multorum
1111 2892 1285 2945 aureorum,

183 3037 192 3068 ¹
210 3038 260 3087 Res
276 3037 327 3086 fere
343 3036 429 3084 similis
445 3043 482 3085 cst
498 3037 547 3094 illi,
565 3052 628 3100 quae
645 3039 737 3101 legitur
753 3040 779 3086 in
797 3040 918 3088 Annotat.
937 3041 968 3088 ad
985 3041 1071 3090 Wolfii
1088 3045 1164 3093 Anal.
1179 3047 1286 3098 Litcrar.

150 3118 181 3167 T.
199 3117 250 3175 111,
266 3116 315 3173 IV,
331 3131 355 3178 p.
372 3116 428 3164 380.
463 3115 570 3165 Wolfius
592 3132 680 3181 nempe
700 3119 750 3166 ium
771 3119 831 3167 olim
852 3118 945 3182 aliquid
963 3121 1060 3170 dixerat
1076 3124 1106 3173 de
1122 3127 1211 3188 spuriis
1227 3105 1288 3191 Epi-

149 3198 217 3246 stolis
234 3197 299 3245 inter
311 3195 485 3245 Ciceronianus
501 3196 533 3243 ed
546 3197 698 3247 Familiares.
717 3199 876 3249 “Souderbar
896 3201 1077 3264 genug‚findet
1094 3204 1146 3253 sich
1161 3206 1201 3254 ein
1217 3209 1287 3258 solch

149 3276 285 3327 erneislieh
301 3275 417 3325 unechtes
426 3275 710 3340 Uebungs-Stiickehen,
726 3280 753 3328 in
769 3279 849 3328 einsm
866 3279 974 3343 hicsigen
984 3282 1136 3343 Diezisehen,
1150 3285 1286 3348 jetthi'm.

150 3357 236 3408 Codex
253 3356 325 3419 jener
345 3356 428 3406 Briefe
449 3357 569 3407 awischen
587 3359 634 3406 den
652 3360 684 3407 49
705 3359 757 3407 und
777 3360 811 3408 50
827 3359 869 3408 des
889 3361 919 3409 13
935 3362 1044 3421 Buches,
1062 3365 1105 3413 das
1122 3367 1287 3428 gliiolrlicher·

149 3437 221 3486 weiss
241 3437 266 3485 in
288 3435 335 3484 deu
352 3450 400 3484 von
419 3435 534 3485 friiheren
551 3437 742 3500 Herausgebem
761 3438 928 3500 gebrauchten
944 3440 1083 3492 Handschr.
1105 3446 1173 3494 nieht
1189 3455 1287 3510 gestan-

150 3518 198 3566 den
214 3516 295 3565 haben
312 3529 392 3574 muss;
410 3515 475 3564 denn
497 3524 565 3564 sonsa
586 3517 663 3565 sihen
684 3517 728 3565 wir
745 3532 770 3566 es
787 3518 910 3566 vielleieht
925 3520 950 3567 in
968 3520 1011 3569 der
1027 3522 1105 3572 Reihe
1121 3526 1166 3573 mit
1182 3527 1286 3575 ansehn-

150 3596 227 3644 licher
244 3594 336 3644 Schrift
353 3595 486 3656 gedruclrt,
512 3596 557 3643 wie
581 3609 607 3644 es
632 3597 684 3645 hier
709 3598 754 3645 mit
771 3597 833 3645 aller
851 3588 1027 3661 gebiihrenden
1043 3603 1244 3654 Beschcidenheit
1261 3610 1286 3655 in

150 3677 203 3725 eine
220 3675 389 3737 Anmerkung
406 3677 529 3724 versteekt
545 3676 631 3724 sichen
647 3691 718 3739 mag,
736 3692 799 3740 ganz
816 3678 880 3726 nach
897 3680 952 3727 dom
966 3681 1136 3731 llandsehrift:

469 3755 503 3804 M.
525 3755 607 3805 Cicero
626 3756 691 3805 Uelio
708 3758 768 3806 edili
786 3758 871 3806 Onrrrli
886 3760 911 3807 S.
932 3760 962 3807 1).

150 3834 251 3883 Marcio
269 3833 355 3892 Fabio,
374 3834 424 3882 aire
442 3836 529 3899 optimo
546 3841 571 3884 et
588 3837 682 3885 homine
698 3837 844 3897 doctissimo,
850 3839 1049 3901 familiarissime
1062 3847 1125 3901 rator,
1140 3843 1288 3909 mirificeque

149 3930 200 3961 eam
217 3913 304 3977 ailino,
331 3918 380 3961 tum
402 3919 501 3978 propter
525 3931 640 3964 rammam
664 3917 786 3980 inueniam
810 3917 863 3967 eiua
887 3934 1046 3982 sisinniumque
1062 3920 1209 3980 doctrinam,
1236 3929 1285 3970 inm

144 3999 244 4058 propter
260 3993 406 4058 nayrelaren
425 3996 573 4045 credentiam.
604 3997 668 4045 Eine
685 3999 800 4061 arantium
819 3999 854 4047 sie
870 3998 939 4046 aelim
957 3999 1087 4062 00001οἱ00,
1104 4006 1131 4048 ni
1143 4001 1165 4048 ri
1178 4008 1238 4049 erse!
1250 4019 1288 4050 re-s·

150 4089 209 4122 mea.
239 4074 301 4122 Nori
317 4088 358 4136 090
374 4089 414 4122 nor
431 4092 527 4138 mannas
541 4081 668 4139 patronos:
691 4077 807 4126 horninern
829 4078 923 4128 occidat
939 4084 1042 4141 oportet,
1063 4080 1102 4142 qai
1120 4086 1198 4128 restra
1214 4099 1286 4145 opera

151 4151 186 4198 nli
202 4151 269 4199 aelii.
297 4153 344 4199 Sed
359 4152 385 4199 in
402 4154 446 4203 hoe
463 4157 557 4204 homine
574 4157 664 4205 nullam
682 4157 774 4222 accipio
791 4159 977 4208 excasationem.
1008 4160 1093 4207 Omnia
1111 4162 1243 4224 relinques,
1264 4164 1286 4209 ci

150 4245 186 4276 me
203 4230 306 4288 arnabis,
327 4248 377 4278 arem
401 4238 532 4297 100οῃ000
552 4236 638 4283 Faiinr
655 4237 693 4284 nii
710 4239 780 4285 aelel.
815 4239 863 4301 Eoo
888 4254 926 4286 res
943 4240 1061 4287 1100000000
1077 4241 1226 4289 veliementer
1242 4258 1284 4289 ea·-

149 4313 225 4371 specta
241 4313 265 4356 ei
281 4309 403 4368 desidero,
422 4311 579 4376 inprimisque
596 4315 655 4377 quid
670 4331 728 4378 anas
744 4317 805 4366 seire
818 4318 894 4381 eripio.
916 4318 975 4365 Nam
989 4319 1286 4384 100000000001001100010

149 4386 334 4451 mannitndr'nem
352 4389 417 4437 nilril
434 4392 488 4441 nori
506 4395 660 4457 afferebatur.
