2916 5220
178 344 240 405 ula
590 339 900 403 (lAllMlNUM

356 528 435 591 abac
459 530 596 590 iuniores
618 529 741 611 quaerit
770 525 929 590 adulteros

354 630 445 692 Inter
466 630 576 692 mariti
596 631 686 710 uiuu,
711 649 806 712 neque
829 626 938 712 clepit,

407 730 467 794 Cui
489 730 581 793 iuuet
605 732 802 813 impermisso
824 731 945 813 ruptim

452 831 600 914 Gaudia,
626 830 791 896 luminibus
814 835 956 896 nunctis:

178 1013 268 1060 eisdem
282 1009 357 1074 ferre
381 1013 500 1060 cinaedis.
535 1012 630 1063 Seneca
650 1011 723 1060 Hero.
800 1010 864 1061 dian
872 1012 983 1061 iuniores
991 1013 1092 1075 quaerit
1102 1012 1241 1059 adulteros.
1259 1010 1317 1057 Non

179 1087 232 1138 Oct.
251 1091 307 1140 990.
330 1091 360 1139 st
382 1092 428 1139 tibi
444 1097 483 1140 est
499 1094 611 1153 ignotum
628 1092 726 1151 scelus,
766 1093 840 1140 credo
861 1093 922 1140 haec
944 1097 997 1139 tam
1022 1090 1127 1139 ridicula
1147 1095 1174 1138 et
1195 1089 1318 1137 obscoena

180 1171 201 1215 A
221 1175 303 1218 matre
320 1171 394 1220 duce.
420 1171 491 1219 Idem
508 1185 544 1218 vs,
563 1170 619 1221 957.
637 1169 723 1218 nram-
767 1169 798 1217 ab
815 1169 921 1218 Horatio
937 1183 990 1217 esse
1005 1169 1086 1231 posita
1104 1169 1130 1216 in
1147 1182 1178 1216 eo
1195 1168 1317 1223 carmine,

179 1248 244 1296 atius
253 1263 311 1296 mam
319 1255 407 1297 raratre.
422 1248 524 1297 Electra
534 1249 663 1311 respondet
674 1262 725 1295 ma·
767 1249 833 1310 quod
850 1254 982 1310 praecepta
992 1249 1100 1296 continet
1111 1247 1213 1309 egregia
1223 1251 1249 1293 et
1262 1261 1316 1294 ora-

179 1327 213 1374 tri
241 1325 451 1390 Clytemestrae:
485 1329 615 1375 Pietatem
642 1329 723 1375 doces!
767 1329 859 1377 tionem
876 1329 951 1378 habet
966 1328 1061 1391 lyricae
1078 1328 1197 1390 gravitati
1212 1341 1317 1376 consen·
1368 1331 1370 1337 '

179 1406 299 1454 Ambros.
316 1405 390 1468 Oper.
408 1408 438 1455 Τ.
455 1406 491 1455 Π.
509 1423 532 1470 p.
556 1407 611 1455 181.
628 1406 659 1453 de
675 1405 727 1452 filia
767 1415 874 1456 teneam.
903 1407 968 1458 Satis
984 1407 1149 1470 intelligimus
1169 1422 1248 1470 quam
1266 1422 1318 1456 cor-

179 1485 299 1533 Herodis:
320 1487 391 1545 Quid
400 1488 465 1536 enim
472 1487 727 1550 potuitdeadultera
767 1487 836 1549 rupti
860 1485 953 1535 fuerint
974 1501 1055 1534 mores
1078 1493 1102 1534 et
1119 1486 1251 1548 inquinata
1267 1501 1318 1534 ma-

180 1565 279 1629 (matre)
296 1569 401 1625 duone,
417 1568 467 1614 nisi
480 1569 600 1616 damnum
607 1566 727 1629 pudoris?
768 1565 895 1622 trimonia,
912 1565 956 1613 ubi
972 1566 1044 1628 virgo
1061 1571 1167 1613 amatre
1184 1572 1270 1613 motus
1280 1565 1318 1614 Io-

181 1643 300 1704 Quinctil.
310 1644 331 1693 1.
339 1647 363 1692 2.
381 1645 412 1694 de
429 1647 523 1708 pueris:
539 1647 648 1694 Nostrae
665 1646 726 1692 unii·
768 1644 835 1692 nicos
856 1644 929 1692 discit
949 1651 974 1692 et
997 1659 1092 1692 amores
1109 1644 1219 1692 incestos
1236 1645 1268 1692 de
1286 1650 1319 1692 te-

181 1738 236 1780 cas,
252 1729 351 1773 nastros
371 1726 517 1773 concubinae
537 1726 637 1772 vident:
658 1738 728 1772 enine
767 1737 827 1771 nero
848 1723 928 1785 ungui
945 1723 1088 1771 meditatur.
1114 1723 1213 1784 Turpia
1234 1722 1320 1769 huius·

181 1803 320 1851 conuicium
328 1804 435 1852 obscenis
444 1804 550 1851 canticas
561 1804 669 1864 strepit:
680 1815 727 1862 pu·
768 1801 836 1849 modi
860 1802 976 1865 exempla
1000 1815 1033 1850 ex
1058 1801 1190 1849 hominurn
1216 1800 1270 1848 vita
1285 1801 1319 1848 sic

181 1881 263 1928 mnan
285 1881 355 1929 dictu
376 1887 533 1943 spectantur.
570 1883 617 1929 Fit
637 1897 668 1929 eu
689 1881 728 1927 bu
769 1888 867 1939 notare,
891 1881 1020 1944 proprium
1049 1887 1087 1929 est
1109 1880 1219 1938 satirae,
1239 1895 1319 1942 neque

181 1960 344 2017 cmcsuetuda,
365 1960 453 2008 deinde
470 1964 575 2006 natura.
605 1957 727 2008 scholias-
770 1959 884 2008 abhorret
909 1975 925 2006 a
948 1959 1098 2008 carminibus
1120 1959 1250 2008 amatoriis
1272 1959 1318 2010 Ca-

182 2043 222 2084 tae
243 2051 342 2099 quoque
363 2037 390 2085 in
411 2036 463 2085 suis
488 2037 607 2100 exemplis
623 2043 728 2086 stratura
769 2038 828 2086 tulli
838 2044 863 2086 et
879 2039 1039 2101 reliquorum.
1064 2039 1317 2098 Hiodedecent,ma·

181 2129 231 2164 non
248 2116 364 2166 habuisse
380 2117 502 2166 videntur.
519 2118 600 2167 Nemo
616 2125 681 2166 certe
698 2118 728 2166 do
770 2117 808 2179 gis
828 2118 902 2164 etiam
927 2117 1042 2165 Immixta
1067 2117 1133 2175 aliis,
1159 2123 1232 2164 tanta
1259 2131 1317 2164 curn

182 2194 230 2240 ista
253 2209 313 2243 voce
339 2195 432 2259 aliquid
457 2197 592 2245 annotavit.
635 2197 729 2248 Contra
768 2196 892 2258 gravitate
909 2202 933 2244 et
950 2196 1075 2258 elegantia
1091 2195 1231 2244 elaboratis.
1255 2194 1317 2254 Qui·

182 2273 253 2322 Acro
269 2275 346 2322 verba
368 2278 398 2324 cle
414 2281 497 2325 terrere
513 2279 591 2339 ungui
607 2278 726 2338 interpre⁷
770 2289 868 2338 cunque
884 2276 929 2322 hos
948 2289 1035 2324 versas
1056 2275 1170 2333 finxerit,
1193 2274 1252 2322 huic
1268 2275 1317 2324 Ro

182 2359 261 2404 tatur:
286 2358 318 2404 nb
334 2357 473 2405 inauratura
489 2362 514 2405 et
533 2359 621 2418 prima
637 2362 727 2404 aetate.
770 2354 838 2403 mani
855 2355 985 2417 scriptores
1001 2353 1078 2412 varia,
1094 2368 1157 2417 quae
1168 2353 1318 2414 imitaretur,

182 2433 237 2482 Hoc
253 2433 335 2484 faeere
350 2449 400 2483 non
416 2436 509 2498 potuit,
528 2435 547 2483 si
565 2449 640 2498 supra
656 2435 728 2497 legis-
769 2433 920 2498 praebebant
937 2433 1058 2496 exempla.

182 2518 219 2560 set
235 2520 339 2562 matura
355 2517 430 2577 cirac.
466 2515 549 2565 Sensit
572 2515 618 2562 hoo
640 2514 728 2562 Volta·
805 2515 880 2562 Inter
911 2515 1002 2562 mariti
1028 2514 1100 2571 uina,
1130 2528 1210 2575 neque
1237 2515 1317 2576 elegit.

182 2592 241 2650 rius,
257 2594 301 2656 qui
318 2593 452 2642 admodum
470 2593 729 2653 iuveniS,Horatiana
771 2592 840 2640 Puto
861 2591 1101 2655 interpungendum:
1128 2591 1205 2639 Inter
1229 2593 1319 2639 naoriti

183 2671 217 2717 sic
233 2672 330 2720 France
339 2671 456 2720 reddidit:
478 2675 559 2734 Voyez
567 2678 631 2722 cette
642 2672 729 2720 beautt
770 2673 830 2720 aina
854 2685 931 2733 neque
947 2672 1026 2732 clepit.
1053 2669 1141 2731 Neque
1161 2668 1188 2716 in
1206 2670 1318 2718 convivio

182 2765 240 2798 sous
265 2752 300 2798 les
315 2766 381 2811 yeun
401 2753 431 2799 de
452 2767 480 2799 sa
501 2753 578 2807 mire,
604 2753 666 2800 Elle
686 2768 729 2814 ap·
771 2751 826 2814 ipsa
842 2749 929 2812 elegit,
946 2750 986 2797 cui
1002 2750 1076 2797 donet
1093 2747 1192 2810 gaudia.
1215 2748 1247 2796 In
1264 2749 1319 2796 vul·

180 2830 265 2888 prend
282 2843 313 2875 en
330 2832 446 2876 nunaunt
463 2830 524 2877 t'art
541 2833 683 2891 danpmeuu
700 2832 730 2880 de
771 2831 835 2892 gatis
852 2843 902 2876 non
919 2834 985 2877 recte
1001 2827 1151 2876 conveniunt
1167 2829 1272 2888 quaoit
1279 2844 1319 2877 ne·

181 2907 277 2966 plaiae,
302 2907 343 2953 Et
363 2909 480 2957 d'a'rriter
504 2924 535 2956 en
555 2923 617 2956 nous
637 2910 667 2956 de
682 2911 728 2971 su·
771 2926 817 2972 que
834 2911 913 2971 alsait.
949 2907 1054 2967 Quaerit
1070 2906 1191 2961 iuniores,
1207 2920 1265 2954 cum
1283 2907 1319 2954 iu-

182 2991 265 3032 uestes
278 2988 417 3046 penctrans:
436 2986 599 3049 Sanensanoe
614 2986 730 3047 prement
772 2989 836 3037 dicio
853 2994 877 3037 et
903 2986 1011 3035 arbitrio.
1047 2985 1143 3035 Sinon
1165 2984 1254 3047 elegit,
1276 2986 1319 3035 sed

183 3064 206 3111 le
223 3069 284 3112 tenus
300 3062 379 3112 d'itre
396 3066 525 3126 coupables
553 3067 588 3113 Le
603 3068 656 3115 uice
673 3072 729 3129 trop
771 3068 870 3117 iubetur
890 3072 915 3115 et
939 3070 1050 3122 vocatur,
1067 3077 1117 3112 non
1133 3063 1192 3111 lieet
1205 3063 1229 3112 ei
1245 3079 1318 3127 quae-

184 3143 290 3192 na‘mable
320 3145 435 3192 Instruit
460 3160 499 3193 ses
526 3145 649 3207 premiere
674 3161 728 3193 ans.
771 3141 1244 3202 rere,sedessedebeteontentaetiam
1252 3157 1317 3190 sene.

183 3223 310 3271 Moserus:
332 3223 376 3273 “Si
392 3224 511 3272 coniicere
528 3224 597 3283 lieet,
614 3225 728 3288 equidem
804 3226 978 3287 Irnpermicsa.
1020 3220 1082 3269 Vox
1107 3234 1233 3281 nusquam
1258 3220 1319 3270 alibi
1368 3268 1370 3275 .

182 3301 339 3350 coniecerim:
361 3304 462 3351 Motum
480 3304 562 3352 doceri
577 3305 670 3366 gaudet
686 3305 727 3351 la·
770 3303 842 3352 lecta.
876 3300 1064 3363 Oudendorpius
1089 3313 1145 3348 eam
1165 3299 1276 3348 restituit
1291 3300 1319 3348 in

182 3383 266 3430 uicum
283 3384 318 3429 im
334 3383 532 3443 Moturumrqo.
552 3382 727 3439 Mastousia·
771 3381 906 3430 recentiore
927 3380 1006 3443 po'eta.
1032 3378 1093 3427 Vid.
1120 3379 1262 3427 Burmann.
1286 3378 1318 3425 ad

183 3460 266 3521 gulan'
283 3475 400 3519 numero,
421 3474 467 3523 pro
483 3462 631 3516 saltatione,
653 3459 728 3508 habes
770 3460 876 3509 Anthol.
894 3461 951 3509 Lat.
969 3459 1041 3508 Tom.
1059 3457 1080 3506 1.
1097 3472 1148 3520 pag
1167 3458 1223 3506 143.

183 3538 258 3585 etiam
275 3539 341 3601 apud
358 3538 470 3589 Cicerou.
484 3537 572 3585 XXX.
590 3539 662 3586 Brut.
674 3539 727 3587 116.
803 3540 955 3588 Luminibus
970 3537 1079 3587 remotis.
1114 3536 1226 3585 Lumina
1242 3536 1269 3584 in
1286 3536 1317 3584 is·

183 3616 279 3666 Vocem
296 3619 436 3664 imnintura
452 3622 552 3677 ruptam
569 3623 690 3664 excusant
698 3618 728 3664 si·
769 3618 885 3667 tiusmodi
905 3616 1024 3665 conviviis
1045 3629 1094 3664 non
1115 3616 1317 3674 removebantur,

183 3695 254 3744 miles
262 3695 358 3759 aliquot
366 3702 483 3758 rupturae
492 3697 654 3745 notissimac.”
667 3696 728 3746 Cae·
769 3698 811 3746 sed
828 3697 898 3760 quasi
919 3696 1089 3760 imprudenter
1110 3695 1150 3743 vel
1166 3708 1211 3756 per
1227 3694 1317 3742 ludum

182 3779 263 3822 terum
279 3774 307 3821 in
323 3775 408 3822 eodem
425 3773 500 3821 verbo
516 3774 669 3823 emendenda
685 3789 728 3837 pu·
768 3782 793 3824 et
817 3775 898 3823 iocum
915 3773 1146 3836 exstinguebantur.
1179 3771 1275 3821 Comici
1293 3779 1317 3822 et

182 3859 209 3902 to
224 3856 273 3903 ista
288 3855 378 3903 Iustini
395 3855 472 3903 XIII.
489 3857 517 3904 2:
535 3854 655 3903 Perdicca
670 3868 728 3903 ceu·
770 3854 869 3904 satirici
890 3854 955 3901 hano
975 3852 1104 3900 lasciviam
1127 3865 1200 3912 saepe
1223 3866 1316 3900 memo·

182 3940 231 3991 set,
249 3938 368 3984 Roxanes
379 3937 521 3999 exspectari
536 3941 729 3998 partum‚quae
768 3937 893 3982 raserunt.
928 3932 1037 3980 Plautus
1063 3931 1137 3979 Asin.
1154 3929 1205 3978 IV.
1233 3932 1253 3979 l.
1275 3933 1316 3981 39.

181 4022 270 4065 exacto
290 4031 371 4065 morse
390 4022 475 4065 octauo
496 4021 601 4064 matura
620 4017 672 4064 inm
697 4031 728 4064 en
770 4015 856 4075 Neque
877 4013 924 4060 illa
940 4012 987 4059 ulli
1004 4011 1097 4059 bomini
1117 4014 1202 4065 nutet,
1224 4011 1318 4070 auter,

182 4096 329 4144 Alenanalro
345 4101 415 4154 erut;
432 4096 456 4144 si
465 4111 573 4158 puerum
581 4096 727 4156 peperisset,
768 4097 873 4149 annuat.
892 4093 968 4144 Post,
979 4092 1003 4138 si
1017 4092 1120 4138 lucerna
1132 4090 1318 4150 exstinctaest,

183 4175 249 4223 bunc
265 4176 324 4223 dari
340 4188 504 4223 successorem
524 4175 604 4235 patri.
629 4172 727 4234 Legen-
767 4187 798 4219 ae
814 4172 877 4233 quid
892 4170 1056 4219 suiMembri
1075 4173 1225 4218 commoveat
1242 4169 1317 4230 quid·

182 4250 243 4299 dum
265 4251 369 4300 scilicet:
386 4268 451 4314 quae
470 4259 557 4300 exacta
579 4266 660 4300 mense
675 4253 727 4299 iam
768 4267 843 4314 quam
860 4253 887 4298 in
905 4249 1017 4298 tenebris.
1051 4244 1175 4294 Martialis
1192 4244 1257 4293 XII.
1275 4246 1316 4295 ts.

182 4329 460 4392 octacomaterfutura
470 4332 727 4380 enAlenundrocrat.
770 4331 937 4379 Eustiuctam
958 4328 1034 4376 liceat
1049 4326 1112 4388 qnid
1127 4326 1161 4373 ud
1178 4325 1315 4373 lucernam.
