2916 5220
536 327 711 390 LIBER
756 326 819 389 Ill.

286 515 373 580 Mors
399 522 431 579 et
454 515 604 600 fugacem
627 514 831 600 persequitur
854 514 977 593 virum,

330 619 398 684 Nec
422 619 528 704 parcit
551 619 695 684 imbellis
719 619 871 683 iuventae

377 721 564 806 Poplitibus
590 722 770 806 timidoque
794 726 893 805 tergo.

286 824 420 906 Virtus,
445 825 594 910 repulsae
618 824 729 889 nescia
753 824 920 904 sordidae,

289 926 501 992 intaminatis
524 927 631 1012 fulget
654 927 849 1008 honoribus,

107 1088 196 1144 fectus,
214 1087 348 1148 quiscum
365 1087 419 1135 aliis
437 1087 559 1136 nobilibus
571 1095 658 1136 contra
698 1089 813 1150 sequitur.
848 1089 878 1136 In
904 1103 979 1150 quam
1006 1102 1057 1135 rem
1083 1088 1138 1136 vide
1164 1086 1245 1136 Xeno·

106 1165 264 1230 tyrannidem
282 1164 367 1214 Caroli
383 1165 419 1214 II.
437 1168 501 1229 regis
511 1166 658 1216 Britanniae
698 1168 782 1229 phont.
800 1166 892 1230 Cyrop.
911 1167 960 1215 III.
971 1168 994 1215 3.
1012 1167 1076 1228 ἓίιὸ.
1095 1173 1119 1215 et
1132 1167 1244 1215 Anabas.

107 1245 279 1292 coniuraverat
296 1260 318 1292 a.
336 1244 557 1295 MDCLXXXII.
575 1247 657 1295 etLo-
699 1246 748 1294 III.
767 1246 789 1293 Ι.
807 1246 821 1307 ξ
839 1247 878 1294 43.

107 1330 196 1381 ratus,
230 1337 306 1371 senex
333 1324 459 1386 octoginta
486 1338 608 1372 annorum
635 1341 657 1374 a.
744 1326 833 1373 Virtus
863 1327 978 1386 repulsae
1009 1325 1092 1373 nescia
1124 1324 1247 1371 sordidae.

109 1400 311 1451 MDOCXLVI.
338 1403 381 1464 qni
413 1403 440 1450 in
475 1403 558 1452 Scotia
592 1402 657 1453 fave·
699 1401 795 1451 Octava
816 1419 872 1466 pars
893 1403 1016 1450 carminis.
1050 1403 1116 1450 Idam
1136 1401 1247 1450 efficiunt

108 1487 147 1529 rat
164 1480 255 1531 Carolo
272 1481 404 1540 Eduardo,
420 1481 472 1529 filio
489 1481 657 1531 Praetenden·
698 1484 725 1531 hi
748 1489 803 1531 octo
829 1496 915 1530 versus
938 1487 962 1529 et
987 1495 1024 1528 vs.
1045 1481 1069 1527 9.
1087 1479 1202 1527 carminis
1223 1481 1246 1528 3.

110 1560 148 1607 tis.
700 1563 760 1610 Hac
781 1567 838 1608 arte
855 1560 952 1607 Pollux
973 1563 998 1606 et
1015 1573 1093 1620 capua
1113 1559 1247 1615 Hercules,

141 1639 217 1687 Mars
234 1642 259 1686 et
263 1638 384 1700 superem
394 1642 555 1702 persequitur
565 1642 656 1688 virum.
698 1654 776 1702 usque
794 1639 825 1686 ad
842 1652 877 1686 rs.
899 1636 935 1686 17.
959 1635 1086 1685 Sententia
1097 1643 1145 1683 est:
1163 1636 1248 1684 “Vera

108 1718 187 1766 Miror
208 1716 332 1779 quomodo
352 1714 426 1763 alicui
447 1717 473 1763 in
493 1724 601 1765 mentem
618 1731 657 1764 ve·
698 1717 778 1765 virtus
803 1717 850 1765 sibi
873 1716 927 1778 ipsa
947 1720 985 1763 est
1005 1728 1110 1773 merces,
1136 1720 1161 1762 et
1180 1715 1248 1764 coelo

108 1797 161 1845 nire
177 1797 296 1860 potuerit,
314 1800 343 1842 ut
360 1795 493 1858 corrigeret
512 1797 587 1843 Mors
604 1797 657 1858 effi-
700 1797 779 1845 beat.''

108 1891 201 1932 cacan,
229 1874 317 1923 merito
341 1874 459 1921 reiectum
484 1890 500 1921 a
516 1875 615 1923 Klotzio
631 1876 657 1922 in
732 1876 901 1925 lntaminatia
919 1874 1006 1937 fulget
1032 1874 1170 1921 honoribus.
1212 1870 1248 1919 Ut

108 1953 180 2001 Actis
197 1952 275 2000 Liter.
289 1951 361 1999 Tom.
374 1951 395 1999 Ι.
407 1967 464 2014 pag.
477 1953 534 2001 202.
558 1954 656 2003 “Dulce
700 1960 849 2012 tenuatus,
866 1956 1039 2002 intemeratus.
1057 1957 1248 2008 contemeratus,

108 2037 132 2080 et
149 2031 267 2079 decorum
283 2037 320 2078 est
337 2030 399 2077 mori
415 2045 460 2092 pro
470 2032 550 2092 patria
561 2032 657 2080 fortiter
699 2034 733 2080 sic
755 2035 906 2092 taminatus,
927 2034 1108 2088 intaminatus,
1125 2031 1247 2079 contami-

107 2115 271 2172 pugnantem.
305 2109 332 2158 si
356 2109 412 2172 quis
436 2109 524 2158 timore
548 2117 573 2158 et
597 2111 658 2174 fuga
700 2118 785 2160 natus.
819 2111 886 2160 Vide
902 2112 1019 2160 Becman.
1032 2110 1179 2158 Manuduet.
1191 2123 1248 2170 pag.

107 2188 185 2236 vitam
202 2204 216 2237 e
233 2188 326 2251 proelio
343 2190 453 2250 auferat,
471 2203 537 2237 mors
550 2204 607 2238 eum
622 2198 656 2238 ta·
700 2191 755 2242 367.
774 2197 799 2239 et
816 2190 924 2239 Gronau.
943 2189 1046 2239 Observ.
1065 2188 1113 2237 IV.
1127 2189 1170 2236 22.
1192 2187 1248 2236 Uti-

107 2281 164 2314 men
182 2267 208 2314 in
225 2267 274 2315 otio
290 2275 315 2315 et
332 2282 391 2330 pace
401 2267 583 2330 consequitur.''
607 2268 656 2315 Im·
700 2278 741 2318 tur
758 2271 805 2317 hac
821 2284 880 2319 voce
897 2271 971 2318 etiam
990 2268 1122 2318 Scholiast.
1136 2267 1200 2316 Stat.
1212 2266 1248 2313 Π.

107 2345 259 2403 mortalitas,
277 2353 306 2394 ut
322 2347 380 2395 dicit
397 2347 483 2396 Cicero
495 2347 529 2395 X.
547 2347 656 2411 Philipp.
700 2346 780 2395 Theb.
798 2349 855 2398 715.
881 2347 955 2394 homo
980 2345 1118 2406 elegantior
1143 2345 1169 2390 in
1191 2343 1248 2390 scri-

109 2424 146 2472 10.
164 2439 214 2473 non
229 2427 388 2487 carrasquitur
396 2427 539 2486 praesentis
550 2428 658 2486 periculi
700 2425 791 2482 bendo,
808 2441 882 2488 quam
900 2425 1011 2487 plerique
1028 2424 1070 2471 alii
1088 2422 1249 2472 Scholiastae.

102 2503 204 2566 sapam.
238 2504 350 2554 Similem
367 2503 513 2552 sententiam
525 2502 560 2551 II.
573 2502 656 2552 Carni.
701 2504 804 2554 Glossae
824 2505 901 2553 MSS.
919 2504 1130 2553 incontaminatos
1147 2503 1248 2562 negatio.

110 2584 147 2631 14.
156 2585 393 2646 protulitHoratius:
408 2585 521 2630 Frustra
530 2599 545 2629 a
555 2589 658 2631 cruento
700 2585 830 2631 Inrruunes
847 2599 864 2630 a
879 2585 962 2644 culpa.
988 2581 1126 2629 Burmann.
1138 2579 1248 2641 legebat:

108 2662 199 2710 Marte
223 2663 370 2710 cavebimus.
403 2661 529 2708 Pindarus
555 2659 656 2724 Olymp.
702 2665 828 2721 Horatia,
850 2661 889 2709 vel
907 2663 1015 2723 negotio,
1034 2660 1076 2707 cui
1092 2659 1249 2722 responderet

107 2738 182 2786 1.81.
201 2738 214 2786 ὁ
231 2737 310 2803 μέγας
327 2737 352 2788 δὲ
369 2738 485 2796 κίνδυνος
503 2740 611 2789 ἄναλκιν
627 2740 657 2788 οὐ
700 2757 716 2788 a
732 2742 814 2802 culpa.
848 2741 879 2788 In
901 2741 986 2788 iisdem
1008 2739 1108 2801 glossis:
1126 2741 1249 2787 “attami-

108 2821 180 2879 φῶτα
189 2816 326 2882 λαμβάνει,
339 2819 430 2866 θανεῖν
439 2816 461 2865 δ’
471 2819 536 2866 οἶσιν
546 2817 657 2882 ἀνάγκα,
700 2826 761 2879 nat,
785 2826 901 2882 usurpat,
927 2819 966 2866 vel
992 2819 1128 2881 inquinat.''
1170 2817 1249 2866 Dictu

108 2895 132 2943 ri
156 2895 182 2943 κέ
208 2914 246 2953 τις
269 2896 405 2960 ἀνώνυμον
426 2899 506 2960 γῆρας
527 2897 554 2946 ἰν
575 2897 658 2961 σκότῳ
700 2905 783 2947 autem
801 2899 901 2947 difficile
917 2905 966 2956 cst,
983 2899 1041 2960 quid
1059 2898 1098 2944 hie
1114 2897 1164 2944 sint
1178 2899 1249 2944 hancr-

16 3020 20 3026 .
108 2973 249 3037 κοθήμενος
271 2972 328 3038 ἕψοι
343 2975 443 3039 μάταν,
470 2973 595 3024 ἁπάντων
612 2995 657 3024 κο-
699 2992 740 3026 res
768 2979 924 3025 intaminati
965 2975 1045 3023 Nulla
1073 2975 1141 3033 labe,
1167 2975 1249 3033 aiunt,

107 3053 162 3101 λῶν
179 3053 303 3118 apponam
320 3054 434 3102 Incertus
444 3056 517 3116 poeta
528 3055 593 3117 apud
604 3055 657 3104 Sto·
700 3056 801 3116 polluti,
819 3071 898 3119 quum
916 3055 965 3102 sint
985 3055 1103 3112 honores,
1126 3068 1186 3116 qnos
1207 3069 1249 3116 po-

109 3130 210 3180 baeum:
237 3132 352 3181 Πολλάκι
375 3130 495 3192 δηϊοτῆτα
513 3133 601 3198 φυγὼν
617 3136 658 3184 καὶ
699 3134 773 3197 palus
791 3135 888 3189 tribuit,
905 3148 949 3195 per
965 3147 990 3180 se
1007 3132 1099 3180 sordidi
1115 3137 1140 3180 et
1152 3132 1247 3179 abiecti.

108 3210 208 3261 δοῦπον
225 3211 485 3276 άιιόντωνἝρχεται,
512 3213 539 3261 ἐν
561 3212 580 3261 d'
599 3214 658 3277 οἴκῳ
701 3213 750 3262 Sed
768 3215 788 3261 si
804 3212 911 3274 populus
929 3210 1246 3274 aliquandosapit‚etvir-

109 3294 194 3354 Maipa
211 3291 281 3354 κίχεν
295 3291 421 3339 θανάτου.
455 3292 514 3340 Vid.
534 3293 657 3342 Valcken.
700 3293 748 3339 tuti
764 3291 868 3338 honores
886 3289 987 3344 tribuit,
1006 3289 1047 3336 isti
1068 3288 1173 3336 honores
1190 3296 1249 3337 sunt

109 3369 140 3415 ad
162 3368 460 3432 Eurip.Htppol.1442.
488 3369 592 3418 Curtius
609 3372 657 3420 IX.
699 3371 856 3417 intaminati.
899 3367 1011 3430 Populus
1045 3373 1128 3415 autem
1164 3365 1249 3416 virtuti

108 3447 133 3495 6.
169 3448 255 3496 Licuit
282 3451 400 3510 paternis
429 3451 516 3511 opibus
546 3457 660 3500 contento
699 3448 847 3509 plerumque
867 3453 955 3509 negat,
977 3447 1019 3495 sed
1036 3446 1115 3493 virtus
1132 3446 1248 3504 honores,

109 3526 181 3573 intra
198 3525 364 3576 Macedoniae
385 3530 503 3577 terminos
519 3543 564 3590 per
581 3531 659 3579 atium
701 3533 828 3589 uteunque
852 3533 967 3588 negatos,
995 3525 1069 3573 habet
1099 3540 1183 3575 omnes
1208 3526 1248 3574 iis·

109 3606 222 3664 oorporia
243 3611 388 3668 exspectare
406 3609 536 3656 obscuram
553 3613 578 3655 et
593 3610 659 3671 iano-
700 3620 749 3667 que
777 3605 895 3668 splendet.
941 3605 1026 3666 Quare
1052 3604 1155 3653 mallem
1183 3609 1248 3668 quod

109 3683 183 3731 bilem
199 3689 359 3733 senectutem.
381 3687 542 3748 Quamquam
554 3703 584 3735 ne
592 3689 661 3750 piari
700 3689 737 3730 est
758 3683 785 3730 in
810 3685 872 3733 Var.
899 3685 954 3733 leet.
980 3683 1071 3732 Ionesii
1096 3691 1120 3732 et
1145 3686 1249 3734 coniecit

108 3764 209 3824 quidem
230 3762 277 3812 sibi
291 3763 356 3826 fata
373 3765 522 3825 disponunt.-
544 3766 586 3812 sed
602 3768 658 3813 uni·
700 3763 804 3813 Withof.
821 3766 999 3815 Interminutis
1008 3764 1096 3826 fulget
1107 3766 1247 3812 honoribus.

108 3855 166 3890 cum
191 3844 279 3891 bonum
307 3844 456 3892 diuturnam
481 3844 561 3891 uitam
586 3847 659 3892 aesti-
702 3844 889 3891 Interminatus
908 3848 945 3890 est
962 3843 1037 3890 minis
1054 3843 1120 3889 etri
1138 3847 1248 3902 negatus,

109 3926 209 3969 arantes
237 3936 311 3983 saepe
335 3924 426 3971 acerba
453 3937 520 3970 rnors
546 3928 659 3985 occupat.
700 3927 729 3969 ut
744 3922 863 3970 Horatius
877 3922 911 3970 V.
929 3920 1009 3983 Epod.
1027 3920 1066 3966 39.
1078 3921 1160 3967 uburn
1171 3920 1248 3967 inter-

109 3999 169 4047 an
181 3999 256 4047 etiam
264 4000 370 4062 pertinet
378 3999 507 4048 oraculum
518 4000 582 4047 illud
594 4003 660 4063 apud
700 4003 823 4048 minatum
848 3997 987 4061 appellavit.
1026 3996 1146 4057 Quamvis
1171 3997 1249 4045 homi-

110 4076 266 4125 Herodotum
283 4077 332 4125 VI.
349 4077 389 4125 86.
407 4077 487 4142 ὄμνυ’,
505 4079 559 4127 ἐπεὶ
576 4080 659 4128 θάνοι·
699 4094 743 4127 nes
760 4083 862 4140 negent,
880 4090 926 4124 sua
942 4082 1009 4124 certa
1022 4076 1078 4123 laus
1089 4074 1176 4123 virtuti
1187 4090 1246 4124 con-

110 4154 155 4212 τός
177 4172 204 4218 γε
221 4156 263 4203 καὶ
279 4155 383 4218 εὔορκον
398 4153 465 4219 μένει
483 4155 570 4220 ἄνδρα.
605 4157 661 4205 Alii
700 4163 756 4204 stat.
789 4158 854 4205 liam
872 4155 965 4203 πιστὸν
982 4154 1054 4211 κῦδος
1067 4153 1247 4216 appellatBac·

110 4233 259 4281 sententiam
272 4232 437 4282 Horatianam
449 4241 617 4296 exposuerunt
630 4235 660 4283 de
700 4235 810 4298 chylides
832 4235 897 4298 apud
919 4233 1048 4281 Plutarch.
1071 4234 1101 4281 T.
1119 4233 1139 4282 Ι.
1157 4234 1248 4283 Moral.

110 4317 204 4373 morte,
220 4327 283 4376 quae
300 4312 397 4360 timidos
414 4311 441 4359 in
458 4313 510 4374 ipsa
526 4312 587 4375 fuga
603 4327 659 4361 con·
700 4329 757 4377 pag.
779 4314 835 4362 134.
