2916 5220
112 1439 212 1542 Anni
233 1483 296 1541 fere
318 1492 390 1541 sunt
410 1484 548 1558 triginta,
575 1503 667 1558 quum
692 1486 814 1543 Horatii
836 1485 978 1545 Carmina
1002 1490 1129 1564 primurn
1150 1492 1181 1547 in
1203 1491 1246 1548 lu-

114 1597 180 1635 cem
201 1579 337 1635 edebam.
370 1577 459 1650 Quod
479 1580 657 1654 praevidere
673 1580 761 1638 facile
776 1590 926 1656 poteram,
943 1585 1062 1641 accidit.
1096 1584 1246 1656 Omnium,

114 1675 166 1747 qui
193 1675 230 1731 de
255 1676 312 1731 hoe
338 1674 494 1731 literarum
519 1693 629 1749 genere
656 1677 789 1734 iudicare
818 1679 967 1749 sciebant,
995 1681 1081 1752 quasi
1107 1700 1167 1737 una
1188 1700 1248 1738 vox

115 1779 195 1840 erat,
218 1789 281 1826 rem
301 1789 348 1826 me
370 1777 502 1826 tentasse
525 1771 664 1843 arduam,
688 1773 820 1846 exempli
841 1774 978 1844 audacis,
994 1775 1053 1831 imo
1070 1774 1138 1849 plus
1159 1793 1247 1849 quam

113 1866 281 1923 temerarii:
304 1865 356 1938 qui
377 1866 475 1921 minus
496 1866 632 1923 iudicare
649 1867 803 1938 sciebant,
826 1868 885 1924 sibi
899 1876 1000 1925 tamen
1015 1871 1091 1926 scire
1106 1871 1270 1935 videbam,

115 1969 179 2032 tur,
201 1962 332 2019 maxima
346 1963 450 2032 turba,
471 1962 680 2019 inclementius
697 1964 788 2020 etiam
803 1972 833 2020 et
848 1964 986 2022 acerbius
1001 1966 1248 2039 pronuntiabant.

157 2056 233 2128 Qui,
256 2066 329 2131 quot
349 2057 458 2126 libelli,
482 2057 568 2113 cuius
582 2059 752 2131 argumenti
767 2067 798 2115 et
812 2058 935 2129 formae,
954 2068 1059 2116 eontra
1073 2079 1119 2116 me
1136 2060 1249 2136 scripti,

116 2152 298 2227 prodierint,
326 2152 376 2208 vel
402 2152 550 2226 attingere
577 2153 699 2226 longum
726 2160 781 2209 est.
820 2152 887 2210 Nec
909 2154 1102 2211 centesimam
1123 2154 1249 2212 fortasse

115 2256 234 2322 partem
259 2248 338 2318 vidi,
366 2247 414 2304 vel
443 2246 513 2321 legi.
549 2247 626 2304 Erat
646 2248 736 2321 plane
759 2249 915 2305 tumultus.
951 2250 1002 2305 Ad
1023 2269 1121 2321 arma,
1143 2253 1251 2307 clama-

115 2344 219 2412 batur,
242 2344 281 2398 ad
303 2361 396 2399 arma.
432 2342 545 2414 Nemo,
568 2362 606 2399 ne
629 2343 660 2398 in
680 2343 844 2399 iustissima
860 2344 982 2416 quidem
993 2345 1096 2415 venia,
1113 2346 1171 2402 sibi
1183 2364 1249 2402 esse

115 2438 284 2494 vacandum
305 2439 521 2495 arbitrabatur.

158 2532 275 2604 Quibus
296 2552 343 2589 me
364 2534 454 2590 armis
474 2534 587 2606 ubique
608 2541 756 2590 terrarum
772 2533 950 2609 petiverint,
972 2553 1033 2590 non
1048 2543 1095 2592 sat
1108 2537 1249 2610 cognovi;

115 2646 171 2683 nec
197 2646 377 2702 cognoscere
404 2629 530 2684 multum
556 2628 675 2697 curavi,
705 2628 758 2701 qui
782 2647 828 2684 me
851 2628 969 2685 silentio
992 2638 1023 2685 et
1043 2631 1161 2686 consilii
1183 2649 1251 2687 con-

116 2723 242 2779 scientia
262 2723 430 2780 involutum
450 2725 529 2780 tueri
552 2723 759 2779 decrevissem.
800 2722 1051 2796 Quidamtamen
1073 2724 1250 2798 Parisinus,

116 2828 150 2873 ut
170 2818 243 2874 mihi
264 2827 419 2875 narratum
440 2837 519 2875 nunc
536 2819 725 2888 reminiscor,
748 2818 799 2891 qui
819 2818 982 2875 Horatium
1003 2820 1115 2876 vestitu
1133 2821 1251 2877 Franco

116 2913 228 2970 formae
250 2914 387 2987 poeticae
409 2914 522 2984 induit,
544 2932 591 2969 me
614 2913 780 2988 appellavit
800 2912 973 2970 barbaram.
1001 2913 1094 2970 Haud
1108 2915 1250 2986 mirabar,

117 3018 147 3065 et
167 3009 289 3065 minime
312 3029 402 3084 aegre
424 3009 573 3081 ferebam,
596 3009 800 3084 interpretans
821 3010 877 3066 hoc
892 3008 949 3064 viri
965 3009 1111 3083 elegantis
1126 3013 1251 3069 verbum

117 3125 156 3162 ex
176 3114 249 3162 noto
271 3104 374 3164 Ovidii
395 3125 501 3177 versu,
524 3106 576 3178 qui
599 3125 630 3162 se
653 3104 741 3163 Getis
758 3114 788 3161 et
803 3105 906 3161 Bessis
921 3106 1085 3161 barbarum
1100 3125 1165 3162 esse
1182 3109 1252 3164 scri-

116 3202 224 3271 bebat,
254 3201 326 3273 quia
351 3219 410 3258 aon
431 3200 485 3258 alte·
505 3199 734 3277 intellipebatar.
779 3199 868 3272 Quod
889 3207 1008 3270 autem,
1032 3200 1056 3256 si
1078 3220 1138 3256 non
1160 3219 1251 3275 aegre

115 3296 241 3365 ferrem,
263 3304 294 3351 at
310 3295 454 3366 mirabar,
476 3297 630 3352 hocerat:
652 3295 683 3351 in
701 3293 879 3363 Germania,
903 3294 954 3350 ubi
968 3295 1044 3350 haec
1066 3296 1163 3351 studia
1178 3314 1250 3352 sane

117 3410 176 3448 non
199 3391 357 3464 frigerent,
379 3392 431 3448 ubi
453 3409 562 3464 magna
584 3398 664 3446 esset
684 3390 836 3446 hominurn
857 3389 978 3463 ingenio
1000 3398 1031 3445 et
1047 3390 1184 3446 doctrina
1202 3409 1252 3446 ex-

116 3486 290 3543 cellentium
316 3486 492 3556 multitudo,
525 3486 577 3541 diu
609 3486 758 3541 neminem
788 3484 880 3541 firisse
912 3484 1082 3555 inventum,
1116 3485 1168 3558 qui
1194 3486 1252 3543 sibi

116 3590 234 3638 tantum
254 3581 402 3656 imperare
424 3581 571 3656 potuerit,
599 3589 647 3651 ut,
674 3580 795 3653 qualern
821 3598 887 3636 esse
912 3581 990 3636 hane
1012 3599 1134 3654 operam
1155 3600 1252 3638 meam

115 3676 277 3745 iudicaret,
299 3676 364 3732 sine
386 3676 431 3732 ira
453 3683 483 3732 et
505 3675 606 3732 studio
629 3683 804 3749 exponeret.

158 3768 254 3826 Henr.
277 3767 347 3827 Car.
369 3770 445 3826 Abr.
468 3769 675 3838 EichstadiuS,
698 3769 749 3824 diu
771 3776 841 3824 ante
863 3787 891 3824 a.
913 3768 1007 3838 1834,
1029 3769 1190 3825 Horatium
1212 3769 1252 3825 fe·

117 3875 202 3923 cerat
221 3867 376 3923 materiem
397 3867 671 3941 Programmatum,
699 3884 795 3939 eaque
817 3866 981 3921 Paradoxa
1006 3865 1176 3921 Horatiana
1202 3885 1252 3921 no·

117 3961 261 4018 minabat.
304 3961 371 4034 Ego
397 3979 551 4033 nunquam
576 3961 637 4016 tale
664 3960 861 4033 Programma
886 3959 1030 4014 videram.
1067 3959 1149 4014 Raro
1172 3951 1250 4015 enim

116 4057 286 4113 istiusmodi
314 4057 409 4113 libelli
437 4057 476 4112 ad
497 4074 551 4112 nos
573 4055 776 4130 perferuntur.
812 4053 1007 4110 Eichstadius
1027 4053 1100 4109 mihi
1122 4073 1148 4109 a.
1173 4056 1250 4111 1837

117 4153 231 4222 omnia,
254 4153 284 4208 ui
309 4153 414 4223 fallor,
438 4154 666 4227 Programmata
685 4151 849 4208 Paradoxa
868 4150 966 4237 misit,
991 4150 1147 4224 epistolam
1169 4153 1252 4208 addi·

118 4249 172 4304 dit.
209 4247 390 4323 Epistolam,
418 4267 517 4304 meum
538 4266 730 4322 responsum,
761 4245 929 4302 Eichstadii
953 4246 989 4301 de
1011 4265 1157 4320 responso
1177 4248 1252 4304 indi-

119 4346 212 4416 cium,
234 4345 283 4402 hic
305 4346 471 4420 repetenda
493 4345 579 4413 duxi;
603 4345 683 4416 quod
705 4353 803 4400 tamen
821 4363 880 4399 non
896 4343 1046 4413 fecissem,
1069 4343 1126 4399 nisi
1142 4363 1177 4399 ea
1191 4344 1251 4402 ianr
