2916 5220
144 301 203 341 XIV
694 317 730 326 ···

184 461 245 519 Sed
276 459 421 516 Horatius
447 459 604 534 legebatur
629 460 661 515 in
689 459 819 529 Scholia,
848 477 974 532 cumque
1003 443 1285 537 interpretabantur

143 575 203 613 non
223 557 312 613 modo
335 555 545 622 Grammatici,
568 573 672 610 verum
694 555 785 611 etiam
806 555 969 625 Rhetores,
993 566 1139 629 quantum
1160 560 1285 632 quidem

142 652 257 709 faceret
277 651 317 708 ad
337 650 525 707 formandum
546 658 709 720 oratorem,
727 650 812 705 cuius
833 651 878 706 rei
900 650 1061 707 utilitatem
1082 671 1173 728 saepe
1188 653 1285 726 Quin·

141 746 264 802 tilianus
279 746 310 801 in
316 745 562 801 Institutionibus
576 744 717 814 ostendit,
734 753 765 801 et
771 745 895 802 Tacitus
912 746 948 801 dc
957 744 1137 805 Oratoribus
1149 766 1216 824 cap.
1231 751 1281 807 20.

143 840 294 919 Enipitur
320 841 383 900 iarn
414 840 451 898 ab
477 848 597 899 oratore
624 843 714 899 etiarn
739 842 872 918 poiticus
900 840 1000 911 (leem,
1029 860 1088 900 non
1121 842 1206 901 Attii
1225 852 1282 902 aut

143 934 278 994 Pacuuii
297 944 415 994 cetuna
436 936 625 1013 inquinatus,
645 935 695 993 sed
714 954 751 992 ear
773 932 905 993 Horatii
925 944 953 993 et
974 934 1098 1014 Virpilii
1116 947 1144 995 et
1159 936 1282 997 Lucani

140 1031 277 1088 sacrario
299 1029 448 1106 prolatus.
489 1029 539 1085 Ita
570 1030 710 1086 Titianus
743 1038 774 1086 et
806 1028 935 1101 Calvus,
964 1039 998 1087 ut
1024 1032 1129 1088 scribit
1154 1032 1280 1090 Servius

142 1126 181 1181 ad
202 1124 323 1199 Virgilii
345 1125 386 1181 X.
408 1124 487 1180 Aen.
513 1125 559 1180 18.
582 1123 712 1181 themata
734 1124 834 1182 amnia
855 1123 890 1182 de
916 1123 1046 1202 Vtrqttto
1060 1125 1236 1199 elicuerunt,
1251 1135 1280 1185 et

142 1216 403 1297 conformaverunt
428 1218 470 1276 ad
495 1218 611 1278 dicendi
635 1238 735 1292 usum,
755 1227 784 1277 et
804 1219 838 1277 in
857 1218 988 1296 exempla
1009 1222 1280 1280 controuersiarum

139 1322 302 1390 pomerani
322 1313 376 1371 lias
396 1313 597 1387 allocutiones,
619 1313 759 1387 dicentes,
793 1313 930 1372 Venerem
956 1333 1044 1390 apere
1063 1322 1144 1373 statu
1164 1316 1280 1375 absolu·

143 1408 218 1479 tica,
241 1406 389 1466 Iunonem
409 1410 469 1466 niti
488 1417 569 1467 statu
590 1408 726 1467 relativo.
763 1409 812 1465 Ex
834 1410 939 1465 eodem
961 1408 1066 1467 Servio
1087 1411 1125 1465 ad
1140 1410 1181 1466 X.
1197 1411 1278 1468 Aen.

143 1501 213 1559 532.
236 1503 377 1559 discimus
399 1505 564 1574 rhetorem,
587 1504 691 1576 quiin
713 1504 874 1578 Virgilium
897 1504 1130 1561 declamationes
1145 1506 1278 1580 scripsit,

143 1600 180 1655 de
201 1599 267 1655 loco
287 1599 347 1656 isto
368 1599 410 1655 sic
432 1600 531 1656 dicere
553 1618 592 1656 ex
613 1617 743 1673 persona
763 1600 903 1655 Aeneae:
926 1595 1087 1674 Improbus
1101 1618 1143 1672 es,
1158 1600 1210 1677 qui
1224 1607 1280 1658 aut

142 1698 206 1775 repi
226 1695 325 1768 doner,
348 1705 403 1754 aut
414 1696 501 1774 filios
521 1695 704 1754 exhaeredes.

183 1792 353 1866 Praecipue
379 1800 479 1848 autem
504 1791 723 1865 interpretandi
748 1808 856 1848 munus
877 1792 935 1848 sibi
956 1792 1151 1849 vindicabant
1173 1793 1281 1852 Gram-

143 1888 258 1958 matici,
274 1888 461 1962 explicantes
476 1887 722 1962 significationem
737 1888 911 1957 verborum,
928 1888 1107 1943 sententiam
1122 1907 1278 1957 versuum,

143 1983 370 2058 mythologiam,
392 1983 561 2054 historiam,
583 1982 810 2057 geographiam,
832 1991 974 2053 metrum,
997 1983 1034 2038 de
1057 1983 1166 2055 quibus
1187 1986 1280 2043 rebus

144 2079 320 2153 plerumque
343 2078 507 2134 dictabant.
551 2076 611 2137 Sed
642 2076 733 2132 iidem
766 2076 964 2135 Grammatici
995 2076 1148 2134 faciebant
1169 2087 1200 2134 et
1220 2080 1280 2154 ipsi

144 2173 306 2248 potiticam,
329 2180 360 2228 et
381 2173 539 2230 docebant.
581 2172 631 2228 Ita
652 2169 689 2244 Q.
713 2169 864 2229 Caecilius
886 2171 1027 2245 Epirota,
1052 2173 1102 2244 qui
1117 2173 1280 2247 Virgilium

144 2276 175 2326 et
200 2287 293 2324 novos
319 2274 424 2343 poetas
452 2269 565 2344 primus
592 2268 755 2342 praelegit,
783 2286 801 2323 a
823 2266 961 2323 Domitio
983 2267 1086 2323 Marso
1109 2270 1281 2342 appellatur

144 2361 314 2421 tenellorum
346 2363 497 2421 nutricula
522 2372 641 2422 uatum:
668 2370 697 2420 et
727 2361 866 2420 Valerius
894 2359 972 2421 Cato
997 2363 1076 2419 cisae
1101 2371 1141 2420 est
1158 2365 1280 2441 perido-

144 2476 213 2516 neus
228 2465 407 2536 praeceptor
427 2459 557 2517 enceinte
577 2457 619 2515 ad
633 2459 783 2534 paiticane
804 2455 996 2527 tendentibus,
1018 2457 1054 2513 dc
1071 2475 1129 2530 quo
1144 2458 1281 2517 fereban-

143 2563 193 2611 tur
213 2556 244 2612 hi
265 2556 406 2612 versiculi
428 2557 510 2630 apud
531 2555 707 2614 Suetonium
729 2557 766 2611 dc
788 2554 902 2610 Illustr.
926 2553 1092 2612 Grammat.
1109 2554 1167 2610 XI.
1201 2553 1280 2614 Cato

147 2647 376 2709 Gramnmticus
407 2648 523 2707 Latina
557 2647 661 2721 Siren,
698 2645 760 2721 Qui
779 2647 857 2706 solur
888 2647 971 2723 lepit,
1003 2656 1030 2705 et
1053 2647 1139 2721 facit
1167 2652 1279 2724 poitur.

144 2744 285 2817 Magistri
307 2744 463 2818 discipulis
485 2745 624 2818 exemplo
646 2744 818 2818 praeibant,
841 2751 875 2800 ut
896 2743 1018 2799 Horatii
1039 2752 1121 2800 recte
1142 2744 1280 2801 imitandi

144 2839 264 2894 modum
278 2839 482 2895 ostenderant.
525 2838 680 2895 Ausonius
696 2839 727 2894 in
742 2838 876 2895 Profess.
892 2837 1017 2911 Burdig.
1035 2839 1083 2894 21.
1100 2839 1137 2894 de
1155 2837 1279 2914 Crispo:

148 2929 286 2993 Oreditue
307 2933 377 2991 alirn
388 2931 512 3011 feruere
532 2942 640 3005 rnetra,
665 2932 706 2992 Ut
732 2932 857 3008 Virpilii
878 2930 1039 3010 Flaccique
1060 2932 1130 2990 locis
1150 2932 1281 2992 Aemula

134 3025 246 3106 ferres.
287 3029 328 3085 Et
349 3028 463 3086 Atilius
485 3031 721 3086 Fortunatianus
747 3047 815 3103 pag.
839 3027 927 3084 2685.
950 3025 1023 3105 quid
1042 3024 1145 3105 refiert,
1167 3029 1279 3101 inquit,

143 3120 220 3179 laurea
237 3124 355 3198 paitarn
378 3123 511 3195 imitari,
534 3132 644 3196 tenere,
666 3122 803 3201 diligere,
829 3123 856 3179 si
876 3140 934 3179 nan
955 3140 1053 3179 orarum
1073 3123 1198 3180 uirtutes
1219 3125 1281 3182 eius

140 3217 259 3292 penitus
280 3217 467 3295 aequaveris?
509 3218 651 3276 Varietas
679 3219 766 3276 metri
788 3218 892 3292 Lyrici
913 3236 964 3274 cos
986 3217 1147 3291 praecipue
1169 3218 1282 3274 allicie-

144 3312 211 3380 bat,
239 3320 270 3367 et
295 3311 352 3368 sibi
378 3307 559 3369 videbantur
587 3312 690 3370 felices
717 3321 863 3384 erantque
885 3312 916 3366 in
937 3330 1045 3385 magna
1067 3312 1279 3383 admiratione,

143 3405 169 3461 si
191 3413 222 3462 et
242 3405 314 3480 ipsi,
336 3424 414 3480 quac
440 3408 568 3477 vellent,
599 3408 737 3464 versibus
770 3404 988 3463 choriambicis
1014 3414 1045 3462 et
1069 3406 1203 3462 Alcaicis
1231 3427 1281 3462 ex-

143 3572 277 3620 Buchelius
302 3572 328 3619 in
352 3572 431 3634 Epist.
456 3572 488 3619 ad
512 3571 631 3619 Vossium
647 3587 671 3634 p.
688 3571 728 3619 62.
754 3577 840 3619 narrat
856 3585 882 3618 se
898 3570 989 3619 habere
1005 3570 1062 3621 MS.
1079 3572 1179 3620 Horatii
1193 3574 1280 3636 potitae

143 3651 273 3709 idemne,
299 3652 330 3700 de
346 3651 524 3715 conspiratione
541 3658 628 3700 contra
643 3651 776 3700 Nicolaum
791 3651 819 3700 V
835 3649 928 3699 Pontii.
945 3651 1094 3701 Maximum.
1129 3654 1176 3701 Est
1191 3655 1279 3717 Epigr.

143 3730 234 3779 Felicis
250 3731 358 3779 Ennodii
378 3732 432 3781 118.
449 3732 480 3780 dc
496 3732 597 3793 quodam
615 3731 701 3788 stulto,
720 3730 761 3793 qui
782 3729 897 3792 erilias
916 3729 1049 3778 dicebatur.
1074 3731 1101 3781 A
1118 3731 1280 3796 Philargyrio

143 3811 285 3859 nominatur
301 3811 390 3873 aliquis
408 3811 536 3858 Homerus.-
549 3811 606 3858 vide
621 3809 778 3873 Wagnerum
794 3811 820 3858 in
836 3811 950 3873 Epistola
966 3811 996 3858 de
1010 3810 1179 3874 Philargyrio.
1196 3812 1279 3862 Vetus

144 3890 293 3939 Scholiaotes
317 3890 394 3939 ibidis
419 3888 535 3939 ovidiani
560 3889 631 3938 affert
655 3904 740 3938 versus
757 3890 897 3953 Propertii,
914 3889 1006 3946 Ennii,
1022 3890 1148 3946 Lucretii,
1165 3891 1279 3949 Tibulli,

143 3970 185 4032 qui
210 3984 294 4019 ornnes
319 3976 377 4018 sunt
400 3970 563 4019 recentiorum
584 3969 721 4019 hominum.
754 3970 871 4018 Fortasse
886 3969 945 4017 hinc
961 3969 1107 4018 iudicandus
1123 3977 1160 4018 est
1177 3970 1278 4020 libellus

143 4048 261 4111 Appuleii
274 4047 504 4112 deOrthographia.
538 4049 604 4098 Fieri
621 4055 704 4097 tamen
720 4055 815 4111 potest,
832 4054 861 4096 ut
876 4049 917 4096 hic
933 4048 985 4096 illic
1001 4062 1091 4097 nornen
1107 4048 1206 4097 Horatii
1219 4050 1277 4098 Vir-

143 4127 197 4189 gilii
214 4142 300 4175 verum
317 4129 391 4177 fuerit
406 4128 490 4186 illius,
516 4129 558 4192 qui
584 4143 610 4176 se
633 4128 670 4176 ita
695 4127 845 4190 appellavit,
870 4128 938 4190 isque
962 4142 1036 4175 suum
1054 4142 1131 4190 genus
1148 4144 1163 4176 a
1178 4130 1278 4192 magnis

144 4207 220 4269 po'etis
236 4206 373 4256 deduxerit.
406 4208 465 4256 Fuit
489 4209 554 4257 enirn
580 4208 700 4256 Romanis
717 4209 805 4270 ingens
821 4208 930 4256 studium
947 4207 1090 4256 nobilitatis.
1124 4208 1237 4271 Apparet
1254 4226 1276 4258 v.

143 4299 164 4333 c.
181 4300 212 4333 ex
229 4285 341 4335 Aeneide
356 4286 466 4350 Virgilii.
500 4287 535 4335 Et
558 4287 659 4334 Tacitus
684 4286 823 4350 Imperator
848 4301 925 4350 genus
951 4288 1070 4337 deducere
1092 4287 1277 4350 gloriabatura

143 4363 259 4413 Cornelio
275 4363 376 4421 Tacito,
393 4365 533 4415 Annalium
550 4366 673 4429 scriptore.
