2916 5220
624 317 939 381 CARMINUM

436 504 539 568 Actae
562 524 628 568 non
652 503 717 567 alio
740 524 815 587 rege
839 502 985 587 puertiae

392 608 603 692 Mutataeque
627 606 726 672 simul
751 612 855 692 togae.

437 709 553 776 Cressa
575 732 617 775 ne
640 715 747 775 careat
769 710 907 795 pulchra
929 708 999 774 dies
1023 715 1116 790 nota,

392 813 465 878 Neu
488 818 660 899 promptae
682 813 800 878 modus
824 813 1016 898 amphorae,

436 916 510 981 Neu
533 937 657 980 morem
680 914 715 979 in
741 915 867 980 Salium
891 914 936 980 sit
958 912 1084 999 requies
1107 913 1246 997 pedum,

394 1019 467 1084 Neu
489 1017 588 1082 multi
612 1017 761 1083 Damalis
785 1017 867 1082 meri

441 1122 582 1186 Bassum
605 1119 751 1185 Threicia
771 1118 884 1185 vineat
906 1118 1083 1202 amystide,

392 1224 464 1289 Neu
488 1224 597 1289 desint
620 1223 726 1308 epulis
749 1244 861 1305 rosae,

438 1328 510 1392 Neu
535 1327 634 1393 vivax
656 1327 790 1412 apium,
815 1347 879 1391 neu
902 1325 999 1390 breve
1021 1322 1138 1388 lilium.

394 1430 516 1496 Omnes
541 1431 575 1495 in
601 1430 756 1495 Damalin
778 1434 890 1515 putres

439 1535 614 1620 Deponent
637 1535 765 1617 oculos,
790 1555 850 1598 neo
875 1531 1023 1597 Damalis
1047 1550 1131 1595 novo

338 1730 491 1780 CARMEN
508 1727 638 1778 XXXVI¹
803 1705 953 1763 praetextae
969 1700 1020 1761 lepe
1036 1703 1162 1761 eeqaaatar.
1188 1696 1266 1745 Pueri
1282 1710 1356 1759 saepe

805 1785 864 1826 aunt
880 1778 1015 1834 discordes,
1035 1790 1081 1825 nee
1097 1789 1193 1838 semper
1209 1790 1288 1839 regna
1304 1791 1355 1824 sor-

247 1829 352 1912 Aetae
387 1876 437 1909 ιιοιι
469 1861 520 1908 atio
552 1873 608 1922 repe
638 1859 762 1921 puertiae.
805 1859 909 1906 tiuntur.
942 1857 1024 1905 Nemo
1038 1870 1088 1904 non
1099 1856 1281 1904 rexessavult.
1306 1857 1355 1905 La-

215 1941 295 1989 Pueri
320 1939 432 1988 solebant
456 1952 533 2002 repno
558 1944 583 1986 et
600 1937 765 1998 mapittratae
806 1937 869 1984 miae
887 1942 970 1985 autem
988 1950 1084 1998 semper
1100 1935 1126 1982 in
1143 1936 1217 1983 hiset
1232 1935 1286 1984 aliis
1296 1936 1355 1984 lusi-

215 2022 307 2068 tudere.
325 2018 461 2081 Eligebant
476 2031 545 2079 reges
562 2015 615 2064 sive
630 2020 702 2072 sorte,
713 2014 765 2063 sive
807 2016 852 2063 bus
870 2029 975 2077 regnum
992 2014 1119 2063 cedebant.

214 2098 292 2145 animi
308 2104 333 2146 et
350 2096 459 2160 eorporis
474 2094 631 2144 excellentia.
648 2093 764 2142 HoratI.
840 2097 898 2143 Nea
917 2096 993 2142 matti
1014 2095 1135 2142 Damalis
1153 2095 1216 2141 meri
1241 2095 1356 2142 Baream

214 2177 295 2239 Epist.
311 2177 332 2226 l.
345 2177 385 2225 59.
403 2177 478 2241 paeri
495 2177 620 2230 ludentes,
638 2175 695 2222 Rea
706 2175 765 2230 erte,
810 2172 928 2223 Threicia
943 2174 1029 2222 vineat
1045 2173 1177 2234 amystide.
1211 2171 1281 2220 Haec
1301 2187 1354 2221 me·

212 2259 303 2315 aiant,
330 2257 360 2304 si
384 2260 451 2304 reete
468 2253 560 2317 facies.
594 2253 683 2300 Iustin.
701 2252 721 2300 Ι.
739 2251 766 2308 δ,
806 2251 855 2299 lius
876 2249 926 2298 alio
946 2251 1031 2299 ordine
1051 2251 1177 2313 legentur:
1199 2253 1256 2299 Nea
1272 2255 1356 2302 deant

218 2333 302 2395 Cyrae
317 2349 363 2383 rea·
379 2335 448 2382 inter
465 2335 577 2381 ludentes
591 2333 764 2380 sorteeleatat.
806 2333 888 2394 epatis
907 2344 989 2389 rotae,
1016 2331 1073 2378 Neu
1094 2332 1170 2378 vivax
1191 2332 1290 2392 aptium,
1307 2348 1356 2381 nea

213 2413 276 2461 Vid.
299 2412 438 2463 casaubon.
461 2412 492 2460 ad
514 2411 618 2460 Aelium
641 2410 764 2475 Spartian.
807 2413 878 2458 breve
889 2412 984 2467 littam,
1002 2411 1061 2459 Neu
1071 2412 1146 2458 multi
1157 2411 1279 2459 Damalis
1292 2416 1356 2460 meri

214 2492 241 2540 in
263 2492 394 2542 Several.
420 2499 445 2541 et
470 2492 586 2540 Torreat.
608 2491 640 2538 ad
662 2489 764 2540 Sueten.
807 2503 858 2551 aeq.
891 2487 996 2536 Mallem
1011 2489 1099 2545 etiam,
1119 2489 1186 2552 quod
1205 2489 1230 2537 in
1247 2491 1357 2538 nonnul-

214 2571 307 2620 Neron.
324 2573 364 2620 35.
399 2571 488 2621 Graeci
505 2576 596 2618 vocant
611 2568 721 2631 βασιλέα
740 2574 765 2618 et
807 2567 838 2614 lis
858 2567 926 2616 libris
947 2574 1041 2616 exstat:
1068 2571 1122 2618 Nee
1142 2571 1218 2617 matti
1235 2571 1357 2619 Damalis

213 2649 352 2710 βασιλίνδα
365 2650 472 2705 παίζειν.
491 2649 535 2697 Illi
547 2647 766 2697 habebantmulta
806 2649 881 2709 arm,
903 2649 1016 2696 Beatam
1036 2648 1155 2698 Threicia
1171 2651 1257 2699 vineat
1273 2666 1355 2713 ampa-

214 2727 354 2776 iatinsmodi
374 2728 492 2775 ludorum
514 2741 612 2790 genera.
640 2726 765 2774 Videatur
808 2729 866 2775 tide.
900 2727 980 2790 quue
1001 2727 1072 2775 aliter
1093 2742 1169 2790 qnam
1186 2726 1264 2792 vulgo
1280 2730 1308 2777 fit
1321 2731 1356 2778 in-

214 2806 315 2868 egregia
331 2807 458 2855 annotatio
474 2805 561 2855 Cobeti
579 2805 606 2852 in
622 2804 700 2853 Novis
717 2804 764 2851 Le-
808 2812 939 2869 terprotor,
963 2821 1063 2869 nempe:
1091 2814 1116 2855 et
1140 2806 1267 2868 Damalis,
1292 2824 1357 2872 quae

215 2884 288 2932 otion.
305 2900 322 2946 p
346 2885 403 2933 800.
436 2885 526 2933 Lamia
545 2885 596 2932 iam
617 2884 642 2931 in
659 2882 765 2945 pueritia
807 2898 857 2932 non
874 2884 948 2932 multi
964 2885 1027 2935 meri
1044 2891 1089 2943 est,
1105 2900 1179 2946 nune,
1194 2887 1355 2950 propterlae-

217 2969 267 3009 tam
284 2961 386 3010 festivus
403 2969 457 3012 erat
472 2970 497 3011 et
510 2961 604 3019 alacer,
621 2961 764 3010 utinludis
807 2964 899 3021 titiam,
924 2962 1032 3012 Bassum
1056 2964 1146 3013 ducat.
1180 2965 1221 3014 Ita
1240 2964 1356 3014 Damalis

215 3053 312 3103 semper
328 3047 391 3089 esset
407 3055 459 3089 rex.
494 3040 647 3091 suavissima
665 3040 711 3088 illa
727 3047 763 3089 te·
807 3042 930 3090 laudatur.
948 3043 1036 3106 Neque
1047 3043 1120 3092 video
1131 3057 1178 3092 cur
1191 3050 1242 3092 tam
1255 3050 1357 3094 thanna

215 3134 290 3168 neree
305 3121 392 3169 aetatis
406 3121 526 3170 memoria
541 3119 625 3169 raduei
640 3121 766 3169 Numidae
806 3121 916 3184 potatrix
945 3122 1007 3170 adeo
1031 3122 1063 3170 ab
1085 3123 1200 3171 omnibus
1223 3129 1356 3186 peteretur.

213 3212 289 3246 snum
311 3214 371 3262 erga
387 3201 501 3249 Lamiam
524 3214 632 3248 amorem
649 3199 764 3262 augebat.
807 3200 950 3250 Callistium
966 3201 1072 3267 ἀνδράσι
1088 3202 1252 3268 διαπινομένη
1265 3217 1356 3252 memo·

213 3276 285 3325 Haeo
304 3277 474 3341 interpretatio
494 3294 550 3328 mea
565 3294 616 3328 non
633 3287 765 3339 estuare,
808 3286 879 3328 ratur
896 3280 927 3327 ab
943 3280 1045 3344 Hedyle
1062 3281 1128 3343 apud
1145 3281 1240 3331 Athen.
1253 3282 1302 3332 XI.
1315 3285 1355 3336 71.

213 3357 258 3404 sed
278 3358 395 3406 timebam
416 3373 448 3407 ne
468 3359 537 3408 fieret
559 3360 632 3408 nimis
654 3361 765 3423 antiqua.
807 3359 921 3407 Damalis
941 3366 995 3408 erat
1015 3373 1105 3409 nornen
1126 3360 1289 3410 sarcinatrieis
1313 3363 1356 3412 Li-

212 3433 281 3483 Sunt
297 3436 364 3484 enim
379 3437 525 3499 interpretes
542 3439 701 3498 recentiores,
723 3438 766 3501 qui
809 3439 871 3487 viae.
904 3438 964 3487 Vid.
985 3439 1116 3487 Additum.
1138 3440 1170 3488 ad
1190 3439 1292 3491 Gruteri
1311 3441 1355 3490 In·

215 3511 262 3559 hoe
279 3514 372 3575 puerile
390 3515 479 3563 dicant.
513 3516 560 3563 Est
581 3531 642 3564 sane
657 3517 765 3578 puerile,
808 3518 890 3579 script.
908 3532 965 3580 pag.
979 3517 1035 3567 580.
1069 3520 1129 3569 Noa
1145 3520 1222 3568 malti
1238 3523 1312 3581 meri,
1328 3528 1357 3569 ut

210 3591 273 3652 quia
294 3607 326 3640 ex
347 3599 426 3640 aetate
446 3599 471 3640 et
488 3607 562 3641 sensu
579 3594 681 3656 puerilis
697 3595 765 3642 inno·
808 3595 942 3656 Suetonius
971 3595 1082 3658 Augrrsti
1109 3596 1149 3647 76.
1192 3598 1263 3646 Erat
1284 3600 1356 3647 mini-

210 3669 321 3726 eentiae,
343 3676 368 3717 et
389 3671 454 3732 apud
475 3671 567 3718 multas
584 3673 696 3721 nationes
712 3674 763 3722 usi·
807 3677 843 3724 mi
866 3677 923 3725 aaa.
956 3675 1053 3723 Lucan.
1074 3675 1152 3724 vm.
1172 3676 1226 3725 123.
1252 3677 1358 3727 Aetemi

211 3752 309 3804 tatum,
326 3747 447 3796 Iudaeam
456 3763 563 3812 quoque.
585 3749 652 3799 Vide
662 3751 764 3814 interpr.
809 3754 910 3802 Martia
927 3753 1032 3806 Alanos.
1061 3754 1121 3804 vid,
1139 3753 1356 3807 CortadLuoani

212 3826 247 3873 ad
263 3826 386 3875 Matthaei
401 3827 524 3890 Evangel.
542 3827 591 3876 XI.
612 3829 649 3878 16.
679 3829 763 3879 Sidon.
807 3831 870 3879 VH.
888 3832 944 3880 541.

212 3904 326 3966 Apollin.
344 3905 394 3955 111.
416 3906 496 3970 Epist.
516 3908 536 3955 l.
574 3908 775 3972 Quodipaitia·'
843 3912 935 3960 Omnes
959 3913 987 3960 ia
1013 3912 1138 3960 Damalin
1160 3919 1249 3976 patrea
1273 3917 1355 3976 Depo-

211 3985 270 4031 dem
292 3987 444 4047 temporibus
464 3987 538 4045 pati,
563 3988 694 4050 maphate
713 3990 765 4049 aei,
807 3995 867 4038 aeut
883 3992 971 4038 oeulos.
1002 3988 1357 4054 OudendorpiuaadHirtium

211 4064 315 4111 artibus
326 4064 451 4126 instituti,
463 4066 557 4114 laaitua
568 4067 650 4114 otiati.
667 4066 764 4114 Broulr-
807 4069 837 4116 de
847 4068 878 4116 B.
890 4067 947 4117 Afr.
958 4068 999 4116 26.
1012 4068 1093 4117 utitur
1101 4070 1147 4118 hoe
1160 4070 1215 4119 loeo
1228 4072 1260 4120 ad
1272 4073 1355 4122 defen-

214 4137 300 4187 husius
320 4141 426 4203 putabat
450 4142 500 4190 huo
520 4142 600 4192 faeere
620 4145 708 4193 Manil.
730 4145 763 4195 V.
806 4148 914 4196 dandam
930 4147 1062 4196 lectionem
1078 4149 1160 4200 MSS:
1183 4151 1274 4201 ovatae
1291 4169 1357 4202 men·

215 4216 271 4264 450.
308 4219 446 4282 Componet
463 4227 560 4270 teneros
575 4223 652 4271 ettam
664 4225 708 4285 qai
719 4239 764 4272 aa·
807 4231 904 4290 temque
920 4229 955 4276 ad
970 4244 1041 4278 mare
1058 4231 1189 4292 dispositos
1205 4232 1358 4294 directaeque

215 4297 282 4343 terat
306 4311 398 4355 aanor,
432 4300 471 4345 Et
498 4301 624 4348 &minam
649 4303 765 4350 minut
807 4307 914 4355 habaet.
949 4306 979 4353 In
1006 4313 1100 4356 annott.
1122 4299 1198 4358 MSS.
1221 4309 1253 4356 ad
1273 4310 1355 4358 Hora·

84 4720 217 4896 λ
