2916 5220
646 307 962 371 (trillMINUM

420 497 440 556 l
451 543 458 575 ,
484 503 559 578 pete
581 503 786 580 unquentum,
813 515 912 578 puer,
941 502 971 556 et
990 514 1121 556 aoranae

421 599 468 661 Et
493 597 605 662 eerrlum
629 598 737 661 Marsi
765 617 927 662 memorem
946 595 1059 661 duelli:

421 701 612 784 Spartacum
635 703 665 764 si
686 722 748 785 qua
765 703 873 784 patuit
895 707 1058 785 nauantem

510 802 636 867 Fallere
658 812 746 867 testa.

421 908 488 971 Du
510 915 540 970 et
562 915 693 992 arputue
710 913 865 990 properet
886 905 1034 968 Neaerae

420 1010 607 1094 Mprrleum
629 1009 710 1074 naula
733 1008 869 1073 calibere
892 1011 1024 1073 crinem:

422 1115 461 1178 Sl
476 1135 540 1198 per
565 1117 697 1178 inrisum
719 1135 808 1178 mara
830 1116 995 1177 ianitorem

509 1217 595 1296 Fiet,
620 1214 711 1279 abita.

421 1321 514 1384 Lenit
537 1317 694 1384 albescens
716 1323 838 1384 animos
861 1317 998 1403 capillus

422 1424 539 1487 Litium
561 1431 591 1485 et
612 1424 706 1485 rinae
728 1421 858 1506 eupialos
875 1430 1062 1505 protmnae:

419 1524 495 1588 Nan
517 1545 570 1609 epa
592 1523 647 1587 leae
658 1521 803 1608 serrem,
827 1521 950 1588 calidus
973 1526 1111 1605 iuuenta,

514 1625 647 1690 Consule
668 1625 799 1690 Plumea.

242 1775 351 1824 Caesare
379 1793 428 1824 rmn
451 1777 532 1838 furor
559 1775 649 1824 Ciuilis
677 1783 724 1823 arat
750 1779 789 1824 vie
830 1776 951 1824 sententia
971 1775 1077 1838 requirit.
1112 1774 1195 1838 Igitur
1218 1784 1382 1840 aeceperunt:

240 1855 331 1903 extruet
348 1856 435 1903 otiam.
471 1854 520 1903 Sed
537 1853 642 1902 imitatio
659 1854 788 1904 infeliciter
832 1857 863 1904 Si
887 1871 937 1917 qua
963 1856 1069 1904 ratiane.
1116 1853 1165 1902 Sed
1190 1855 1246 1917 quis
1272 1869 1382 1917 puerum

240 1934 319 1982 cessit.
352 1933 420 1982 Vide
436 1933 477 1982 vel
502 1933 579 1990 illud,
605 1949 654 1982 nan
678 1939 788 1981 metuam
830 1933 913 1982 iubeat
930 1941 1013 1996 petere
1029 1934 1119 1981 cadum
1135 1933 1187 1981 uini
1203 1940 1257 1980 tam
1273 1934 1340 1991 rari,
1353 1944 1382 1981 ut

241 2015 316 2060 arari:
334 2012 380 2061 boc
397 2012 475 2075 vulgo
491 2011 614 2074 signifieat
636 2014 714 2062 libens
739 2027 788 2061 rna·
830 2012 1120 2076 ipscdubites,anforte
1130 2011 1381 2076 aliquis,tamquam

241 2093 314 2152 riar,
332 2093 395 2141 rrmri
410 2094 491 2156 capla.
525 2092 613 2140 Horat.
635 2091 685 2139 III.
702 2091 788 2141 Carm.
830 2092 952 2140 miraculo
977 2092 1098 2154 quodam,
1122 2091 1272 2154 Spartacum
1294 2107 1380 2141 evase·

241 2170 265 2218 9.
284 2172 339 2219 Pro
355 2186 407 2232 aaa
422 2173 671 2220 nanrnetaamnmri.
684 2170 735 2219 III.
750 2172 787 2220 19.
830 2172 879 2220 rit?
906 2171 1006 2221 Sueton.
1023 2169 1121 2220 Caesar.
1137 2170 1178 2218 43.
1205 2171 1296 2233 Leaem
1305 2186 1380 2232 prae·

244 2248 343 2298 Codrus
362 2264 410 2312 pra
424 2249 514 2312 patria
530 2263 580 2297 nan
597 2250 700 2297 arraldus
716 2248 787 2298 niori.
830 2252 902 2313 cipue
925 2254 1097 2301 eurntuariam
1123 2251 1250 2307 eamcam,
1275 2252 1380 2314 drapan-

240 2327 360 2390 Legimus
377 2334 402 2376 et
417 2328 443 2375 in
461 2327 508 2377 IV.
527 2326 610 2377 Germ.
628 2328 651 2376 9.
680 2329 738 2375 Non
746 2329 789 2376 ille
830 2332 865 2379 tia
889 2331 959 2378 cirea
985 2330 1118 2378 macellum
1146 2329 1304 2385 aaronem,
1336 2331 1382 2392 qni

237 2422 287 2469 pro
303 2407 371 2457 carre
387 2408 476 2456 amine
506 2405 562 2455 Aut
575 2409 666 2468 patria
683 2407 789 2455 timidus
829 2411 931 2470 apronia
951 2415 1039 2459 cmrtra
1060 2409 1166 2456 vetitum
1182 2410 1326 2456 retinerent
1342 2409 1382 2456 de-

238 2486 330 2547 perire.
374 2485 415 2536 Sic
445 2484 496 2534 III.
522 2484 607 2534 Carm.
635 2486 673 2535 ll.
698 2485 789 2534 metult
827 2494 1008 2551 portarentque
1024 2489 1058 2536 ad
1073 2502 1109 2544 ee,
1125 2487 1252 2535 alburnum
1265 2501 1382 2535 nonnunn

241 2567 319 2628 tanat.
336 2565 385 2614 1v.
403 2563 487 2614 Carm,
505 2565 528 2612 5.
564 2563 674 2625 culpari
698 2565 789 2612 metult
830 2568 1051 2629 annuntiatoribus
1071 2571 1148 2628 atque
1167 2567 1305 2615 mnitibus:
1324 2568 1382 2629 qul,

233 2644 307 2705 fider.
341 2645 376 2692 Et
400 2643 461 2692 alibi
482 2658 567 2706 penna
591 2648 702 2691 metuens
720 2643 788 2692 salit.
830 2648 854 2694 si
870 2662 920 2708 qua
940 2646 1053 2694 custodes
1067 2643 1236 2708 fefellissent,
1257 2645 1312 2691 lam
1333 2658 1380 2705 ap·

242 2722 317 2771 Adde
343 2721 411 2772 Cort.
437 2723 469 2770 ad
495 2723 628 2770 Lucanum
654 2722 703 2770 111.
732 2722 788 2773 407.
829 2726 915 2784 posita
937 2740 950 2774 e
972 2724 1085 2773 triclinio
1101 2722 1243 2786 auferrent.
1269 2722 1328 2771 Hoc
1344 2731 1381 2772 est

242 2801 304 2849 Illis
320 2806 346 2849 et
361 2803 472 2849 colunes
488 2805 604 2849 metuunt
621 2801 787 2848 insisterera·
830 2805 854 2852 ei
869 2819 920 2865 qua
936 2804 1024 2852 vetita.
1056 2802 1139 2851 Nemo
1158 2801 1193 2850 ibi
1209 2801 1334 2864 cogitavit
1350 2803 1381 2851 de

241 2880 295 2927 ruia
329 2879 481 2927 Prudentius
505 2879 541 2927 11.
576 2884 662 2925 eontra
691 2878 789 2940 Symm.
831 2884 872 2931 ola
889 2884 984 2945 aliqua.

242 2958 299 3009 725.
331 2974 376 3009 uec
402 2960 533 3020 trepidans
561 2959 654 3006 aninris
679 2972 789 3008 succum
865 2963 917 3010 Dic
942 2967 966 3010 et
992 2966 1099 3024 arautae
1119 2965 1237 3023 properet
1255 2961 1381 3009 Neaerae.

150 3063 151 3067 =
242 3039 297 3086 bere
314 3040 363 3086 leto
384 3040 438 3087 Pro
451 3039 549 3099 patria.
830 3039 940 3088 Ultimos
957 3046 1011 3088 octo
1028 3054 1115 3088 versus
1136 3039 1242 3090 Horatio
1262 3039 1381 3102 indignos

275 3119 303 3172 I,
313 3124 371 3178 pete
382 3123 544 3180 unquentum,
554 3131 628 3177 puer,
639 3121 664 3165 et
679 3131 789 3165 emanas.
831 3118 948 3168 iudicavit
959 3118 1094 3167 Duhamel.
1122 3120 1173 3168 Die
1181 3124 1302 3180 properet
1313 3125 1382 3168 certe

242 3195 378 3244 Praeclara
407 3211 465 3245 vero
490 3194 594 3244 laetitia!
627 3193 714 3251 Solus,
739 3195 790 3243 sine
830 3196 994 3244 nuntiabatur
1011 3197 1122 3255 mulieri,
1139 3210 1202 3259 quae
1218 3197 1304 3245 statim
1315 3206 1381 3247 esset

241 3275 335 3324 amieis.
370 3275 464 3324 Veniat
485 3281 568 3324 tamen
590 3274 699 3332 Neaera,
722 3273 788 3321 dicit.
829 3282 924 3338 parata.
958 3276 1015 3326 Tali
1031 3291 1103 3325 nemo
1120 3291 1194 3326 sunus
1210 3277 1305 3327 dederit
1316 3279 1379 3327 iani-

241 3355 276 3403 Et
292 3356 348 3404 cito.
384 3356 490 3412 Sinon,
511 3361 617 3402 maneat.
651 3353 718 3402 Nam
738 3366 789 3400 nou
830 3362 916 3404 torem.
949 3356 1037 3418 Neque
1062 3356 1123 3404 haec
1144 3355 1288 3405 ullomodo
1304 3357 1380 3420 perti·

241 3449 313 3495 sum,
329 3433 371 3497 qui
388 3433 431 3481 fui.
465 3433 543 3481 Irasci
553 3446 604 3480 non
616 3431 722 3493 amplius
733 3445 788 3492 pos·
829 3442 888 3484 nent
905 3437 936 3484 ad
953 3450 1006 3484 rem
1022 3435 1181 3498 propositam.

241 3527 297 3559 sum
322 3519 422 3576 propter
450 3512 588 3562 istiusmodi
611 3510 788 3560 cunctationes.
862 3516 945 3563 Abila.
985 3514 1062 3575 Quasi
1093 3513 1161 3563 aliud
1191 3513 1273 3562 faeere
1298 3521 1381 3577 posset

242 3590 337 3651 Quibus
360 3590 485 3639 cachinnis
510 3591 657 3638 hodiernum
689 3591 787 3653 politam
829 3607 897 3656 puer.

241 3669 422 3732 exciperemus,
439 3669 460 3717 si
477 3667 539 3717 talia
554 3667 682 3717 scriberet!
862 3675 920 3721 Nan
937 3688 979 3735 epo
1002 3674 1046 3721 boc
1064 3673 1171 3736 ferrens.
1205 3673 1240 3720 Et
1266 3671 1379 3720 nondum

274 3750 429 3810 Spartacum
445 3749 468 3796 ri
484 3764 535 3811 qua
549 3749 636 3809 potuit
653 3755 787 3812 nauantem
827 3751 920 3800 sciebat
936 3765 969 3798 an
994 3764 1065 3799 mora
1089 3765 1133 3813 per
1158 3749 1290 3799 ianitorem
1315 3755 1381 3798 esset

242 3830 343 3878 Fallere
367 3833 440 3876 testa.
474 3827 538 3877 Pete
563 3831 666 3886 cadum,
692 3827 712 3876 si
737 3843 788 3891 qua
826 3830 921 3878 iniecta.
957 3829 998 3880 Sic
1015 3837 1052 3878 est
1074 3835 1153 3878 totum
1174 3843 1284 3877 carmen.
1317 3826 1380 3876 Alie

241 3914 307 3958 testa
333 3909 481 3972 Spartanum
505 3909 585 3958 latuit.
628 3910 685 3959 Non
711 3911 787 3970 bene,
827 3911 882 3959 aliis
900 3910 1031 3958 contraria.
1055 3909 1160 3958 Interim
1178 3908 1282 3959 Servius
1299 3907 1379 3955 adV.

239 4001 284 4049 pro
300 3990 324 4035 si
341 3988 396 4050 quis
412 3990 498 4037 carlus.
530 3987 597 4036 Tum
615 3991 637 4036 st
653 4005 711 4051 qua,
730 3989 753 4036 h.
764 4002 785 4035 e.
826 3990 892 4039 Aen.
912 3990 966 4041 172.
984 3989 1045 4036 haec
1056 3987 1154 4046 citavit,
1167 3994 1195 4035 ut
1207 3986 1305 4037 Charis.
1320 4001 1378 4048 pag.

239 4069 326 4128 (allaim
361 4072 440 4116 metro
472 4074 610 4130 repugnat,
644 4074 667 4116 ot
702 4073 784 4117 tamen
827 4069 866 4116 49.
885 4082 985 4117 versum
1005 4068 1041 4116 19.

730 4212 887 4236 ΛΝΒ-ω
