2916 5220
545 330 719 393 LIBER
764 331 790 391 Ι.

424 555 671 622 GARMEN
717 553 914 619 XXXVIII.

277 714 433 793 Persicos
458 725 529 809 odi,
553 747 651 811 puer,
676 729 871 811 apparatus,

279 829 467 917 Displicent
489 850 592 893 nexae
614 828 744 913 philyra
767 848 917 902 eoronce3

278 935 376 1001 Mitte
400 933 535 1015 sectari,
560 955 635 998 rose
658 954 721 1017 quo
744 932 890 996 looomm

368 1038 446 1105 Sere
468 1041 621 1102 moretur.

281 1139 432 1227 Simplici
453 1144 561 1224 myrto
583 1138 668 1203 nihil
692 1139 850 1204 allabores

279 1244 419 1312 Sedulus
444 1264 534 1308 curo:
559 1264 666 1327 neque
689 1246 721 1307 te
744 1240 934 1307 ministrum

278 1347 422 1413 Dedecet
444 1350 592 1429 myrtus,
617 1366 723 1431 neque
746 1366 798 1409 me
822 1344 883 1409 sub
906 1349 978 1410 arta

367 1448 445 1514 Vite
467 1447 643 1513 bibentem.

206 1667 359 1718 CARMEN
376 1666 537 1716 XXXVIII.
688 1652 731 1686 eae
751 1652 880 1701 qaamere,
903 1652 1035 1701 quaenam
1059 1638 1111 1685 aiei
1134 1642 1237 1699 peracto

688 1732 744 1765 aere
759 1719 838 1766 soleat
853 1718 972 1765 inveniri
998 1718 1071 1775 Sera,
1089 1715 1167 1763 tardo.
1188 1715 1236 1765 Ut:

132 1762 260 1849 Carmen
276 1797 416 1861 argumenti
433 1803 485 1844 tam
501 1795 577 1852 levis,
594 1800 647 1844 tan·
689 1798 818 1845 Aestatem
834 1796 990 1858 increpitam
1005 1809 1095 1844 reram.
1128 1794 1237 1854 Versus,

98 1883 140 1926 teo
152 1876 287 1935 brevitatis,
298 1882 426 1939 praeterea
443 1873 561 1937 scriptum
572 1887 648 1936 puero
688 1889 763 1936 quem
784 1875 882 1932 laudat,
905 1880 942 1922 est
958 1873 1063 1936 Virgilii
1080 1873 1127 1922 IV.
1145 1873 1236 1936 Georg.

97 1956 221 2013 ministre,
234 1954 364 2004 Volterius
376 1968 474 2017 quoque
484 1953 648 2017 reprehendit.
691 1953 745 2002 134.
779 1955 887 2002 Primus
907 1968 963 2003 cere
983 1968 1066 2002 reram
1092 1958 1169 2015 atque
1193 1969 1236 2000 au-

97 2036 158 2084 Non
179 2035 238 2083 setis
262 2033 362 2098 quidem
383 2033 474 2081 Latine
495 2032 598 2091 sciebat,
620 2038 648 2079 ut
688 2037 788 2082 etamaa
804 2047 907 2094 carpere
921 2048 1041 2095 penea—
1057 2035 1186 2081 Aestatem
1201 2034 1237 2081 ia·

97 2115 129 2163 de
145 2113 298 2176 praestantis
313 2118 426 2161 veterum
443 2112 572 2174 poetarum
585 2125 647 2160 sem·
688 2112 816 2174 crepitans
827 2126 908 2160 reram
918 2113 1092 2174 Zephyrosque
1104 2118 1237 2161 irrorantes.

97 2207 143 2256 per
165 2198 190 2242 et
207 2192 298 2255 ubique
314 2205 372 2240 vere
389 2191 498 2238 iudicare
514 2198 607 2253 posset,
624 2198 649 2240 et
689 2189 775 2240 Cicero
792 2191 826 2241 V.
843 2192 870 2240 in
885 2191 960 2241 Verr.
989 2191 1026 2239 10.
1063 2189 1128 2239 Cim
1153 2197 1238 2240 autem

97 2271 154 2334 quis
178 2274 272 2334 potest?
294 2270 361 2318 haud
382 2283 439 2317 rero
459 2276 543 2319 temen
564 2276 588 2318 et
604 2270 648 2319 ille
687 2285 731 2319 aer
747 2285 798 2320 eree
819 2276 945 2332 coeperat,
970 2271 1042 2318 caim
1064 2271 1169 2319 initium
1192 2273 1239 2320 iste

97 2355 123 2397 et
139 2349 232 2398 similes
248 2349 270 2398 ei
286 2349 388 2409 Franci,
405 2363 455 2411 que
475 2354 533 2396 sunt
554 2349 648 2412 ingenii
688 2365 737 2398 noa
753 2365 770 2397 a
787 2351 907 2408 Favonio,
924 2363 1001 2411 neque
1018 2350 1049 2397 ab
1066 2350 1150 2411 alique
1167 2357 1238 2399 aetra

97 2427 236 2490 elegantia,
261 2427 354 2490 aliquid
380 2427 501 2484 sentiunt,
518 2428 586 2491 quod
607 2427 647 2476 vel
688 2429 804 2484 uetabat,
822 2428 866 2476 red
880 2441 937 2475 oum
954 2440 1037 2476 rosam
1052 2429 1164 2489 videret,
1178 2433 1239 2477 tarro

96 2507 274 2556 eruditissimos
291 2506 403 2555 homines
422 2506 494 2568 fugit.
529 2505 557 2555 Si
573 2506 645 2554 scire-
688 2507 798 2568 incipere
813 2520 856 2554 ver
867 2507 1051 2553 arbitrabatur.
1079 2505 1169 2553 Luxus
1180 2508 1239 2569 poni

97 2600 167 2643 mus,
184 2586 286 2649 quando
310 2590 335 2632 et
360 2598 436 2647 quaro
453 2583 574 2631 Horatius
595 2584 646 2630 sin·
689 2585 751 2633 solet
767 2585 793 2632 in
810 2584 1019 2648 primanovitate.
1053 2584 1201 2633 Laudentur
1212 2593 1237 2635 et

97 2664 162 2727 gula
176 2663 287 2712 carmine
303 2661 489 2725 composuisset,
510 2661 592 2710 multe
608 2662 645 2710 iu·
688 2676 758 2711 rosae
776 2664 905 2720 hibernae,
925 2661 997 2710 flores
1014 2663 1091 2711 alieni
1107 2665 1238 2726 temperis,

97 2743 204 2791 cundius
227 2743 373 2805 legeremus.
406 2741 462 2790 Hoc
486 2740 601 2803 quidem,
626 2740 647 2789 si
688 2746 717 2788 nt
739 2740 797 2788 dicit
818 2741 838 2789 I.
857 2739 991 2804 Capitolio.
1008 2741 1034 2789 in
1050 2741 1120 2790 Vero
1137 2743 1159 2790 la
1176 2743 1237 2791 Vid.

97 2821 217 2870 Horatius
233 2821 340 2884 scripsit,
358 2820 397 2869 edi
412 2826 478 2869 certe
494 2819 580 2868 noluit.
688 2819 791 2884 interpr.
807 2821 839 2869 ed
860 2821 927 2871 Fler.
953 2822 988 2871 11.
1015 2823 1039 2872 8.
1083 2822 1133 2873 Sed
1158 2838 1239 2886 nequo

131 2898 647 2962 Mitteeeotari,roraqeolooormaSera
688 2905 786 2963 myrtae
810 2916 892 2964 neque
916 2904 978 2951 citio
1002 2903 1105 2951 hiberno
1129 2909 1239 2966 tempore

96 2985 218 3028 moretur.
259 2979 335 3028 Mitte
359 2978 448 3028 sectori
473 2992 568 3036 rosam,
597 2993 648 3042 quo
688 2979 795 3040 gretiam
804 2978 904 3028 hebent.
938 2979 1237 3035 Inciduntinrosasaer-

91 3055 210 3104 locorum
226 3060 343 3104 moretur.
360 3055 391 3104 P.
402 3057 538 3106 Brantsma
547 3057 574 3106 in
587 3057 646 3121 Spe
688 3073 747 3115 aaa,
764 3072 814 3106 non
831 3057 858 3105 in
874 3057 989 3106 hibernas
1005 3065 1030 3107 ct
1047 3065 1100 3108 arte
1117 3067 1222 3110 coactas.

97 3135 155 3184 cim.
172 3135 293 3185 observet.
310 3149 362 3199 oep.
380 3136 404 3184 3.
421 3135 484 3199 legit
499 3138 590 3186 scitari
605 3137 646 3186 vel
722 3139 838 3200 Simplici
848 3137 943 3200 'myrto
963 3139 1029 3185 nihil
1049 3138 1173 3187 allatores
1192 3141 1236 3188 Se·

96 3217 216 3265 scrutari.
249 3215 336 3264 Minus
352 3214 578 3278 eleganter,qnem
593 3215 646 3264 vul·
688 3217 765 3266 delae
781 3231 847 3267 erare.
873 3215 956 3263 Bentl.
973 3216 1038 3262 nihil
1053 3216 1177 3264 allatores
1196 3217 1244 3266 Se·⁴

97 3294 535 3358 gotum.Symmech.IV.Epist.28.
552 3296 648 3345 Omitte
687 3296 775 3352 datus,
792 3310 863 3344 cure.
897 3294 929 3341 In
950 3293 1007 3343 MS.
1025 3292 1127 3341 Mentel.
1145 3293 1239 3357 legitur

94 3374 191 3422 sectari
205 3388 252 3435 per
268 3373 527 3437 naturamfeciliora.
547 3373 645 3425 InMS.
687 3389 770 3423 curae.
805 3372 880 3421 Unde
895 3372 1002 3434 corrigo:
1021 3372 1139 3433 Simplici
1155 3379 1239 3435 ruyrto

96 3449 221 3501 D’Orvill.
244 3459 293 3502 est:
313 3469 361 3516 qao
382 3458 493 3502 moretur
509 3467 567 3502 aera
583 3456 645 3502 loco·
688 3453 755 3500 nihil
772 3454 903 3501 allatores.
938 3453 1059 3502 sederem
1075 3465 1239 3516 oureeueqae

96 3544 162 3578 rum.
197 3529 302 3579 Suetnm
321 3532 433 3580 ordinem
454 3537 537 3580 servet
557 3531 644 3581 Victo·
688 3535 713 3579 te
728 3531 875 3580 orinirtrum
900 3530 1008 3580 Dedecet
1028 3537 1140 3592 amitae,
1161 3546 1239 3594 aeque

96 3609 144 3656 rin.
161 3623 217 3671 pag.
239 3610 312 3658 2604
346 3610 415 3659 Rosa
433 3625 491 3659 sera
512 3609 647 3674 accipiatur
687 3623 723 3672 sq.
748 3609 814 3658 Non
831 3623 892 3674 opus
909 3616 946 3659 est
962 3608 1007 3658 tibi
1023 3623 1070 3658 nec
1085 3609 1147 3657 mihi
1158 3610 1238 3659 multo

96 3687 128 3736 de
142 3688 246 3749 primia,
270 3703 322 3738 non
347 3689 378 3738 do
404 3690 520 3738 hibernie.
556 3688 597 3739 Sic
621 3694 647 3737 et
687 3688 776 3737 flomnr
792 3695 889 3739 ornatu.
923 3689 961 3739 Te
982 3694 1127 3752 myrtus-et
1148 3690 1237 3738 seduli-

96 3765 243 3835 Qomment:
261 3771 358 3819 “Vetat
365 3783 477 3833 paerum
486 3769 597 3818 studiose
606 3782 646 3817 ro·
688 3774 725 3816 tes
742 3769 800 3817 satis
816 3774 913 3818 ornant.
