2916 5220
662 336 976 400 (lrilllllNUbi

434 523 553 586 t'unctu
566 521 708 605 ,festinat
731 545 860 603 cerrenus,
883 522 941 586 lette
963 532 992 585 ct
1016 521 1090 585 illuc

436 628 600 690 (fursc'tunt
623 631 740 691 arelatae
758 631 872 711 peteres
890 625 1035 710 puellus:

430 729 765 813 Sorde'ducnflumntue
788 729 951 814 trepident
973 737 1113 793 rotantes

526 834 646 897 Vertite
656 832 793 917 sulutem.

430 937 477 1002 Ut
501 943 612 1002 tamen
636 938 742 1020 noris,
768 937 887 1022 quibus
912 936 1079 1001 advoceris

430 1043 584 1124 Caudiis,
611 1044 689 1108 idus
715 1044 776 1108 tibi
802 1049 880 1108 sunt
904 1043 1067 1128 agendae,

251 1251 329 1301 Getae
345 1255 411 1316 apud
424 1255 593 1318 Spartianum.
611 1254 730 1305 Ourelius
741 1269 796 1304 eam

250 1338 345 1392 partem
373 1348 431 1382 suae
461 1335 626 1383 annotationis
652 1336 740 1382 sumsit
765 1350 797 1384 ex

251 1411 432 1475 Lindenbrogio
457 1414 488 1460 ad
513 1413 677 1463 Censorinum
702 1429 754 1478 cap.
772 1415 796 1462 2.

251 1492 295 1555 qui
315 1493 401 1540 eadem
423 1494 509 1543 Severi
534 1501 558 1544 et
581 1493 660 1543 Getae
681 1494 797 1556 exempla

249 1570 342 1620 citavit.
377 1571 426 1621 Sed
443 1572 489 1621 illa
502 1580 624 1637 tempora,
641 1574 730 1637 quibus
748 1574 798 1622 elia

250 1649 331 1696 multa
347 1649 377 1698 de
393 1651 471 1698 veteri
491 1651 620 1715 disciplina
636 1660 661 1702 et
678 1653 798 1716 religione

250 1727 351 1775 fuerunt
369 1730 470 1777 remissa
482 1737 506 1777 et
517 1738 625 1791 mutata,
643 1747 692 1780 non
705 1731 798 1780 faciunt

251 1808 282 1854 ad
299 1813 404 1856 aetatem
421 1809 574 1871 Augustam.
608 1811 630 1858 Ι.
647 1810 796 1874 Rutgersius

251 1887 275 1932 in
293 1886 362 1935 Lect.
375 1887 464 1935 Venus
476 1902 528 1950 cap.
542 1890 566 1938 2.
578 1904 635 1951 pag.
647 1889 705 1941 237.
722 1891 796 1938 ctiam

251 1971 326 2027 negat
354 1965 457 2028 privatis
490 1967 616 2015 natalibus
650 1970 796 2030 sanguinem

251 2043 352 2093 fundere
372 2044 440 2093 nefas
461 2045 547 2104 firisse,
568 2047 642 2110 idque
660 2049 748 2110 probat
765 2063 796 2096 ex

251 2123 360 2171 hocloco
368 2125 467 2173 Horatii
476 2163 482 2184 ‚
491 2140 550 2173 nam
560 2141 639 2189 neque
648 2127 797 2189 Rutgersius

250 2203 280 2251 de
297 2203 408 2252 versibus
425 2204 515 2267 spuriis
531 2206 661 2267 cogitavit,
677 2212 744 2254 etex
755 2205 797 2252 Iu·

251 2284 345 2331 venalis
356 2284 403 2331 XI.
425 2284 507 2347 Satyr.
526 2285 566 2332 84.
592 2286 632 2332 Et
648 2287 796 2334 natalitium

250 2366 362 2425 connatis
388 2379 481 2426 ponere
509 2365 626 2422 lardum,
660 2366 798 2414 Accedente

250 2457 328 2501 noua,
353 2445 377 2490 si
398 2458 474 2504 quum
495 2445 573 2491 dabat
595 2445 691 2502 hostia,
714 2459 796 2492 carne.

250 2519 296 2566 His
320 2521 469 2584 Rutgersius
494 2523 595 2570 tertium
620 2530 796 2585 argumentum

250 2600 343 2648 addidit
360 2601 418 2658 hoc,
436 2602 493 2663 quia
510 2601 595 2649 Varro
612 2601 686 2648 dixit:
703 2603 731 2650 id
747 2617 796 2650 neo-

248 2681 285 2726 ris
307 2682 471 2742 destitutique
489 2682 596 2728 maiores
612 2682 694 2728 nestri
711 2687 794 2731 tenue·

248 2765 318 2806 crint.
352 2759 421 2819 Ergo
442 2772 492 2805 non
514 2765 593 2807 aetate
610 2761 745 2817 Varronis,
762 2761 796 2808 ait

249 2836 288 2882 vir
308 2837 422 2883 eximius.
456 2836 511 2883 Imo
536 2836 677 2895 Censorini,
698 2841 740 2902 qni
758 2841 794 2888 vi·

250 2913 323 2961 rebat
343 2915 417 2962 etiam
439 2914 485 2961 sub
507 2914 607 2963 Severo.
646 2916 795 2978 Rutgersius

250 2991 333 3039 locum
350 2992 480 3042 Censorini
491 3007 541 3040 non
553 3002 668 3043 accurate
680 2996 795 3058 inspexit.

250 3070 319 3118 Haec
340 3072 406 3120 euim
424 3080 483 3121 sunt
500 3074 591 3122 verba:
613 3075 668 3124 Hic
678 3075 796 3137 forsitan

249 3152 306 3212 quis
321 3158 439 3214 quaerat,
456 3155 517 3215 quid
533 3167 633 3202 caussae
648 3155 691 3212 sii,
708 3160 738 3202 ut
749 3171 796 3202 me·

250 3245 307 3277 rum
321 3233 483 3292 scindendum
508 3234 601 3293 Genio,
624 3247 671 3280 non
689 3234 796 3281 bostium

243 3311 410 3371 faciundam,
433 3313 579 3374 putauerit?
603 3314 669 3374 quod
688 3314 796 3370 scilicet,

250 3395 279 3435 ut
301 3392 383 3438 Varro
399 3396 510 3439 testatur
526 3393 554 3438 in
570 3406 596 3439 co
613 3393 686 3451 libro,
708 3394 749 3441 cui
766 3394 797 3440 ti-

251 3469 320 3515 tulus
336 3476 373 3517 est
391 3470 505 3532 Atticus,
527 3476 553 3519 et
572 3476 610 3519 est
626 3473 656 3520 dc
672 3472 795 3532 eunucis,

250 3547 278 3594 id
302 3552 379 3596 moris
401 3551 563 3612 institutique
587 3553 693 3600 maiores
718 3553 798 3599 nostri

251 3630 398 3686 tenuerunt,
415 3632 457 3685 ui,
477 3643 534 3676 cum
550 3631 590 3677 die
606 3631 690 3678 natali
706 3645 797 3679 munus

250 3707 342 3753 annale
354 3708 433 3755 Generi)
441 3709 576 3769 solemni,
590 3725 716 3757 manumet
725 3712 798 3758 caede

249 3789 274 3831 et
297 3788 420 3848 sanquine
443 3789 608 3843 abstinerent,
633 3803 662 3836 ne
680 3791 731 3846 die,
747 3805 797 3851 qua

250 3866 302 3925 ipsi
318 3867 396 3914 iucem
413 3869 574 3927 accepissent,
591 3870 652 3916 aliis
663 3870 796 3917 meterent.

250 3944 363 4006 Apparet
379 3943 544 3993 Censorinum
556 3946 658 3994 laudare
675 3963 732 3996 suos
746 3965 796 3996 mo-

249 4025 325 4082 lares,
343 4024 407 4086 quod
425 4039 497 4087 saepe
514 4025 574 4072 alibi
590 4025 654 4074 facit.
672 4026 712 4075 Dc
724 4027 796 4075 Iuve-

251 4102 308 4150 nale
324 4101 389 4149 idem
407 4104 485 4151 dicere
501 4118 610 4166 possem,
627 4105 692 4168 quod
709 4105 740 4152 de
753 4104 796 4154 Se·

250 4196 308 4230 vero
325 4189 349 4230 et
366 4183 436 4231 Geta.
470 4183 536 4230 Nam
553 4191 578 4231 et
589 4184 628 4232 hic
639 4191 695 4247 post
705 4185 796 4247 Augu-

251 4268 316 4307 stum
341 4262 411 4310 vixit.
454 4264 488 4311 Et
517 4277 548 4310 ex
577 4269 657 4311 aetate
685 4264 797 4326 Augusti

251 4340 350 4386 nullum
368 4340 416 4388 tale
434 4342 576 4403 excnrplum
592 4341 729 4399 invenitur,
747 4356 796 4389 non

838 1255 864 1302 in
876 1254 991 1312 Tibullo,
1009 1269 1058 1303 nou
1074 1255 1100 1302 iu
1114 1253 1218 1310 Ouidio,
1236 1251 1285 1316 qui
1302 1252 1388 1302 festum

838 1334 922 1382 natale
942 1333 1127 1382 accuratissime
1148 1332 1311 1394 describunt,
1332 1335 1390 1382 adeo

837 1421 865 1459 ut
883 1414 1003 1472 matiam,
1029 1414 1051 1461 si
1066 1419 1176 1461 mactata
1193 1412 1296 1470 fuisset,
1322 1415 1389 1461 omit·

837 1498 889 1540 tere
909 1506 960 1539 uon
980 1490 1113 1554 potuerint.
1147 1491 1197 1541 Sed
1217 1493 1300 1541 verba
1320 1493 1389 1541 Inve-

837 1571 900 1618 nalis
917 1571 968 1618 alia
984 1571 1078 1619 ratione
1093 1571 1244 1633 explicanda
1261 1585 1316 1620 esse
1328 1570 1388 1618 arbi·

837 1656 895 1698 tror.
929 1649 1089 1700 Praeceduut
1108 1649 1229 1697 nimirum
1246 1650 1276 1698 hi
1293 1664 1388 1698 versus:

838 1731 905 1778 Sicci
922 1735 992 1791 terea
1004 1731 1071 1786 suu,
1088 1744 1151 1776 rara
1159 1731 1303 1790 pendentia
1315 1735 1389 1785 crate,

839 1807 921 1856 lieris
951 1814 1007 1857 erat
1040 1811 1165 1871 quondam
1184 1807 1268 1870 festis
1293 1822 1390 1856 sanare

837 1889 927 1936 diebus.
970 1888 1094 1951 Loquitur
1123 1886 1240 1936 universe
1267 1887 1300 1934 de
1325 1885 1389 1935 festis

836 1967 935 2024 diebus,
961 1971 986 2014 et
1007 1965 1117 2028 exempli
1137 1979 1225 2022 causa,
1248 1967 1277 2012 in
1294 1967 1388 2022 medio,

836 2046 896 2093 citat
912 2045 978 2093 diem
995 2044 1112 2101 natalem,
1130 2045 1233 2102 addens,
1244 2045 1329 2102 lardo,
1342 2059 1389 2108 quo

837 2139 886 2172 uon
912 2125 958 2172 uisi
980 2122 1047 2172 festis
1069 2123 1156 2170 diebus
1176 2124 1331 2186 utebantur,
1356 2127 1389 2173 in·

837 2203 936 2250 terdum
969 2202 1084 2250 accedere
1108 2215 1200 2249 novam
1225 2217 1346 2262 carnem,
1370 2206 1389 2251 si

838 2297 913 2345 quam
930 2297 962 2330 ex
980 2281 1071 2337 hostia,
1095 2279 1156 2329 festo
1172 2281 1226 2339 die,
1247 2282 1389 2347 quicunque

838 2362 858 2408 is
883 2362 974 2418 fuerit,
999 2365 1121 2416 mactata,
1147 2360 1258 2407 nancisci
1284 2369 1388 2423 possent.

838 2440 893 2488 Iam
911 2440 957 2488 iste
973 2439 1024 2487 dies
1041 2439 1118 2487 festus
1135 2453 1186 2486 non
1202 2441 1346 2488 necessario
1355 2447 1389 2488 est

838 2519 944 2577 natalis,
962 2526 990 2567 ut
1006 2533 1086 2582 neque
1102 2518 1182 2566 hostia
1193 2520 1335 2568 necessario
1346 2527 1389 2576 est,

837 2613 913 2661 quam
930 2598 1016 2655 iidem,
1033 2598 1077 2660 qui
1093 2603 1164 2660 parte
1176 2605 1327 2656 vescuntur,
1340 2614 1389 2647 ma·

837 2684 974 2727 ctaveruut.
1009 2678 1076 2726 Nam
1093 2678 1141 2725 hoc
1157 2683 1194 2726 est
1212 2678 1324 2726 alterum
1341 2677 1389 2726 fru-

838 2758 946 2820 galitatis
958 2764 983 2806 et
994 2757 1160 2820 parcimoniae
1169 2757 1299 2805 iudicium.
1322 2757 1389 2806 Rara

837 2844 890 2885 erat
914 2851 999 2886 recens
1024 2851 1098 2895 caro,
1128 2851 1210 2900 neque
1240 2851 1340 2900 semper
1363 2838 1389 2885 iu

837 2922 937 2979 promtu
954 2918 1020 2979 apud
1037 2917 1123 2964 lanios.
1158 2916 1249 2978 Itaque
1265 2917 1299 2964 de
1323 2916 1388 2963 victi-

837 2997 884 3044 mis
900 2997 1029 3044 emebatur
1044 3004 1068 3045 et
1085 2996 1246 3045 vendebatur.
1277 2995 1346 3052 Hoc,
1362 3001 1389 3041 ut

838 3075 982 3131 avaritiam,
998 3077 1024 3123 in
1035 3074 1186 3125 Atheniensi
1196 3074 1295 3122 notavit
1306 3074 1388 3122 Theo·

838 3155 956 3216 phrastus
972 3154 1049 3204 Char.
1066 3155 1125 3204 Eth.
1143 3155 1183 3203 22.
1206 3154 1251 3202 ubi
1266 3155 1327 3203 vide
1342 3153 1388 3204 Ca·

838 3234 907 3282 saub.
941 3234 1046 3283 Flavius
1062 3234 1186 3296 Vopiscus
1202 3232 1230 3280 iu
1248 3233 1341 3281 Tacito
1353 3235 1387 3282 ll.

838 3315 947 3363 Hostias
966 3329 1028 3362 suos
1049 3328 1146 3375 semper
1167 3315 1269 3362 amum
1291 3328 1388 3362 revoca·

836 3395 887 3449 cit,
909 3395 1044 3456 iisdemque
1064 3407 1122 3440 suos
1138 3393 1203 3440 uesci
1219 3393 1306 3440 aucit.
1340 3392 1391 3440 De·

837 3473 911 3534 nique
919 3472 1039 3520 Horatius
1050 3472 1076 3518 in
1085 3470 1247 3520 Carminibus
1258 3485 1388 3534 nunquam

838 3553 918 3600 utitur
929 3550 1010 3599 forma
1021 3551 1124 3613 antiqua
1136 3550 1254 3598 infinitivi
1265 3553 1388 3614 spargier.

838 3630 900 3678 Alia
915 3643 954 3677 res
971 3631 1049 3677 estin
1066 3629 1187 3692 Epistolis
1203 3635 1230 3676 et
1247 3629 1345 3678 Satiris

874 3710 974 3758 Cuncta
1002 3709 1115 3770 festinet
1141 3723 1240 3756 nanetus.
1285 3709 1389 3758 Diceret

838 3789 1006 3836 lautissimum
1021 3788 1107 3835 multis
1119 3788 1262 3836 hominibus
1274 3790 1389 3852 apparari

839 3869 988 3926 convivium,
1004 3874 1030 3915 et
1041 3868 1119 3916 solam
1131 3867 1279 3930 Phyllidem
1291 3869 1388 3917 invitat.

838 3947 944 3995 Puellae
968 3947 1049 4008 pueris
1074 3946 1179 4005 mixtae,
1205 3947 1238 3994 ad
1263 3947 1332 3995 cibos
1353 3962 1389 3995 oo

837 4025 947 4089 quendos
972 4032 996 4073 et
1021 4026 1045 4072 iu
1068 4039 1179 4073 mensam
1196 4024 1325 4085 ferendos,
1341 4041 1389 4075 nou

838 4106 981 4154 Romanum
999 4112 1043 4154 est.
1073 4106 1125 4155 Soli
1142 4106 1207 4154 servi
1224 4106 1357 4156 faciebant.

873 4187 972 4244 Quibus
997 4188 1124 4235 advoceris
1151 4187 1268 4234 Gaudie's.
1311 4187 1389 4235 Hora·

837 4263 888 4311 tius
905 4266 929 4312 iu
947 4263 1059 4327 sequenti
1076 4263 1186 4312 carmine
1198 4267 1340 4314 convicium
1351 4280 1389 4312 vo

838 4349 878 4390 cat
893 4345 994 4404 paudite.
