2916 5220
545 306 716 371 LIBER
767 307 789 370 l.

276 486 343 550 Nos
366 489 522 566 couritur,
546 506 601 549 nos
616 485 743 570 praelia
766 487 936 569 altuinum.

276 589 376 652 Sectis
399 593 432 652 in
449 592 571 652 iurenes
589 587 739 674 renonibus
759 591 894 655 nmirum.

278 692 468 773 fumantes,
491 695 596 773 curui,
614 694 679 755 sice
697 690 775 775 quid
794 695 931 753 utinen.

318 795 394 858 Non
409 802 543 878 praeter
564 793 688 858 solitum
709 792 795 857 letes.

127 908 182 954 Nos
198 907 317 955 martisia.
351 906 451 954 Acidal.
473 906 568 968 reponit
588 921 643 955 con-
663 907 666 965 ζ
688 905 743 953 tiles
759 905 791 952 ud
808 905 980 963 concubitum,
996 911 1035 967 et,
1050 907 1074 953 a·
1090 909 1189 969 quondo
1202 911 1237 956 orl

90 986 167 1033 victu.
201 985 309 1032 littam
330 999 419 1047 parum
436 984 498 1032 haec
514 984 644 1040 differunt,
663 986 666 1019 ἲ
685 986 783 1047 proelio
799 991 900 1034 mnam
916 991 967 1044 est,
992 987 1030 1034 Ut
1050 987 1174 1047 quotidem
1190 990 1234 1035 sti·

91 1070 122 1110 ut
138 1064 214 1111 etiam
232 1064 286 1112 sinc
300 1063 378 1112 MSS.
389 1072 487 1111 mutue
501 1064 644 1123 audeamus,
663 1028 667 1117 l
686 1064 757 1124 pulis
773 1063 871 1125 nmquis
896 1079 956 1110 nant
981 1063 1077 1110 uritis
1102 1065 1166 1126 loreis
1190 1067 1235 1113 In·

91 1143 115 1189 si
132 1142 182 1190 loci
198 1143 319 1191 sententia
335 1142 454 1204 postulet:
477 1158 500 1191 v.
522 1143 643 1190 Burman.
688 1157 787 1190 cassum
803 1141 884 1204 sarit.
919 1142 1050 1190 Horatius:
1072 1158 1120 1191 raon
1139 1146 1236 1205 praetia

91 1221 126 1268 ad
151 1221 259 1270 Inachii
283 1220 368 1271 carm.
393 1237 450 1284 pag.
473 1223 522 1270 453
542 1231 566 1269 et
587 1222 644 1270 699.
689 1222 814 1282 circinum
849 1221 930 1270 Sectis
952 1225 978 1269 in
999 1224 1097 1270 iuvenes
1113 1225 1237 1283 ungaribus

94 1300 217 1348 Convicio
238 1301 353 1363 legerunt
370 1310 464 1350 veteres
482 1302 645 1363 Interpretes,
664 1308 668 1387 Ῑ
689 1302 812 1348 αενόιιυι.”
838 1300 964 1350 Schrcsel.
982 1303 1107 1349 emendat:
1131 1304 1167 1349 Ut
1183 1305 1236 1364 qui·

92 1385 119 1426 et
140 1378 281 1428 comment.
305 1381 337 1426 ad
359 1380 407 1427 IV.
433 1380 517 1430 Carm.
538 1382 576 1428 15.
602 1381 644 1428 ubi
664 1404 667 1451 3
689 1381 747 1426 dom
764 1382 791 1426 in
811 1382 921 1442 stipulas
943 1396 1048 1442 attonsus
1068 1383 1122 1429 sine
1142 1383 1237 1430 viribus

91 1458 204 1520 scripsit:
221 1458 445 1521 “Quandoquidem
456 1460 598 1507 huiusmodi
610 1462 645 1509 rei
665 1464 667 1475 '
688 1460 760 1519 inuia
794 1458 929 1507 Cramcrus
950 1458 1034 1506 scribit
1051 1460 1163 1508 “Versus
1179 1469 1237 1507 suut

92 1537 206 1598 gravitas
216 1552 268 1586 non
279 1539 359 1601 lyrico
369 1539 483 1593 carmini,
500 1539 542 1586 sed
553 1553 646 1601 magno
665 1482 667 1585 i
690 1537 768 1598 ignoti
790 1539 887 1599 potitae,
913 1539 938 1584 in
959 1537 1049 1600 quibus
1069 1539 1159 1586 titium
1180 1539 1236 1588 saci-

92 1616 162 1677 operi
180 1618 303 1666 conuenit.
336 1619 381 1666 Ad
401 1618 484 1681 lyram
505 1627 587 1666 autem
605 1620 645 1667 de·
665 1598 667 1653 Ι
689 1616 738 1663 lius
754 1632 830 1678 qnam
848 1618 996 1665 medicinam
1013 1618 1155 1678 agnoscas.”
1189 1619 1236 1666 La·

91 1701 227 1741 cantantur
242 1696 369 1752 convivia,
385 1711 496 1754 amores,
515 1706 540 1745 et
553 1698 646 1759 proelia
664 1660 667 1725 l
689 1696 757 1744 tebat
772 1697 854 1744 sirum
865 1697 965 1758 egregie
975 1696 1087 1752 doctum,
1099 1710 1152 1744 esse
1163 1697 1236 1759 Virg.

92 1772 248 1834 virgiuum.”
262 1773 361 1822 Interea
369 1774 474 1836 dignum
484 1785 547 1824 esset
556 1776 645 1825 Gram-
690 1777 738 1825 III.
757 1776 849 1838 Georg.
866 1775 905 1823 98.
923 1781 961 1835 et,
977 1776 1000 1821 si
1012 1778 1112 1838 quando
1124 1777 1158 1823 nd
1168 1792 1238 1837 proe-

92 1852 185 1899 matico
210 1867 329 1901 acumen:
356 1855 481 1902 Homerus
506 1857 573 1903 canit
597 1865 645 1904 sto
690 1858 726 1904 iia
750 1861 852 1905 eentum
876 1860 926 1912 est,
957 1855 993 1902 Ut
1010 1856 1133 1917 quondam
1150 1857 1177 1903 in
1193 1858 1237 1903 sti·

92 1931 211 1978 machum
225 1932 337 1989 Pelidae,
354 1935 419 1982 unde
435 1942 491 1982 orta
507 1936 571 1983 inter
588 1950 644 1983 eum
688 1936 879 1996 perstrennuus
895 1936 949 1981 aitte
964 1933 1061 1981 viribus
1080 1934 1159 1995 inuis,
1192 1937 1237 1982 In·

91 2015 119 2055 et
134 2009 355 2072 Agamemnonem
367 2015 483 2062 omneis.
514 2015 566 2062 Nos
579 2016 645 2063 cani·
689 2028 789 2062 cussum
811 2011 892 2075 furit.
938 2011 969 2058 In
998 2012 1113 2075 exemplo
1139 2013 1238 2061 Horatii

92 2102 150 2135 mus
167 2090 218 2137 alia
230 2093 352 2148 surrentin,
365 2099 390 2140 et
402 2092 453 2140 alia
463 2093 558 2155 proelia
570 2109 644 2155 quam
689 2091 765 2138 ctiam
781 2090 915 2153 legendum
932 2104 977 2138 tws
991 2092 1097 2152 proelio.
1134 2092 1239 2140 Veteres

93 2167 200 2215 heroum
218 2176 243 2216 et
259 2168 377 2217 Deorum.
690 2168 854 2218 Grammatici
878 2183 935 2217 suos
959 2170 1043 2232 poetas
1068 2184 1140 2233 saepe
1164 2172 1238 2218 inter·

127 2249 184 2295 Nos
198 2250 298 2310 proelia
314 2251 441 2311 vispinum
467 2252 548 2300 Sectis
564 2254 591 2299 in
608 2254 645 2298 iu-
689 2249 852 2310 pretabantur
875 2247 991 2310 appositis
1012 2256 1111 2295 tanturn
1132 2248 1238 2296 aliorum

94 2340 166 2374 cenet
182 2329 308 2387 capanna
324 2330 429 2378 amium.
460 2329 572 2379 Stultum
590 2329 646 2384 ὀξύ·
689 2328 818 2388 poctarum
840 2327 912 2374 locis:
934 2327 1001 2388 quod
1023 2326 1106 2376 Schol.
1124 2326 1237 2375 Iuvenal.

94 2421 191 2467 μωρον.
226 2405 371 2468 Antequam
388 2409 419 2454 ad
436 2409 550 2455 convivia
567 2408 646 2463 ibant,
690 2405 714 2452 b.
741 2405 758 2452 l.
784 2406 887 2467 pulchre
912 2405 976 2454 fecit.
1014 2405 1143 2461 Eunuchi,
1167 2406 1238 2464 dicit,

95 2498 195 2546 ungues
212 2492 395 2543 resecaverunt,
416 2501 447 2535 ne
468 2501 525 2535 vere
547 2493 646 2548 possent
690 2491 748 2530 sunt
765 2484 889 2541 imbelles,
907 2485 938 2531 ad
955 2484 1112 2531 concubitum
1130 2485 1238 2540 inutiles,

95 2562 217 2611 resistere.
251 2564 311 2613 Ideo
327 2565 468 2614 Hemsterh.
486 2566 517 2613 ad
533 2565 646 2627 Propert.

96 2657 119 2703 p.
131 2643 189 2690 943.
212 2643 320 2691 Bentleii
330 2644 526 2693 emendationem
536 2646 646 2701 strictis,

96 2735 172 2782 quam
183 2721 377 2783 pulcherrimam
388 2730 471 2779 vocat,
482 2723 646 2784 amplectitur.

97 2798 168 2847 Idem
190 2799 251 2848 facit
269 2802 357 2849 Burm.
379 2803 411 2850 ad
428 2801 501 2852 ovid.
520 2800 540 2848 I.
558 2800 646 2848 Amor.

97 2878 120 2924 6.
154 2877 251 2927 Contra
267 2881 387 2928 Burman.
406 2881 487 2928 minor
498 2880 529 2927 ad
541 2879 646 2927 Anthol.

97 2956 154 3005 Lat.
172 2959 203 3006 T.
221 2957 242 3006 Ι.
259 2975 283 3022 p.
301 2959 358 3008 501.
379 2959 536 3007 commendat
553 2957 647 3006 Grono-

98 3036 132 3082 vii
148 3041 228 3084 sectos
243 3037 272 3084 in
287 3039 400 3097 iuuenes,
417 3037 483 3099 quod
499 3036 574 3084 etiam
591 3050 647 3084 con-

97 3114 188 3163 iecerat
227 3114 323 3178 Gogav.
354 3116 491 3165 Praeterm.
525 3130 581 3177 pag.
606 3117 647 3164 39.

98 3190 214 3263 Oudend.
231 3194 316 3242 reiicit.
350 3193 501 3244 Scholiastae
522 3194 649 3256 explicant

98 3287 194 3334 unques
218 3280 311 3333 sectos,
340 3278 514 3336 praeparatos.
561 3269 596 3319 In*
622 3288 648 3322 re

98 3352 177 3400 simili
193 3350 244 3400 Iul.
260 3353 384 3400 Firmicus
401 3352 432 3399 de
449 3351 534 3399 Error.
553 3351 647 3413 profan.

98 3431 183 3493 Relig.
200 3446 224 3493 p.
244 3432 281 3482 17.
302 3436 443 3480 reserentes
469 3429 590 3492 appellat,
614 3430 648 3479 lo-

98 3523 177 3572 quens
194 3509 225 3556 de
242 3515 314 3572 raptu
331 3509 508 3572 Proserpinae:
543 3511 597 3558 Nec
613 3526 650 3559 re·

97 3589 196 3637 amati
212 3604 307 3651 unques
324 3594 412 3638 contra
433 3590 557 3637 rusticum
582 3605 650 3637 omo·

100 3672 180 3716 torem
196 3668 295 3730 utquid
308 3666 470 3730 prefuerunt.
502 3668 651 3717 Emendatio

97 3746 208 3795 Bentleii
226 3745 356 3809 ὀξύμωρον
376 3746 484 3794 sustulit.
519 3746 649 3796 Gramma-

99 3826 177 3884 ticus,
194 3825 280 3880 credo,
301 3824 347 3872 sibi
368 3839 418 3872 non
439 3826 500 3888 eripi
517 3833 649 3886 pateretur.

101 3902 243 3952 Scholiasta
259 3904 290 3951 ad
312 3903 426 3952 Iuvenal.
449 3903 501 3954 Sat.
523 3904 572 3953 VI.
593 3906 649 3953 365.

100 3981 183 4042 Sunt,
199 3997 263 4044 quas
281 3983 404 4030 Eunuchi
419 3983 539 4044 itraheltes,
552 3998 582 4032 ac
592 3987 650 4032 rnol-

99 4061 138 4108 it'n
157 4075 254 4123 setnpsr
278 4062 372 4109 Oscula
393 4062 525 4110 delectent:
548 4064 650 4111 eandem

690 2571 787 2611 tentant
804 2570 895 2621 tamen,
912 2565 963 2622 sed,
975 2564 996 2611 si
1009 2564 1040 2611 ad
1053 2577 1105 2610 rem
1118 2565 1238 2621 venerint,

689 2644 814 2690 incassum
832 2643 929 2702 furunt,
948 2649 976 2690 ut
993 2649 1081 2691 ventus
1098 2644 1124 2691 in
1141 2644 1238 2706 stipulis

690 2722 755 2783 apud
772 2722 922 2784 Virgilium,
944 2729 973 2770 ut
989 2722 1088 2785 puellae
1105 2723 1170 2785 apud
1187 2723 1238 2771 Ho-

689 2799 781 2846 ratium
798 2813 866 2847 ucrcs
882 2806 951 2856 sunt,
973 2800 1015 2849 sed
1035 2802 1087 2849 sinc
1105 2802 1237 2864 unguibus.

691 2877 771 2925 Acres
788 2879 840 2926 sine
858 2879 996 2941 unguibus,
1013 2887 1041 2928 ut
1058 2882 1122 2943 ignis
1139 2882 1191 2930 sine
1204 2883 1238 2930 vi-

690 2956 771 3015 ribus,
793 2959 900 3005 eunuchi
917 2960 970 3007 sine
987 2960 1097 3008 testibus.
1131 2961 1172 3010 Dc
1188 2962 1239 3010 En·

690 3037 772 3084 nacho
794 3037 858 3085 idem
880 3037 977 3085 Auson.
999 3039 1086 3101 Epigr.
1107 3040 1161 3088 108.
1183 3041 1238 3103 qui:

692 3117 834 3164 Foetnineos
850 3122 934 3165 coetus
950 3123 975 3165 et
991 3132 1040 3166 non
1056 3133 1105 3166 suo
1121 3120 1184 3167 belo
1202 3122 1238 3166 ln·

690 3196 772 3243 cessit.
807 3193 899 3244 Postea
915 3197 1021 3258 cognovi
1037 3210 1069 3244 ex
1086 3196 1239 3252 Heinrichio,

691 3286 723 3318 an
741 3272 853 3330 aliunde,
872 3273 989 3322 Scholion
1006 3274 1037 3321 de
1053 3274 1172 3322 Iuvenale
1189 3275 1239 3322 iam

691 3356 757 3398 recte
770 3350 820 3413 legi
834 3352 899 3414 apud
908 3353 1019 3409 Vallem,
1032 3353 1174 3415 praemissis
1186 3366 1239 3400 ver·

692 3429 741 3477 bis:
760 3432 871 3478 utillud
893 3432 999 3494 Virgilii.

727 3509 878 3569 Cantemus,
894 3509 976 3569 vacui,
992 3509 1044 3558 siue
1056 3511 1120 3572 quid
1132 3511 1240 3566 unnnn,

696 3588 753 3636 Non
772 3593 874 3650 praeter
893 3590 995 3637 solitum
1014 3591 1084 3638 letes.
1118 3590 1240 3638 Animad-

692 3670 771 3722 verte,
784 3666 844 3729 quid
858 3667 905 3714 ista
918 3667 1008 3716 Latine
1021 3667 1106 3715 velint.
1133 3666 1240 3717 “Canta-

692 3758 759 3802 mus,
780 3744 831 3794 sive
853 3761 936 3795 amore
953 3748 1030 3794 simus
1047 3747 1131 3805 vacui,
1149 3745 1241 3793 sivest

692 3825 738 3887 ipsi
753 3840 874 3883 amemus,
891 3833 975 3874 tamen
993 3827 1019 3873 in
1037 3827 1084 3873 isto
1097 3838 1179 3872 amore
1192 3837 1240 3871 non

692 3910 843 3960 constantes,
864 3906 918 3962 sed,
944 3910 972 3951 ut
991 3904 1109 3959 solemuS,
1133 3901 1199 3950 leves
1217 3910 1241 3950 et

692 3982 848 4031 mutabiles.”
864 3983 956 4032 Utrum
962 3982 1089 4039 Horatius,
1099 3980 1240 4027 huiusmodi

693 4061 804 4108 carmina
823 4060 926 4118 faciens,
953 4067 1018 4107 amet
1043 4073 1130 4117 necne,
1156 4065 1240 4106 utrum

99 4139 329 4203 interpretationem
358 4140 475 4202 sequitur.
517 4140 650 4203 Apponam
693 4148 807 4189 constans
817 4139 842 4186 in
851 4153 933 4186 amore
941 4139 982 4194 sit,
991 4152 1023 4185 an
1031 4137 1101 4194 levis
1111 4152 1142 4185 an
1154 4137 1242 4186 levitas

100 4218 202 4265 doctum
219 4218 349 4275 Scholion,
374 4224 403 4265 ut
427 4218 551 4281 corrigam
575 4221 652 4268 verba
694 4217 1240 4280 eisitconsuetud0,haecomniaplanenon

100 4303 225 4359 corrupta,
237 4304 261 4345 et
272 4297 418 4346 sententiam
429 4297 556 4360 explicem.
575 4302 651 4349 “lnu-
694 4300 776 4356 video,
788 4298 847 4361 quid
860 4299 890 4344 nd
903 4312 954 4347 rem
966 4299 1115 4360 propositam
1128 4297 1224 4345 faciant.

570 4425 772 4452 «οῦ-
