2916 5220
592 333 766 396 LIBER
812 335 874 396 ill.

347 521 428 583 Late
451 528 622 604 tprnnmea:
648 540 721 583 eret
732 519 832 603 solita
855 542 960 585 nemne

346 620 460 687 Mmtia
483 630 512 685 et
534 620 608 707 atyn
633 619 707 686 litnt
730 620 836 686 inntil‘

391 726 542 789 Demiaan
565 733 733 809 tempestas
756 723 795 789 nb
817 726 908 790 Enro

437 829 581 909 Sternet,
605 847 705 912 nqnne
726 830 790 892 nisi
801 825 900 912 fallit
922 850 1023 916 nnenr

347 930 479 995 Annean
502 933 621 994 omnin.
669 929 757 993 Dnm
774 938 887 1014 poter,
911 931 1037 997 nridnm

352 1034 506 1119 Compene
530 1032 664 1119 lienem
689 1053 762 1097 moa
791 1033 922 1100 Genium
944 1057 1027 1099 mero

396 1133 531 1201 Cnrnbia
554 1142 584 1197 et
601 1154 702 1218 pereo
724 1132 863 1199 bimestri

439 1239 517 1304 Cnm
528 1236 669 1323 snmnlis
692 1259 821 1322 opernm
843 1238 961 1304 aolntia.

161 1409 203 1453 est
236 1405 334 1467 poenae,
369 1417 419 1450 non
449 1403 592 1450 scribarum.
634 1404 715 1451 Duria
755 1408 837 1464 porea,
858 1406 886 1450 in
906 1406 979 1466 peina
998 1406 1065 1454 dotet
1081 1407 1182 1469 deflecte
1195 1411 1302 1470 puellae.

162 1483 275 1545 alioquin
299 1483 325 1530 in
349 1496 400 1530 nno
425 1481 514 1530 saltem
539 1480 595 1530 MS.
622 1478 714 1541 legere·
755 1480 815 1528 Vid.
833 1481 919 1530 Heius.

163 1569 217 1610 tur,
791 1560 857 1607 Cret
881 1562 990 1610 Genium
1014 1579 1081 1612 ntero
1103 1551 1221 1614 Caiatia.
1256 1567 1303 1616 Ge-

198 1643 265 1689 Lnte
282 1645 413 1702 tyrannus.
450 1637 561 1687 Imitatio
578 1637 715 1700 Virgiliani
756 1638 812 1686 nius
837 1652 887 1686 non
913 1640 1062 1700 curabatur,
1087 1642 1129 1689 sed
1150 1641 1224 1691 homo
1244 1645 1302 1706 ipse.

159 1720 288 1781 populum
306 1720 358 1766 Inte
374 1733 460 1780 renem.
496 1716 545 1766 Sed
562 1717 656 1764 Lamus
673 1717 715 1765 ille
758 1719 825 1766 Dece
841 1733 933 1766 curere
948 1734 993 1782 pro
1009 1735 1084 1770 antra
1100 1721 1132 1769 iit
1143 1722 1240 1785 faeere,
1252 1722 1301 1770 La-

161 1803 218 1845 crat
236 1796 308 1844 modo
325 1796 434 1858 regulus.
756 1796 836 1843 tinum
857 1810 906 1845 non
927 1803 979 1856 est,
1005 1798 1053 1846 nisi
1073 1800 1173 1861 quando
1194 1815 1226 1848 ex
1247 1816 1302 1849 sen·

199 1874 265 1923 Crat
274 1874 349 1938 soliis
364 1889 452 1923 nenena
478 1875 585 1923 Sternet.
619 1874 715 1922 Nemus
756 1876 834 1924 tentia
842 1891 925 1924 rerum
934 1878 1216 1942 sequatur.Interpretee
1224 1887 1303 1930 osten-

158 1956 284 2016 privmm
305 1953 381 2010 foliis,
405 1967 455 2001 non
478 1954 604 2003 sternitur.
638 1952 713 2001 Tem·
756 1955 819 2002 dunt
836 1955 923 2004 Plauti
936 1956 1026 2005 Aulul.
1041 1957 1191 2022 Prolog.vs.
1206 1961 1244 2008 18.
1262 1960 1304 2007 ubi

160 2038 247 2095 pestas
272 2033 354 2080 solum
374 2031 474 2088 sternit,
499 2046 584 2094 agros,
610 2031 715 2079 humum
756 2032 808 2080 Lar
818 2032 947 2081 familiaria
958 2034 1081 2097 loquitur:
1100 2037 1184 2100 Atqne
1194 2040 1237 2087 ille
1247 2054 1304 2087 vero

161 2111 270 2170 sternit,
292 2117 320 2158 nt
341 2109 465 2172 Virgilius
490 2111 587 2172 stipula
608 2113 715 2159 sternite
756 2113 839 2159 ntinna
855 2115 985 2176 ntinnaqne
1000 2115 1124 2176 impendio
1140 2117 1246 2177 Curare,
1259 2120 1303 2166 mi-

160 2189 269 2236 hnmnm
285 2195 310 2236 ot
326 2189 438 2250 spernite
455 2189 557 2235 lintrium
568 2188 648 2250 soliis.
755 2206 850 2252 nmque
873 2208 911 2240 me
931 2194 1065 2255 irnpertire
1086 2196 1225 2244 honmibna.
1259 2196 1303 2245 Ni·

198 2269 266 2330 Alqa
291 2270 354 2316 litua
380 2266 475 2314 inutili.
518 2266 591 2313 Litus
615 2266 714 2315 iterum.
756 2270 848 2318 mirum
872 2271 916 2319 ille
941 2286 991 2320 non
1016 2274 1121 2321 curabat
1144 2275 1252 2332 Larem,
1278 2275 1302 2322 h.

160 2345 305 2394 Praecessit
335 2345 460 2393 litoribus.
501 2346 599 2392 Inutiti
625 2361 713 2407 parum
755 2363 775 2396 e.
794 2352 942 2412 neplipebat,
959 2350 1031 2413 parvi
1044 2350 1157 2400 faciebat.
1187 2352 1241 2400 Nec
1253 2353 1303 2401 Ro·

160 2429 252 2486 aptum
273 2422 408 2486 epitheton,
434 2423 493 2485 quia
514 2422 554 2470 hie
574 2437 624 2471 non
646 2425 714 2472 locus
755 2427 844 2475 manus
869 2428 961 2478 diceret
986 2446 1077 2480 curare
1096 2431 1216 2486 Genium,
1237 2431 1303 2492 quia,

160 2509 200 2551 cst
217 2502 347 2565 proverbio
364 2505 423 2563 atyn
439 2503 522 2549 cilina.
755 2514 854 2570 propter
871 2505 990 2556 formulas
1002 2509 1081 2557 Genio
1096 2509 1224 2570 indulyere
1239 2515 1263 2556 et
1278 2524 1303 2557 ae

197 2585 287 2644 Anime
305 2585 358 2632 niai
367 2583 447 2646 fallit
462 2598 551 2644 anper.
586 2583 658 2633 Ovid.
677 2582 713 2632 II.
755 2601 857 2645 curare,
874 2586 920 2635 hoe
937 2586 1088 2649 significaret
1099 2588 1208 2636 Genium
1218 2589 1302 2636 Dema

160 2660 226 2710 Am.
261 2662 285 2709 6.
317 2664 419 2724 pluviae
462 2663 581 2724 praealtae
625 2668 714 2712 nnetor
755 2667 808 2713 otto
835 2672 860 2714 et
888 2668 945 2715 vino
969 2668 1079 2729 implere.
1120 2666 1189 2728 Ergo
1213 2666 1301 2716 Horat.

159 2756 251 2805 aqrme.
755 2742 790 2790 II.
808 2742 889 2805 Epist.
918 2746 938 2793 l.
962 2745 1016 2793 140.
1042 2745 1166 2808 agricolae
1193 2745 1303 2795 Condita

197 2820 264 2868 Dum
272 2826 351 2882 potes,
363 2821 464 2868 aridum
475 2819 598 2880 compone
609 2820 712 2880 lienum.
753 2827 812 2884 port
822 2822 970 2883 frumenta,
988 2825 1097 2873 levantes
1109 2824 1302 2888 temporesmto,

160 2898 247 2949 Credo
271 2899 396 2947 hominem
421 2897 528 2946 voluisse
554 2899 613 2945 dum
638 2900 712 2960 lieet,
757 2900 856 2962 Corpna
880 2906 905 2950 et
924 2904 1009 2964 iprum
1026 2904 1151 2962 antinum,
1172 2918 1216 2964 ape
1224 2903 1301 2966 finit,

160 2983 225 3028 dnm
235 2979 299 3043 fata
314 2981 409 3028 sinunt.
438 2977 493 3025 Alii
506 2977 712 3038 interpretantur:
754 2982 821 3028 ctera
831 2980 970 3044 serentem,
1000 2983 1124 3031 Tellurem
1142 2997 1230 3044 pereo,
1248 2985 1300 3032 Sit·

160 3060 225 3108 ‹lnm
235 3075 280 3123 per
290 3060 402 3122 pluviam
413 3059 482 3116 licet,
499 3074 558 3107 nam
569 3072 624 3107 oran
634 3058 713 3120 pluet,
753 3075 847 3108 aenum
863 3061 928 3109 terte
942 3062 1060 3122 piabant,
1081 3061 1199 3109 Floribna
1210 3067 1235 3108 et
1245 3063 1302 3110 nino

160 3144 219 3184 tnm
241 3137 341 3199 lignum
362 3138 404 3187 fiet
425 3137 554 3185 madidum
579 3143 604 3185 et
628 3136 712 3184 fumus
757 3138 872 3189 Genium,
900 3138 970 3186 Dicit
978 3140 1093 3200 piabant,
1110 3152 1159 3185 non
1170 3143 1302 3198 curabant,

160 3217 248 3266 oculos
265 3217 373 3265 vexabit.
400 3215 479 3276 Quasi
496 3230 545 3263 non
563 3215 662 3278 lignum
678 3230 713 3264 es·
754 3217 867 3280 Denique
880 3216 988 3268 Genium
1003 3216 1188 3264 venerabantur
1198 3217 1301 3266 solemni

159 3302 201 3344 set
217 3295 243 3343 in
259 3295 315 3344 loco
331 3309 346 3342 a
365 3293 457 3357 pluviis
474 3300 536 3343 tuto.
570 3294 713 3356 scripsisset
753 3296 846 3344 honore
871 3296 909 3344 die
925 3295 1044 3357 cuiusque
1064 3294 1154 3353 natali,
1174 3295 1217 3343 sed
1238 3310 1300 3344 nnn-

159 3374 263 3423 saltem:
281 3388 356 3436 quem
370 3379 453 3434 potet,
471 3373 496 3421 id
513 3380 562 3432 est,
579 3380 710 3437 qnantum.
753 3391 829 3438 quam
850 3375 873 3423 ei
894 3374 1048 3422 mactabatur
1065 3372 1176 3431 victima,
1194 3380 1223 3422 ut
1240 3375 1264 3424 h.
1283 3376 1299 3424 1.

160 3452 237 3502 ovid.
258 3453 307 3502 III.
329 3452 431 3501 Remea.
455 3453 514 3501 Am.
533 3454 589 3502 325.
628 3454 712 3512 anm
751 3469 842 3518 parens
858 3454 990 3503 bimestria.

656 3625 818 3652 -400-

522 3781 768 3846 OARMEN
813 3781 941 3846 XVIII.

342 3934 479 4032 Fanne,
505 3950 734 4034 Nympharum
758 3948 946 4033 fugientum
969 3953 1113 4029 amator,
1180 3959 1183 3966 '

301 4112 453 4163 CARMEN
471 4113 574 4163 XVIII·
751 4085 868 4133 videntur
885 4085 931 4132 hcc
948 4098 1059 4142 carmen,
1076 4084 1135 4146 quia
1148 4083 1297 4147 faetumpu.

752 4169 807 4211 tant
824 4177 853 4211 eo
869 4162 1020 4211 Fannalium
1037 4168 1158 4224 tempore,
1175 4165 1242 4227 quod
1259 4166 1296 4212 111.

192 4208 711 4306 anne,Nympnnrnmsnpientumamn-
751 4242 811 4290 cidit
827 4241 853 4288 in
870 4243 956 4290 Nonas
973 4241 1129 4291 Decembres.
1148 4242 1234 4306 Ipsum
1247 4257 1300 4291 ear·

157 4328 209 4371 tor.
243 4321 395 4384 Interpretes
411 4337 462 4371 non
478 4328 544 4371 reete
560 4321 712 4370 intellexisse
752 4335 809 4369 men
831 4320 895 4368 hanc
916 4319 1055 4383 opinionem
1080 4319 1180 4371 refutat.
1218 4322 1300 4370 Huius
