2916 5220
557 252 876 317 CARMINUM

331 440 504 528 Inprudens
527 439 604 526 liquo
620 443 752 524 patrios
774 439 935 502 Penates:

328 545 501 631 Impudern
528 543 641 608 &enm
663 544 789 606 moror!
829 539 856 604 O
877 539 1019 604 Deorum

330 650 367 712 St
388 651 458 733 quis
479 645 554 710 lmec
576 644 688 725 aredis,
712 646 833 708 utinorn
856 645 938 706 inter
960 663 1062 706 arcon

418 749 518 813 Nuda
542 748 664 812 leones!

328 856 504 939 Antequam
527 855 632 936 trapis
654 852 768 914 rmccies
791 848 933 913 decentes

334 958 469 1042 Occupet
491 955 593 1020 unus
616 963 797 1037 teneraeque
818 972 928 1016 succus

326 1059 458 1143 Dqfleuat
476 1056 640 1143 praedae,
665 1058 807 1139 speciosa
829 1076 945 1139 quaero

417 1163 558 1226 Poscere
581 1163 685 1245 to'prea

337 1265 416 1330 Vilis
439 1266 595 1348 Europe!
613 1271 712 1346 pater
735 1270 823 1346 urqet
842 1260 974 1327 absens:

147 1490 172 1532 at
197 1485 339 1534 laceremur
366 1491 391 1532 et
409 1484 580 1548 fraaqanlur.
619 1483 698 1532 Po‘eta
738 1488 825 1529 votum
842 1481 1000 1530 morientium
1021 1480 1107 1529 multis
1124 1479 1250 1543 explicat,
1265 1487 1289 1530 at

106 1604 113 1615 .
147 1563 227 1611 voluit
243 1579 338 1612 amano
355 1565 477 1621 lacerari,
502 1571 531 1612 ut
548 1568 649 1628 apparet
665 1576 697 1610 ex
738 1559 872 1609 Horatium
889 1561 1065 1622 interpretatur
1081 1559 1164 1607 verbis
1175 1558 1289 1609 Obarito

148 1641 238 1691 ultimo
255 1657 337 1692 versu.
738 1640 790 1686 nis:
816 1641 920 1703 εὔχομαι
942 1638 977 1687 ἔτι
994 1639 1059 1696 καλὴ
1084 1638 1228 1698 τεθνάναι,
1250 1639 1289 1686 καὶ

180 1722 497 1784 Irnpndenrliquipatrios
510 1723 625 1770 Penates.
643 1721 698 1769 Hoc
739 1717 872 1780 εὐσχήμων
892 1718 956 1765 εἶναι
971 1715 1056 1780 νεκρά.
1089 1715 1181 1778 Neque
1197 1715 1243 1764 ille
1259 1715 1289 1763 ad

146 1799 308 1847 conveniebat
318 1815 342 1847 v.
352 1813 372 1847 c.
390 1799 510 1848 Helenae.
536 1801 638 1862 Europa
646 1815 696 1848 non
740 1798 843 1859 tiqrides
867 1797 927 1845 istas
951 1797 1011 1844 satis
1036 1795 1151 1843 animum
1176 1795 1288 1843 attendit.

147 1878 260 1940 reliquit,
277 1876 359 1924 multo
375 1878 457 1925 minus
473 1879 611 1940 irnpudeas.
630 1877 697 1938 Quo·
740 1875 768 1925 Si
782 1877 884 1940 Europa
900 1877 976 1939 tigres
992 1876 1108 1938 pavisset,
1125 1874 1288 1923 nondasoen·

147 1955 205 2003 tidie
222 1955 257 2002 ita
268 1954 397 2017 linquebat
405 1955 507 2003 domum
516 1962 698 2018 paternam,ut
739 1954 796 2002 dere
812 1961 908 2017 poterat
928 1955 960 2002 ad
980 1953 1087 2003 infernas
1108 1954 1193 2012 sedas,
1220 1960 1288 2002 ante·

147 2049 205 2081 cum
218 2032 362 2096 aequalibus
374 2033 479 2083 luderet.
514 2034 696 2094 dimerserat,
739 2047 816 2095 quam
831 2034 962 2096 reliquiae,
979 2047 1047 2092 oasa,
1064 2031 1172 2081 collecta
1188 2038 1214 2080 et
1231 2046 1290 2081 con-

147 2126 195 2160 non
206 2113 345 2175 inpudens.
362 2113 482 2162 Miseram
492 2115 696 2164 voeatMoschus.
739 2111 850 2168 cinnatu,
871 2118 993 2175 quantum
1014 2111 1067 2160 fieri
1088 2117 1184 2173 posset,
1209 2117 1289 2160 term

185 2193 292 2239 Utinam
309 2194 378 2241 inter
398 2210 479 2242 errem
514 2197 592 2243 Nuda
609 2199 696 2245 leones.
738 2197 819 2239 essent
830 2191 1289 2255 mandata·AppuleiusVII·Metam·

148 2272 227 2318 Nuda
245 2285 260 2318 a
276 2272 363 2320 decoro
376 2272 503 2333 abhorret,
520 2275 585 2337 quod
598 2277 697 2338 puellae
742 2270 780 2317 15.
801 2285 817 2317 a
832 2270 958 2319 Dorvillio
982 2271 1113 2330 laudatus,
1135 2271 1184 2320 hoc
1204 2272 1288 2320 docet:

146 2350 172 2397 iu
194 2358 273 2401 morte
294 2352 369 2401 etiam
391 2353 567 2411 observabant,
588 2355 628 2402 vel
651 2369 695 2402 eu·
740 2352 779 2397 Et
794 2352 902 2400 crtdaaer
918 2353 1151 2414 quidemcarnis
1160 2352 1289 2413 partibus,

147 2436 244 2489 rantes,
261 2438 302 2491 ut,
320 2432 340 2480 si
356 2433 484 2492 caderent,
502 2433 603 2481 honeste
624 2435 697 2482 cade-
740 2432 840 2478 taudem
858 2436 938 2478 totum
955 2437 1083 2494 repertum
1099 2445 1221 2492 aequeque
1234 2446 1289 2479 con·

148 2515 211 2557 rent.
229 2509 348 2559 Horatius
365 2526 420 2559 eam
437 2526 487 2560 non
504 2511 599 2560 lecisset
615 2513 696 2560 dicen·
739 2508 870 2556 cinnntnm
887 2511 977 2558 ibidem
994 2516 1077 2558 terroe
1096 2511 1193 2559 dedere.
1223 2509 1289 2560 Son·-

148 2593 205 2634 tcrn.
232 2588 313 2637 Aliud
336 2597 373 2638 est
393 2593 475 2639 rrrcdns
495 2606 558 2650 ara,
576 2606 629 2640 sere
648 2607 695 2639 nu·
738 2587 787 2647 psit
804 2592 887 2634 autem
912 2587 1052 2636 Dorvillius
1073 2588 1091 2636 l.
1111 2587 1128 2636 l.
1150 2595 1289 2652 antequam

147 2668 199 2714 dtu.
229 2667 317 2730 Neque
338 2669 369 2716 de
389 2669 501 2717 leonibus
522 2669 583 2717 mihi
607 2669 695 2732 placet.
740 2667 933 2715 tristismacr'es.
956 2667 1092 2715 Memoriae
1103 2681 1202 2727 errore,
1218 2675 1288 2731 puto.

147 2745 295 2807 Appellavit
312 2755 398 2795 auctor
415 2747 516 2798 Cretam
537 2756 637 2797 centum
654 2764 695 2812 op·
739 2744 873 2795 Caeterum
889 2749 971 2794 enolae
982 2749 1091 2796 ducentes
1101 2752 1160 2793 sunt
1171 2746 1289 2808 pulcher·

146 2823 210 2885 pidis
229 2829 362 2886 potentem.
403 2825 459 2874 Hoc
480 2826 595 2888 ignorare
616 2828 696 2889 potuit
739 2824 823 2872 rimae.
847 2824 962 2874 Fortasse
979 2840 1009 2873 ea
1018 2825 1073 2873 laus
1089 2824 1174 2872 sordet
1190 2825 1216 2872 in
1232 2839 1289 2873 ora·

147 2902 259 2965 Europa,
276 2902 380 2951 lectores
397 2918 447 2952 non
457 2905 580 2966 ignorant.
602 2905 695 2953 Melius
738 2904 804 2951 tione
820 2903 896 2965 ipsius
912 2905 1035 2966 Europae.
1062 2904 1111 2954 Sed
1128 2911 1217 2952 auctor
1229 2906 1288 2953 scri·

147 2980 260 3030 Ariadne
276 2981 302 3029 in
325 2982 400 3030 simili
423 2997 498 3030 causa
515 2983 612 3031 dubitat
629 2985 694 3046 apud
738 2983 796 3032 bere
816 2983 897 3046 potuit
918 2988 1062 3046 Antequam
1087 2984 1171 3043 turpis
1196 2986 1290 3032 macies

149 3056 267 3107 Ovidium
286 3060 319 3109 X.
345 3061 447 3110 Heroid.
469 3062 510 3110 85.
535 3064 654 3111 Forsitan
672 3070 697 3112 et
738 3065 852 3111 cadentes
871 3065 981 3124 Occupet
998 3063 1085 3108 nralaa.
1111 3059 1206 3119 Malas,
1223 3075 1288 3123 quae

142 3137 233 3200 fulcos
259 3143 334 3188 tellus
359 3144 407 3190 alit
428 3144 480 3191 isla
506 3145 598 3191 leones:
632 3144 696 3201 Quis
738 3140 807 3189 brevi
830 3143 918 3190 eadent
943 3147 968 3188 et
989 3140 1065 3188 macie
1089 3138 1287 3201 occupabuntur.

147 3218 209 3277 scit,
225 3226 290 3269 auset
307 3235 394 3270 saeuae
411 3223 515 3284 tapioles
531 3223 695 3284 intusaqont.
738 3222 817 3280 Nam,
839 3223 905 3285 quod
925 3222 1050 3270 Homerus
1072 3218 1161 3282 Odyss.
1181 3223 1211 3267 θ.
1229 3220 1288 3268 530.

182 3300 324 3361 Antequam
349 3303 434 3362 turpia
459 3303 551 3350 rrracies
575 3304 695 3350 decentes.
739 3305 789 3360 Τῆς
814 3300 834 3350 δ’
861 3300 1021 3362 ἐλεεινοτάτῳ
1051 3298 1107 3362 ἄχει
1135 3298 1288 3362 φθινύθουσι

148 3375 239 3424 “Nunc
264 3378 339 3426 etiam
360 3382 458 3443 pinguis
475 3396 530 3428 sum
548 3388 573 3430 et
589 3382 695 3443 tigribus
739 3380 854 3444 παρειαί,
867 3380 914 3427 hoc
922 3379 1030 3427 Romani
1040 3379 1128 3426 eadm
1138 3382 1164 3424 et
1175 3380 1228 3427 labi
1244 3393 1287 3442 ap-

148 3467 235 3516 operae
260 3459 366 3519 pretium
388 3466 425 3508 est
445 3474 485 3508 me
506 3460 631 3508 devorare.
667 3460 696 3510 Si
737 3458 840 3520 pellant.
864 3459 957 3508 Statius
973 3457 1007 3507 V.
1026 3456 1086 3506 Silv.
1107 3456 1197 3507 l.170.
1216 3460 1287 3507 Iom-

148 3533 227 3582 macie
248 3535 358 3584 confecta
382 3537 462 3594 fuero,
483 3539 546 3586 nihil
568 3538 696 3587 habebunt
737 3553 784 3599 qne
792 3540 886 3586 cadum
895 3541 988 3586 cultus.
1006 3536 1108 3586 Sueten.
1121 3535 1235 3597 August.
1245 3538 1286 3586 99.

148 3617 246 3672 praeter
262 3627 318 3661 ossa
335 3620 359 3662 et
375 3616 490 3678 pellem.''
520 3616 560 3664 De
577 3616 622 3663 tali
641 3631 695 3665 sen·
739 3616 861 3677 Supremo
878 3617 929 3672 die,
944 3617 1024 3676 petito
1034 3616 1147 3676 apecula,
1163 3618 1287 3678 capillum

148 3691 226 3738 tentia
241 3692 303 3741 nihil
321 3693 402 3742 dicere
419 3694 516 3742 attinet.
550 3695 695 3757 Enimvero,
737 3695 786 3741 eibi
810 3696 872 3743 corni
897 3709 926 3743 ac
956 3695 1037 3741 erratas
1058 3694 1169 3740 labentes
1191 3697 1287 3758 corripi

149 3767 219 3816 aiunt
230 3770 387 3834 interpretes,
398 3774 502 3837 Europa
509 3774 623 3836 cupiebat
632 3777 695 3823 mori
736 3775 872 3834 proecepit.
894 3771 952 3820 Vid.
971 3770 1085 3821 Oudend.
1108 3769 1203 3819 Seneca
1220 3772 1285 3836 Hip·

147 3846 233 3897 illaeso
257 3857 282 3900 et
301 3853 398 3915 integro
418 3866 531 3915 empore,
556 3854 622 3916 quod
642 3860 695 3901 erat
736 3851 785 3914 pol.
802 3853 860 3899 364.
877 3853 963 3914 lapsae
979 3865 1066 3912 penae:
1083 3850 1133 3898 vid.
1152 3848 1264 3900 Gronov.

149 3927 265 3981 solatium
294 3932 454 3981 morientibus
482 3939 507 3980 et
536 3934 694 3981 morientium
774 3932 836 3978 Vitis
858 3931 971 3992 Europe!
995 3936 1069 3991 pater
1093 3937 1167 3991 rcrqet
1187 3933 1286 3981 absara.

149 4006 240 4057 amicis.
272 4011 320 4060 Sed
338 4013 358 4059 si
374 4027 484 4075 unquam
501 4012 587 4075 puella
607 4013 694 4062 misere
736 4008 855 4058 Obscura.
885 4009 979 4057 Variae
1002 4008 1216 4071 interpretationes
1238 4016 1285 4058 tes-

148 4083 256 4135 lacerato
272 4104 372 4152 corpore
389 4092 419 4138 ad
437 4090 526 4139 inferos
543 4091 638 4150 abierit,
649 4092 694 4139 illa
735 4097 827 4138 tantur.
860 4089 948 4137 Verba
963 4090 1014 4138 fere
1034 4103 1083 4137 non
1100 4087 1176 4135 aliam
1194 4090 1284 4138 admit-

147 4173 212 4214 certe
229 4168 299 4225 abiit,
317 4184 380 4232 quae
397 4169 421 4216 in
437 4176 556 4232 potestate
574 4171 692 4232 tigridum
735 4176 793 4217 tunt
817 4169 864 4217 nisi
881 4169 960 4228 hanc,
986 4185 1001 4216 a
1020 4168 1129 4223 nemine,
1157 4175 1283 4230 quantum

147 4242 200 4292 fuit.
222 4246 361 4296 Dorvilliua
379 4250 410 4296 ad
428 4249 556 4298 Chariton.
572 4249 592 4296 I.
607 4251 630 4298 ὅ.
647 4250 693 4298 hoc
735 4250 796 4307 seio,
817 4250 950 4313 prolatam:
971 4256 1042 4312 pater
1059 4247 1146 4294 absens
1164 4252 1247 4308 urget,
1256 4256 1282 4294 ut
