2916 5220
563 301 880 365 (lilltMlNUM

544 510 790 576 OARMEN
838 508 896 571 lX.

331 647 458 745 Vides,
484 669 521 726 ut
544 663 612 727 alta
635 665 701 726 stet
724 660 799 724 nive
822 657 998 724 candidum

332 766 482 848 Soracte,
507 787 566 830 nec
589 765 656 829 iam
681 763 867 828 sustineant
890 781 972 824 onus

379 870 487 935 Silvae
508 869 711 949 laborantes,
735 867 876 952 geluque

423 973 580 1038 Flumina
603 970 812 1037 constiterint
834 971 950 1034 acuto?

320 1161 472 1210 CARMEN
490 1161 538 1209 IX¹
747 1133 847 1179 hirsuta
873 1132 949 1178 iubas.
984 1129 1039 1176 Non
1065 1131 1169 1178 sidereis
1194 1133 1296 1178 hirsuta

747 1210 818 1257 taba.
835 1207 902 1256 Nam
918 1207 964 1256 hoc
981 1208 1123 1271 exemplum
1141 1209 1172 1256 ad
1185 1216 1295 1257 nostram

198 1258 296 1349 Vides,
313 1298 342 1339 at
360 1292 415 1339 alta
431 1297 481 1340 etet
498 1294 554 1340 aive
566 1291 703 1339 candidam
746 1288 832 1335 standi
849 1287 972 1335 notionem
989 1301 1038 1335 non
1056 1289 1172 1350 pertinet,
1196 1296 1297 1352 propter

156 1369 267 1419 Soracte,
303 1371 361 1419 Stet
384 1371 410 1417 in
435 1370 549 1417 omnihus
574 1367 652 1418 MSS,
679 1374 703 1416 ot
748 1364 858 1411 additum
876 1366 985 1414 ltirsata.
1019 1367 1116 1415 Auctor
1125 1367 1226 1430 Pervig.
1245 1368 1297 1416 Ve-

156 1449 221 1511 apud
238 1448 309 1498 Serv.
327 1448 433 1497 adVII,
451 1449 518 1498 Aen,
531 1449 588 1496 696.
616 1447 704 1509 Neque
748 1442 859 1491 neti-⁴148.
871 1445 956 1492 Iussit
965 1445 1091 1507 Hyblaeis
1100 1448 1215 1494 tribuual
1225 1452 1297 1495 stare

156 1542 244 1576 caussa
254 1535 303 1586 est,
320 1542 365 1575 eur
380 1529 495 1577 nonnulli
507 1528 631 1577 volueriut
641 1532 704 1585 etat,
749 1523 821 1569 Diaa
831 1522 953 1584 floribus:
972 1538 996 1571 v.
1014 1529 1038 1571 ct
1054 1524 1142 1572 Heius.
1157 1524 1188 1570 ad
1201 1523 1297 1585 Virgil.

156 1606 222 1667 quod
252 1607 292 1656 vel
318 1613 417 1669 propter
441 1609 584 1656 sustineant
610 1605 706 1653 admitti
748 1600 799 1648 VI.
817 1599 952 1649 Aetam.
986 1603 1296 1664 Stmrtlamiaaflamma.

157 1698 206 1730 non
227 1691 314 1746 potest.
349 1685 419 1734 Licet
443 1698 492 1731 non
513 1683 619 1732 nesciam
641 1681 705 1729 illud
750 1678 816 1726 Hinc
833 1684 945 1741 apparet,
958 1694 1077 1742 magnam
1089 1681 1298 1729 esscviminsolo

157 1762 279 1823 usurpari.
313 1761 384 1809 Nihil
396 1760 547 1823 frequentius
559 1763 657 1824 quidem
669 1769 706 1809 est
750 1757 796 1805 hoc
813 1757 900 1816 verbo,
916 1771 1020 1822 eamque
1036 1760 1118 1807 addito
1128 1760 1235 1821 epitheto
1246 1775 1298 1807 nen

157 1840 337 1901 permutatione
358 1840 514 1903 syllabarum
539 1846 564 1888 et
584 1854 642 1887 cnm
664 1846 706 1897 ot,
751 1837 822 1885 modo
842 1851 892 1885 nou
913 1838 1009 1899 augeri,
1028 1838 1071 1886 sed
1087 1839 1173 1886 minui·
1208 1839 1299 1901 Itaque

158 1918 219 1966 adeo
235 1924 263 1965 nt
280 1919 310 1966 de
327 1920 408 1968 verbis
424 1920 518 1982 primae
529 1919 707 1981 coniugationis
751 1923 845 1965 veteres
870 1915 907 1964 illi
934 1922 959 1964 et
982 1916 1104 1980 Virgilius
1120 1918 1210 1980 aliique
1230 1918 1300 1966 nuda

159 1997 266 2045 dubitari
282 1999 366 2061 possit.
394 1998 442 2047 Sed
454 1997 505 2045 alia
515 2004 574 2045 snut
585 1997 707 2059 exempla,
750 2003 848 2044 tantum
865 1996 1019 2044 substantiva
1035 2004 1209 2060 apposuerunt.
1243 2000 1298 2045 La*

159 2077 288 2139 poetarum
303 2077 428 2140 inprimis,
448 2076 583 2138 dequibus
600 2075 707 2122 dubitari
751 2077 821 2123 mina
836 2081 908 2123 etant
918 2076 1039 2137 flarama,
1060 2076 1156 2124 lumina
1172 2083 1230 2124 sunt
1247 2091 1300 2124 nna

160 2170 209 2204 non
234 2162 322 2219 potest.
348 2157 444 2205 Auctor
465 2154 523 2205 Cul.
546 2156 605 2203 215.
628 2156 707 2203 ridert'
752 2153 860 2202 flamma.
894 2155 942 2203 Dic
966 2169 990 2200 v.
1015 2168 1035 2203 c.
1061 2157 1178 2204 ardentio
1201 2158 1301 2204 lutitiae

161 2241 189 2282 at
200 2236 347 2298 ιΙίιιρνιιιιιὶιι
365 2236 445 2284 taedis
460 2236 567 2283 Laneion
578 2236 707 2284 colluceat.
751 2239 823 2281 etant
830 2233 952 2295 stamariz,
969 2244 1006 2282 cst
1017 2248 1198 2296 supervacuum
1209 2241 1233 2284 et
1244 2235 1299 2283 lan-

161 2313 280 2377 Galpnm.
296 2314 385 2376 Eelog.
398 2314 447 2362 VI.
464 2315 504 2365 37.
540 2312 659 2375 Adspicis
679 2317 709 2359 at
752 2312 864 2374 gnidum.
906 2314 973 2362 Nam
999 2321 1131 2376 augmento
1155 2311 1205 2363 non
1230 2315 1300 2363 locus

154 2393 272 2455 fruticat
297 2395 349 2442 late
372 2399 461 2456 eaput,
485 2399 562 2455 atque
581 2393 626 2439 aab
646 2393 710 2453 ipsis
752 2396 797 2439 est.
815 2391 892 2439 Recte
909 2398 992 2440 antem
1009 2393 1100 2440 dixeris
1112 2395 1214 2442 ardenti
1227 2400 1301 2442 stant

164 2472 287 2521 Cornibus
311 2479 336 2522 et
362 2475 436 2521 tereti
456 2474 540 2522 laceret
561 2472 709 2519 redimimda
752 2471 850 2518 lamina
859 2471 983 2532 fiarama:
1001 2473 1059 2534 quia
1074 2475 1165 2521 ardeas
1174 2478 1211 2521 est
1224 2480 1298 2522 natu·

161 2553 238 2600 rollo.-
257 2567 281 2600 v.
298 2558 322 2599 et
339 2551 422 2601 Bentl.
439 2550 471 2598 ad
487 2551 575 2598 Horat.
588 2550 610 2597 Ι.
628 2549 708 2611 Epist.
752 2548 805 2597 rale
821 2555 845 2597 et
862 2564 952 2598 omaus
969 2550 1095 2613 epitheton
1111 2550 1233 2599 flarnmae.
1257 2552 1301 2599 Ad

164 2630 186 2676 l.
204 2631 245 2678 91.
274 2630 375 2680 Soracte
391 2636 474 2677 autem
489 2635 543 2677 atat
560 2631 617 2677 aive
632 2628 707 2690 signi·
752 2627 855 2676 eandem
877 2629 995 2677 rationem
1015 2630 1041 2676 in
1062 2628 1166 2677 Horatio
1185 2629 1301 2677 mallem:

163 2708 232 2755 licat:
253 2714 333 2755 totum
354 2708 411 2756 nive
431 2707 573 2770 coopertum
594 2712 642 2764 est,
659 2720 710 2753 una
758 2707 832 2754 Videt
848 2713 878 2754 at
894 2708 977 2755 altum
993 2712 1043 2756 etet
1060 2709 1116 2756 aine
1128 2709 1239 2756 eandida
1254 2709 1299 2757 Sa·

165 2787 272 2836 Soractis
294 2795 331 2835 est
356 2787 447 2847 forma,
470 2788 549 2836 nivea.
582 2787 622 2834 Ea
644 2786 710 2834 verbi
753 2790 830 2834 reete.
864 2785 954 2833 Altam
979 2793 1016 2834 est
1040 2787 1167 2849 proprium
1193 2785 1302 2845 Soracti,

163 2869 230 2915 notio
250 2873 301 2914 tam
322 2868 424 2930 antiqua
444 2875 492 2927 cst,
517 2881 592 2929 quam
613 2864 709 2914 efficax.
756 2878 822 2921 nam,
839 2865 953 2927 quamvis
970 2865 1046 2928 longo
1056 2867 1114 2914 satis
1124 2865 1257 2915 intervallo
1270 2866 1302 2914 ab

164 2944 234 2994 Serv.
253 2945 284 2991 ad
301 2944 392 3006 Virgil.
410 2944 459 2992 VI.
485 2946 551 2994 Aen.
568 2945 626 2993 300.
641 2948 711 3007 poty-
754 2941 815 2990 urbe
832 2943 905 2999 situs,
927 2958 997 2992 mons
1013 2945 1039 2993 in
1057 2944 1117 2993 urbe
1134 2946 1240 3007 conspici
1257 2960 1300 3008 po-

163 3038 256 3071 remam
272 3022 417 3085 appellavit,
437 3031 461 3072 et
478 3025 551 3073 variis
568 3039 640 3087 saepe
656 3039 708 3073 mo·
754 3027 810 3069 test.
846 3022 963 3071 Candida
979 3027 1037 3083 aia,
1058 3031 1155 3082 ornate,
1171 3031 1197 3074 et
1212 3039 1300 3073 secun-

164 3102 202 3149 dis
226 3101 367 3165 explicavit.
401 3101 500 3166 Optime
524 3104 656 3168 explicavit
680 3105 712 3152 ad
755 3101 815 3148 dum
832 3107 956 3149 naturam.
982 3102 1086 3152 Soracte
1102 3109 1155 3152 stat
1170 3106 1239 3160 aiae,
1257 3119 1301 3152 au·

166 3181 257 3243 Virgil.
275 3181 338 3229 XII.
360 3181 426 3230 Aen.
445 3183 502 3230 408.
539 3184 639 3232 Caelum
657 3189 712 3231 etat
755 3180 823 3243 tique
844 3187 868 3228 et
888 3180 1026 3230 efficaciter.
1060 3183 1154 3232 Seneca
1174 3185 1303 3232 tamenin

164 3263 275 3323 prdeere,
302 3261 395 3310 dicens:
417 3264 445 3318 in
464 3265 592 3324 pulverem
613 3278 711 3312 coacer-
756 3259 866 3322 Thyeste
882 3275 918 3308 vs.
938 3261 992 3312 117.
1013 3261 1103 3323 legisse
1125 3263 1221 3311 videtur
1247 3264 1304 3311 Stat

164 3355 217 3388 ιιιιιι
238 3346 288 3397 est,
313 3347 338 3390 et
361 3344 434 3402 quasi
458 3347 538 3390 totam
560 3358 590 3390 ea
609 3344 713 3404 paleare
755 3341 811 3388 aive
828 3340 971 3388 coctiliciam.
1005 3340 1071 3387 Nam
1093 3341 1155 3389 dunt
1174 3342 1303 3390 Cithaero-

164 3424 210 3466 eet.
245 3419 377 3468 Horatium
399 3420 437 3468 sui
459 3420 611 3470 scholiastae
627 3427 652 3469 ct
669 3436 711 3469 ex·
755 3421 795 3466 atr
811 3407 871 3480 ιἰιριι
897 3418 976 3465 Stant
996 3425 1072 3480 parte
1090 3421 1163 3467 arella
1179 3435 1244 3468 cano
1261 3421 1302 3468 de·

165 3494 252 3557 rmplis
274 3496 418 3558 Virgilianis
442 3504 466 3546 ct
490 3498 535 3546 hoc
552 3500 667 3547 Enniano
683 3499 711 3546 il·
754 3499 838 3558 posita
854 3499 918 3545 ariae.
947 3497 1304 3548 Cuiuslocisententiamnon

165 3573 284 3620 lustrant:
306 3575 385 3622 Stant
406 3578 505 3636 proluere
522 3578 612 3638 erorrpt.
646 3575 709 3624 Cae·
755 3583 933 3637 perspexerunt
958 3576 1055 3625 Horatii
1080 3578 1238 3639 interpretes,
1263 3579 1304 3640 qni

165 3652 235 3700 cilius
256 3653 305 3699 iam
327 3653 423 3700 dixerat
444 3669 503 3715 oper
523 3659 576 3702 etat
592 3655 711 3702 seat-ibas.
756 3655 831 3703 verba
851 3657 911 3716 iupa
929 3661 1001 3704 etant
1020 3659 1093 3704 nulla
1112 3663 1186 3719 parte
1202 3657 1305 3719 iungen-

166 3730 280 3794 l'ropert.
293 3733 341 3780 IV.
359 3733 393 3781 12.
406 3734 428 3781 l.
459 3735 712 3782 Noaeaoratortaat
756 3739 804 3791 tes,
825 3749 857 3783 ex
878 3734 905 3781 iis
927 3734 1060 3782 Horatium
1078 3736 1211 3785 voluerunt
1228 3737 1305 3799 expli-

165 3813 301 3859 ndamaate
318 3812 380 3860 triae.
414 3813 478 3860 Viae
494 3818 559 3860 totae
576 3817 635 3860 sunt
651 3812 709 3859 ada·
756 3828 823 3873 care;
841 3829 900 3862 nam
913 3814 1008 3863 Seneca
1023 3814 1059 3863 ita
1069 3815 1246 3878 intelligendus
1257 3824 1305 3864 est:

165 3889 300 3948 maritinae,
323 3890 453 3938 adamante
469 3890 712 3951 charantanum
756 3892 837 3955 “Iuga
863 3892 1017 3942 Cithaeronis
1042 3893 1113 3941 nulla
1137 3899 1220 3956 parte,
1248 3909 1306 3941 nus·

165 3984 205 4016 cas
228 3969 319 4017 reditus
340 3984 389 4017 non
410 3976 501 4032 pateat.
535 3969 667 4018 Claudias.
691 3969 710 4016 I.
757 3987 844 4034 quam,
871 3978 937 4020 stant
962 3986 1036 4027 cana,
1063 3973 1121 4033 qnia
1138 3971 1223 4030 nives,
1240 3972 1307 4019 unde

165 4048 240 4111 Rapt.
259 4049 439 4111 Proserpato.
463 4051 541 4097 Stant
552 4049 712 4111 nrdaoferro
757 4067 822 4114 aqua
845 4052 912 4099 nasci
932 4057 1025 4111 luisset,
1046 4050 1141 4098 drulum
1162 4049 1307 4112 liquefactae

167 4129 277 4176 Moenia.
306 4128 383 4189 Apud
401 4128 506 4176 eundem
518 4129 539 4175 Ι.
556 4127 641 4179 Rufin.
655 4127 711 4175 351.
757 4138 822 4178 suut.
859 4131 931 4179 Curua
952 4136 989 4177 est
1005 4127 1172 4176 nominativus
1189 4128 1307 4189 pluralis,

165 4204 297 4266 legendum
314 4206 402 4269 partim
423 4207 529 4256 eMSS.
547 4207 637 4269 partim
655 4221 711 4254 cum
757 4208 822 4269 quod
848 4208 888 4256 rol
914 4207 987 4255 metri
1009 4208 1071 4254 ratio
1090 4207 1189 4255 indicat.
1224 4207 1251 4255 si
1272 4208 1307 4253 iu-

165 4282 278 4330 IIrinsio:
297 4285 357 4333 Stat
375 4289 453 4334 russia
470 4290 572 4349 utrique
596 4288 712 4336 Siderous
757 4287 865 4347 spexeris
882 4286 937 4335 illos
955 4286 1112 4348 interpretes,
1131 4286 1217 4343 disces,
1233 4300 1307 4347 quam
