2916 5220
508 335 534 395 h
548 335 563 395 Ι
577 335 602 395 n
617 334 642 396 lt
655 334 683 395 ,lt
730 334 787 396 lV.
1149 336 1212 398 305

172 519 253 598 Quis
279 519 360 601 scit,
385 540 427 582 an
453 517 611 583 adiiciant
634 518 809 583 hodiernae
834 520 976 584 crastina
1000 543 1147 585 summae

213 624 370 708 Tempora
394 623 438 687 Di
463 623 594 708 superi?

169 727 297 792 Cuncta
320 749 438 792 manus
462 726 574 793 avidas
599 727 730 812 fugient
752 727 916 810 haeredis,
941 729 1046 792 amieo

216 830 305 910 Quae
330 831 455 896 dederis
479 830 599 895 animo.

113 1009 260 1058 Hodiernae
285 1011 397 1058 martina
422 1024 538 1057 carturiae.
573 1007 626 1056 Hil·
670 1009 713 1066 τδς
735 1010 811 1073 ipre,
838 1011 884 1058 τὸν
900 1011 983 1075 baala
1002 1011 1069 1070 ἄεξε,
1088 1008 1212 1073 'reprope-

75 1087 131 1136 dcb.
149 1088 246 1136 Philos.
263 1089 328 1136 Mor.
346 1104 402 1151 pag.
420 1089 476 1137 990.
495 1089 629 1137 hodiernae
669 1105 714 1144 νος
731 1088 843 1152 θαλίῃσι·
861 1089 968 1138 θανόντι
986 1107 1024 1136 τοι
1035 1088 1104 1144 οὔτις
1116 1088 1211 1147 ὄνησις.

76 1168 192 1216 crastina
208 1171 282 1216 uitare.
669 1168 719 1214 Kal
745 1169 794 1231 γὰρ
815 1166 862 1232 ἐγὼ
880 1167 975 1224 σποδός
992 1165 1053 1231 εἶμι,
1070 1167 1151 1214 Νίνου
1168 1184 1211 1228 με·

112 1247 214 1296 Cuncta
238 1262 329 1295 ritanus
351 1249 440 1296 avidas
450 1246 553 1309 sapient
571 1246 627 1293 aaa·
668 1246 748 1309 γόιλης
772 1247 937 1309 βασιλεύσας.
972 1245 1046 1295 Ταῦτ’
1071 1247 1134 1309 ἔχω,
1161 1244 1214 1293 όσσ’

74 1327 156 1384 redis,
169 1326 247 1374 amieo
263 1325 335 1383 Quae
345 1327 441 1374 dederis
449 1326 540 1372 animo.
549 1321 625 1371 MSS.

75 1405 199 1467 quaedam
224 1405 336 1453 lauaebia
360 1409 385 1452 et
409 1403 533 1451 haerebit:
561 1402 627 1450 unde

76 1482 108 1532 G.
134 1482 250 1531 Waddel.
276 1481 412 1531 Animadv.
431 1481 492 1531 Crit.
510 1495 567 1543 pag.
585 1481 625 1528 46.

74 1563 141 1610 hanc
158 1561 287 1610 lectionem
304 1561 394 1611 effecit:
419 1561 520 1610 Cuncta
536 1576 626 1610 manas

74 1641 165 1690 aridas
174 1639 293 1703 sapient:
319 1642 429 1689 haerebit
454 1641 534 1688 amico
553 1641 628 1698 Quod

667 1324 775 1388 ἔφαγον,
802 1331 842 1373 καὶ
865 1325 1002 1390 ἐφύβρισα,
1025 1326 1066 1373 καὶ
1083 1323 1135 1388 μετ’
1153 1323 1213 1387 ἔρω-

668 1420 712 1460 τος
729 1401 818 1468 Τὲρπν’
835 1404 945 1452 ἔπαθον·
964 1406 995 1452 τὰ
1017 1403 1041 1452 δὲ
1064 1403 1151 1452 πολλὰ
1172 1403 1214 1452 καὶ

668 1478 745 1542 ὄλβια
766 1486 835 1530 κεῖνα
860 1480 999 1531 λέλειπται.
1033 1482 1105 1542 Quae
1130 1487 1215 1528 auctor

667 1560 774 1607 incertus
790 1560 817 1608 in
835 1560 940 1609 Anthol.
957 1561 1014 1610 Lat.
1033 1561 1104 1609 Tom.
1122 1560 1142 1608 1.
1156 1575 1213 1623 pag.

673 1639 727 1690 1⁸7.
737 1640 771 1687 sic
780 1639 898 1688 reddidit:
916 1643 987 1690 Haec
997 1643 1084 1699 babeo,
1092 1641 1214 1702 qrrueedi,

74 1721 174 1768 dederit
190 1722 281 1768 aniate.
316 1719 387 1768 Haec
408 1733 466 1767 cum
488 1718 627 1768 Scholiasta
666 1733 777 1780 quaeqae
794 1724 946 1767 exsaturata
963 1721 1038 1768 libido
1056 1719 1169 1777 Haurit,
1186 1725 1215 1766 at

73 1797 153 1847 veteri
163 1799 276 1860 exponit:
298 1799 428 1861 Quidquid
439 1800 626 1856 babueriamo-
665 1796 713 1843 t‘lla
737 1798 820 1846 iacent
842 1801 949 1858 pulchra
974 1804 999 1846 ei
1020 1801 1157 1861 praeclara
1177 1814 1214 1846 re-

73 1879 163 1927 rieado
188 1879 327 1940 relinqaea;
354 1879 378 1925 ai
410 1883 493 1926 autea
527 1879 627 1940 ailquid
666 1876 735 1924 licta.
753 1875 813 1926 Vid.
829 1878 968 1927 Burmann.
980 1877 1051 1925 Idem
1062 1878 1215 1940 epigramma

68 1956 168 2020 seceris
193 1958 261 2013 boni,
295 1961 373 2005 tecam
403 1959 523 2019 portabis.
570 1957 626 2019 Ego
666 1955 822 2016 praeclarum
840 1958 866 2005 in
882 1958 984 2006 modum
1000 1955 1214 2004 illustraritNac-

74 2049 174 2099 quoque
198 2035 224 2082 in
251 2035 324 2084 Voss.
350 2041 374 2084 et
394 2035 444 2084 alio
461 2035 537 2085 MSS.
555 2035 624 2084 inve·
666 2033 722 2081 kius
739 2036 765 2082 in
781 2037 896 2086 Choerilo
907 2052 952 2085 suo
962 2051 1018 2100 pag.
1033 2036 1087 2083 196.
1101 2041 1125 2084 et
1136 2035 1216 2082 multa

74 2128 163 2163 neram
181 2115 302 2171 haerebit,
315 2113 400 2160 addita
411 2112 503 2176 glossa:
516 2116 626 2164 haerebit
668 2112 818 2164 Graecorum
836 2117 901 2165 dicta
917 2116 1029 2179 collegit,
1051 2131 1114 2178 quae
1131 2116 1161 2162 ad
1179 2114 1215 2161 in-

74 2196 173 2255 animo,
196 2196 262 2257 qaod
286 2194 382 2242 dederis
410 2195 495 2242 ααιιοο.
538 2195 626 2256 Neque
666 2195 831 2258 telligendum
853 2195 988 2244 Horatium
1010 2193 1082 2242 valde
1105 2193 1216 2256 apposita

74 2275 149 2322 istam
166 2275 296 2323 lectionem
314 2273 473 2335 spernebam,
496 2273 568 2322 aliter
589 2281 625 2323 ta·
667 2281 738 2331 sunt,
764 2276 853 2338 quibus
879 2275 942 2322 addo
967 2289 1068 2322 versum
1090 2272 1220 2322 Theocriti·

74 2367 147 2413 men,
164 2368 239 2418 quam
256 2352 559 2416 Waddelius‚explicans.
576 2355 626 2402 Hic
666 2352 743 2415 Idyll.
775 2354 851 2404 XVI,
885 2355 924 2402 42.
954 2351 1093 2417 Ἀμναστοι
1118 2351 1155 2412 δὲ,
1183 2351 1215 2400 rd

73 2447 164 2496 nempe
184 2438 343 2495 praeceptum
364 2447 377 2480 c
394 2432 549 2496 philosophia
564 2435 624 2496 peti·
668 2432 755 2480 πολλὰ
772 2434 811 2481 καὶ
829 2433 906 2495 ὄλβια
922 2435 987 2491 τῆνα
1003 2432 1141 2491 λιπόντες,
1159 2435 1214 2478 Δει-

75 2518 132 2560 tum
150 2511 208 2560 huic
226 2512 330 2560 carmini
346 2511 494 2574 interponit,
516 2513 582 2574 quod
599 2514 623 2561 in
666 2511 722 2569 λοῖς
734 2512 761 2560 ἑν
772 2510 1001 2575 νεκόεσσιμακροός
1010 2508 1101 2568 αἰῶνας
1110 2509 1214 2558 ἔκειντο.

73 2591 122 2639 tali
139 2596 287 2653 argumento
302 2591 376 2638 nimis
398 2605 524 2647 severum,
545 2605 625 2655 neque

73 2669 259 2718 consuetudinis
277 2669 430 2718 Horatianus
447 2669 551 2718 videtur.
569 2671 624 2718 Eri·

73 2749 110 2811 pit
135 2748 211 2797 etiam
236 2749 320 2811 poetae
345 2748 477 2796 dictionem
502 2751 581 2798 αοιὶοο
598 2766 624 2797 a·

73 2829 142 2877 aimo
163 2829 243 2884 dare,
261 2825 333 2890 ψυχῇ
353 2824 461 2885 διδόναι,
487 2828 625 2876 cuiusmodi

73 2906 192 2954 dictiones
209 2904 327 2962 Horatio,
337 2904 382 2953 toti
395 2904 502 2964 Graeco,
513 2907 624 2969 propriae

73 2991 141 3035 sunt.
184 2985 267 3046 Quare
297 2984 360 3032 illud
390 2986 517 3044 haerebit,
547 2988 626 3036 arnico

76 3065 154 3124 Quod
176 3064 273 3111 &deria
298 3065 381 3111 aalma
403 3061 439 3110 ita
463 3063 624 3127 interpretor:

73 3141 184 3192 “Omnia
200 3142 265 3190 bona
285 3148 365 3190 morte
381 3141 524 3190 amittimus.
558 3144 625 3204 Quid

72 3222 162 3270 iurant
186 3220 275 3284 igitur,
300 3221 320 3269 si
345 3221 429 3268 vivens
455 3234 504 3268 non
526 3221 625 3272 fruare?

73 3300 220 3349 Elabuntur
236 3316 250 3350 e
267 3299 382 3349 manibus
394 3300 522 3349 tenacibus
534 3303 624 3362 omnia,

72 3379 139 3427 illud
156 3379 241 3427 haeret
257 3377 329 3442 quasi
345 3384 370 3425 et
387 3386 511 3437 remanet,
528 3379 575 3427 hoc
592 3387 625 3428 te·

73 3473 133 3508 cnm
157 3460 278 3522 portabis,
299 3458 365 3521 quod
387 3457 467 3507 Genio
486 3460 625 3508 indulseris.

75 3538 177 3588 Μαιιιιε
194 3541 295 3598 uvida,
312 3545 342 3586 ut
354 3538 414 3585 alibi
423 3545 556 3601 parcentes
568 3542 625 3589 der·

73 3625 157 3677 terne,
174 3632 239 3681 quae
255 3632 345 3667 manus
361 3617 500 3680 cupidiores
517 3626 575 3666 sunt
591 3620 625 3667 di·

73 3698 148 3747 vitias
165 3697 284 3760 augendi,
300 3711 377 3760 quam
394 3697 425 3744 iis
439 3696 543 3748 fruendi.
574 3701 625 3749 Ho-

73 3777 155 3825 ratius
171 3776 219 3825 hoc
235 3790 248 3824 e
265 3775 422 3838 philosophia
438 3776 550 3825 hilariori
566 3778 626 3826 hau·

667 2590 722 2637 Hoc
738 2589 815 2652 igitur
832 2591 952 2647 haerebit,
977 2590 1043 2653 quod
1068 2589 1149 2636 animo
1172 2588 1214 2635 de-

667 2669 742 2729 deriS,
760 2671 804 2718 hoc
831 2675 911 2718 tecam
936 2669 1050 2733 auferes,
1075 2674 1103 2715 ut
1128 2666 1215 2716 Cicero

667 2749 698 2798 de
714 2751 799 2799 eodem
818 2750 988 2812 Sardanapalo
1005 2749 1040 2799 11.
1059 2750 1089 2797 de
1105 2748 1162 2797 nin.
1174 2747 1214 2796 32.

670 2828 789 2890 Corporis
801 2837 885 2878 autern
896 2832 1012 2891 uoluptas
1024 2829 1045 2876 si
1056 2830 1132 2876 etiam
1143 2841 1215 2889 prae·

668 2910 745 2956 teriia
762 2911 880 2967 delectat,
897 2924 947 2957 noa
964 2909 1076 2969 intellipo
1093 2921 1138 2955 aar
1157 2905 1214 2953 Ari·

666 2989 765 3036 atotelea
790 2988 964 3050 Sardanapali
985 2987 1140 3047 epipramnta
1157 2990 1215 3032 taa-

668 3071 751 3126 topere
767 3068 893 3115 derideat:
912 3067 939 3112 ia
956 3079 1002 3126 qao
1019 3065 1062 3111 ille
1078 3078 1124 3110 rex
1140 3065 1215 3124 Arap-

667 3147 721 3192 riae
738 3146 875 3205 ploriatar,
900 3158 924 3191 se
949 3156 1030 3190 caraea
1054 3156 1136 3188 aecum
1158 3142 1214 3188 libi·

667 3227 753 3272 dinam
777 3225 920 3285 voluptates
945 3221 1084 3268 abstulisse.
1126 3219 1216 3266 Melio-

667 3318 706 3351 res
723 3302 862 3365 philosophi
880 3301 993 3349 dicebant
1001 3299 1104 3346 virtutes
1117 3305 1142 3345 et
1154 3298 1216 3346 benc

667 3381 732 3430 facta
748 3382 802 3429 sola
818 3395 925 3429 manere.
960 3378 1048 3428 Cicero
1070 3378 1100 3426 dc
1118 3378 1215 3427 Senect.

671 3462 707 3511 la.
742 3462 812 3509 Mihi
829 3476 859 3509 ae
870 3462 1020 3508 diuturnam
1032 3459 1130 3520 quidem
1141 3459 1214 3519 qaid·

667 3557 743 3604 qaam
760 3542 873 3598 ridetur,
898 3541 924 3586 ia
942 3553 989 3601 qao
1006 3543 1042 3586 est
1059 3537 1156 3599 aliquid
1172 3552 1215 3585 er·

668 3627 782 3669 trentam.
820 3620 884 3668 Cani
901 3621 967 3669 enim
984 3618 1139 3673 libraverit,
1157 3622 1217 3664 iane

667 3701 745 3760 iliad,
763 3701 828 3762 qaod
841 3699 990 3761 praeteriit,
1017 3696 1134 3760 effluxit:
1161 3699 1216 3740 taa-

668 3785 721 3828 tam
746 3785 870 3836 remanet,
899 3778 964 3839 qaod
989 3777 1084 3823 virtute
1108 3779 1132 3820 et
1151 3777 1217 3820 recte

73 3856 120 3914 sit,
137 3861 163 3905 et
174 3856 254 3902 multo
266 3855 393 3903 honestius
405 3856 538 3918 expressit,
551 3873 626 3919 quam
661 3858 745 3921 saetis
763 3863 908 3908 aaronitae
924 3857 966 3903 aa.
992 3851 1116 3901 PliniusI
1136 3850 1215 3912 Epist.

73 3934 227 3990 Bacchides,
240 3933 312 3982 cuius
324 3948 424 3982 versum
433 3936 539 3983 servavit
547 3936 626 3984 Athe·
667 3938 690 3985 3.
728 3938 829 4000 Fffiaqe
849 3935 945 3997 aliquia
965 3938 989 3982 et
1011 3932 1117 3989 exauda,
1151 3930 1217 3992 qnod

73 4029 152 4063 naeus
177 4012 254 4061 VIII.
281 4027 337 4076 pag.
362 4014 419 4062 240.
454 4017 523 4078 πιὲν,
549 4018 627 4081 φαγὲν
666 4017 702 4064 aa
716 4021 837 4078 perpetua
854 4020 933 4062 taram.
968 4013 1036 4058 Nam
1057 4011 1155 4072 reliqua
1175 4024 1214 4056 re·

73 4095 116 4142 wi
143 4091 232 4141 πάντα
258 4094 291 4156 td
317 4091 390 4158 ψυχᾷ
414 4091 498 4156 δόμεν.
540 4095 626 4159 Longe
667 4110 724 4142 rana
743 4090 1215 4156 iaararapoattealiraautqrrealiurn

73 4173 151 4221 etiam
168 4173 291 4235 turpiora,
308 4187 373 4235 qnae
390 4172 509 4236 inscripta
519 4182 589 4223 erant
600 4175 626 4223 in
667 4176 793 4222 datianam
814 4174 960 4222 sortientur.
994 4170 1034 4219 De
1050 4166 1173 4216 beneficiis
1190 4166 1215 4213 in

73 4251 190 4316 sepulcro
220 4250 384 4315 Sardanapali
415 4254 480 4315 apud
511 4254 625 4304 Strabon.
667 4254 729 4302 alios
762 4253 859 4302 collatis
893 4252 986 4302 Seneca
1014 4246 1101 4299 Benef.
1129 4247 1165 4295 11.
1190 4245 1215 4294 2.

74 4330 152 4379 XIV.
169 4345 226 4393 pag.
243 4330 300 4378 919.
336 4331 369 4379 Εὖ
394 4329 477 4393 εἰδὼς,
499 4332 537 4382 ότι
562 4335 625 4394 Saa-
668 4335 775 4396 Eprepie
803 4334 866 4381 attat
895 4333 994 4380 ridetur
1023 4327 1062 4378 M.
1090 4327 1217 4376 Antonius

1000 4413 1041 4474 90
