2916 5220
555 307 726 370 tinuit
773 309 798 370 l.

383 498 444 578 Qui
466 501 557 562 siccis
580 497 677 562 urielis
700 506 840 562 raoustra
864 503 1028 575 recitantis,

335 603 397 682 Qui
418 601 497 666 uidit
519 624 606 666 mure
629 601 785 667 turbidam
808 611 836 666 et

375 704 517 789 insumas
539 704 681 788 stopaulus
704 706 960 770 Αιιαιαιαιιιιιαι

106 896 218 944 mulieris
243 896 339 944 virilem
365 902 389 944 et
414 896 557 944 militarem:
592 897 654 953 Ille,
699 895 800 945 Sueten.
821 913 844 959 p.
870 899 922 946 133.
944 897 1018 946 habet
1038 899 1200 954 verissimam,
1218 905 1242 944 et

108 979 174 1026 uelat
191 977 283 1025 coniux
305 976 546 1024 Uerabrirableuada
556 975 654 1032 mariti,
697 976 784 1023 laudat
804 976 926 1025 Valcken.
949 977 974 1024 in
998 977 1095 1026 Scholis
1112 977 1142 1024 ad
1160 977 1192 1024 N.
1210 977 1240 1025 T.

108 1056 240 1116 Ambulat,
262 1055 373 1116 tepentes
396 1055 483 1102 varica
493 1052 600 1115 fertque
613 1066 654 1113 pe·
697 1053 757 1103 Vol.
775 1055 795 1102 Ι.
813 1070 836 1117 p.
854 1055 910 1103 311.
945 1055 1051 1118 Aliquid
1072 1055 1096 1102 in
1114 1071 1144 1104 ca
1159 1056 1240 1119 dispu-

106 1135 156 1182 des.
190 1132 263 1194 Quod
279 1132 355 1195 igitur
371 1132 488 1180 Lucanus
504 1133 534 1179 de
551 1129 656 1192 superbo
697 1132 798 1190 tatione,
814 1139 913 1196 propter
924 1134 992 1182 illius
1004 1134 1049 1181 viri
1061 1133 1240 1190 auctoritatem,

107 1211 197 1260 Mortis
213 1211 320 1258 victricis
335 1211 432 1259 incessu
447 1208 585 1267 intellexit,
609 1207 655 1255 hoc
697 1212 834 1260 notandum
859 1219 902 1261 cst.
941 1212 970 1260 In
997 1213 1116 1276 exemplis
1142 1213 1240 1262 Graccis

108 1291 292 1340 Grammaticus
306 1291 338 1339 ad
354 1289 504 1338 celeritatem
513 1287 654 1336 transtulit:
696 1289 827 1340 Bentleius
846 1293 920 1340 etiam
937 1291 1016 1339 utitur
1033 1292 1079 1339 hoe
1096 1289 1202 1354 Oppiani
1219 1292 1239 1339 Ι.

106 1371 244 1433 inquere
266 1369 379 1419 meliores
399 1369 485 1431 poetae
505 1371 613 1415 utuntur
629 1382 652 1416 v.
697 1367 793 1432 Cyneg.
818 1370 874 1418 208.
914 1368 947 1417 'H
967 1373 1022 1426 πῶς
1042 1369 1108 1418 ἄντα
1128 1367 1241 1433 δέδορκεν

106 1462 128 1495 e.
150 1463 217 1496 alors
236 1453 374 1510 properata
391 1447 470 1501 erait,
488 1444 553 1510 ᾅδης
573 1445 653 1508 ταχύς
696 1445 937 1512 ἀσκαρδαμύκτοισιν
958 1447 1086 1504 ὀπωπαῖς.
1120 1447 1170 1496 Ubi
1191 1461 1240 1495 non

106 1527 219 1590 ἔρχει-αι,
232 1525 389 1591 προσβαίνει.
411 1525 486 1573 Dicat
494 1524 582 1586 aliquis
594 1538 652 1572 eum
696 1524 828 1588 legendum
845 1533 882 1575 est
898 1524 1103 1591 ἀταρμύκτοισιν.
1138 1526 1204 1574 Nam
1226 1547 1240 1575 υ

107 1604 216 1658 voluisse
251 1603 324 1654 Meus
345 1606 373 1653 ia
388 1607 470 1667 made
488 1609 543 1651 stut
559 1618 652 1666 compo·
696 1613 752 1655 ante
773 1623 803 1654 κτ
824 1606 960 1668 corripitur.
993 1605 1049 1652 Hoc
1065 1605 1113 1652 iam
1132 1606 1240 1654 animad-

105 1685 172 1741 sita,
188 1684 267 1732 instar
277 1683 363 1731 militis
374 1683 415 1732 vel
427 1681 577 1746 gladiatoris.
595 1681 652 1730 Non
695 1690 802 1733 verterat
823 1685 853 1732 ud
874 1685 898 1732 h.
920 1684 937 1732 l.
975 1683 1115 1732 Hemstcrh.
1137 1692 1161 1732 et
1183 1692 1240 1733 ante

106 1760 652 1826 permittunt,cred0,sequentia,ubieadem
695 1762 912 1810 Hcmsterhusium
934 1762 1078 1812 Dresemius
1095 1763 1126 1810 ad
1144 1763 1240 1825 losephi

106 1840 179 1888 Mors
195 1842 301 1904 corripit
316 1843 430 1906 pradum
454 1841 489 1889 Et
504 1846 583 1888 status
594 1840 652 1889 boni
695 1841 776 1889 Iscani
792 1841 855 1890 Bell.
874 1840 976 1889 Troian.
994 1840 1042 1889 IV.
1060 1841 1116 1889 326.

106 1918 192 1966 militis
208 1933 258 1968 non
275 1934 330 1969 eam
347 1919 421 1969 habet
438 1920 612 1978 diversitatem,
625 1926 653 1968 ut
731 1925 783 1981 Qui
806 1922 870 1970 vidit
890 1937 959 1969 reare
984 1923 1120 1970 turbidam.
1154 1922 1239 1970 Inanis

106 1997 213 2048 maiores
238 1999 278 2047 vel
302 1999 408 2047 minores
432 1998 534 2046 timendi
566 2013 652 2046 causus
696 2001 805 2064 repetitio
821 1999 931 2048 eiusdem
953 1999 1000 2057 rei,
1021 2014 1098 2063 quam
1118 1999 1239 2048 Horatius

106 2075 201 2127 afferat.
236 2078 267 2127 In
291 2085 371 2127 morte
395 2085 479 2127 autem
501 2092 551 2125 non
568 2077 653 2137 refert,

106 2159 233 2218 quomodo
249 2164 304 2215 stet,
319 2158 379 2221 quia
394 2171 490 2221 semper
505 2157 587 2205 vincit.

143 2238 196 2296 Qui
210 2239 283 2286 ιιιαιι
299 2239 377 2286 oculis
396 2242 508 2285 marastra
525 2239 652 2286 natantia.

107 2317 139 2364 In
155 2315 234 2366 MSS.
251 2315 323 2364 nulla
339 2321 376 2365 est
392 2315 512 2373 varietas,
529 2315 575 2363 nisi
586 2317 653 2379 quod

106 2395 133 2442 in
150 2408 202 2443 uno
218 2394 287 2443 Leid.
304 2395 404 2458 legatur
420 2395 506 2451 ιαὶιιι,
523 2395 653 2445 manifesto

106 2487 191 2523 errore
198 2488 244 2537 pro
254 2475 334 2524 siccis
360 2475 541 2537 Depromptum
553 2474 652 2523 videtur

106 2568 139 2601 ex
156 2554 253 2603 Lucan.
270 2552 319 2602 IX.
338 2553 409 2602 1044.
427 2555 471 2616 qai
485 2554 548 2602 dcco
560 2555 653 2604 lauriae

106 2647 208 2695 campas
236 2634 342 2681 Viderat
372 2633 524 2681 Aenautltios.
563 2633 596 2680 Et
617 2633 652 2681 sic

107 2711 210 2760 Hieron.
227 2711 305 2774 Epist.
327 2712 367 2760 26.
406 2711 499 2759 Urmia
519 2712 651 2759 interitum

105 2791 180 2840 accis
203 2791 281 2839 ocutis
305 2792 378 2839 ridet.
412 2788 541 2839 Eunodius
566 2789 649 2839 Carm.

106 2884 164 2932 pag.
182 2869 239 2918 666.
275 2870 327 2918 Nec
350 2869 422 2918 αἀαἱι
446 2868 524 2917 acatis
540 2869 651 2930 respexit

107 2949 241 2998 ararum
256 2949 317 2996 iras.
352 2944 492 2996 Marmore
509 2952 546 2996 eat
562 2949 649 2998 erraris.

107 3026 142 3073 Et
158 3025 285 3090 lacrymae
300 3039 372 3089 saepe
387 3025 501 3073 oriuntur
516 3026 541 3073 in
553 3040 650 3075 summo

107 3112 178 3154 metu
195 3113 220 3155 et
241 3105 419 3168 desperatione:
445 3104 471 3152 in
492 3119 568 3166 quam
597 3120 649 3154 rem

107 3183 268 3248 Oudendorp.
293 3184 452 3246 descripserat
468 3182 581 3246 Propert.
599 3184 648 3232 III.

106 3265 130 3312 5.
152 3263 177 3312 8.
195 3261 268 3314 Ovid.
284 3263 333 3312 XI.
350 3263 452 3312 Metam.
468 3263 525 3311 519.
541 3262 650 3312 Phaedri

105 3341 155 3391 IV.
175 3343 214 3392 15.
247 3343 306 3392 Val.
330 3343 412 3391 Flacc.
437 3342 458 3390 I.
484 3343 539 3390 633.
561 3342 649 3404 quibus

106 3421 172 3470 adde
187 3420 304 3472 Curtium
321 3421 355 3470 V.
373 3423 395 3469 5.
433 3422 582 3482 Desperatio
606 3423 649 3484 ipi-

107 3506 155 3548 tur
171 3502 266 3564 inacus,
286 3503 346 3549 adeo
358 3505 388 3548 ιιι
404 3500 447 3548 aiu
461 3500 581 3561 lacrymis
596 3503 649 3549 ais·

106 3581 236 3639 fluerent,
264 3581 407 3628 incesserat.
449 3577 543 3629 Seneca
571 3579 649 3642 Epist.

104 3658 148 3705 22.
186 3659 363 3720 Trepidamus,
380 3673 436 3706 aaut
450 3658 590 3720 periculam
611 3674 650 3708 uc·

105 3738 190 3786 cessit.
224 3737 365 3798 Lucrymue
403 3736 467 3783 nihil
499 3735 652 3798 profuturae

104 3815 211 3864 cadant.
235 3813 293 3862 Non
309 3814 443 3863 necessaria
458 3814 535 3876 igitur
547 3822 584 3864 est
595 3829 651 3864 oon-

104 3895 202 3942 ieotnra
229 3893 336 3943 Bentleii
359 3896 435 3944 rectis
462 3897 552 3953 oculu,
580 3909 651 3958 repu-

694 2095 770 2143 supra
781 2080 870 2128 melius
883 2078 1017 2127 declaravit
1025 2080 1240 2142 commisitpelapo

694 2166 775 2208 ratem
799 2174 834 2222 sq.
869 2157 1027 2220 Oudendorp.
1052 2157 1159 2220 praefert
1184 2165 1237 2207 trir-

694 2240 778 2286 bidum
795 2239 868 2287 alteri
884 2240 1021 2300 turpidam,
1038 2237 1097 2300 quia
1109 2241 1238 2300 turpidum.

694 2333 762 2366 marc
783 2325 820 2366 cst
840 2317 938 2365 initium
959 2317 1121 2379 tempestatis,
1141 2317 1237 2365 landat-

694 2411 742 2459 que
759 2396 856 2444 Behotii
873 2395 1001 2458 Apophor.
1019 2395 1054 2442 II.
1072 2395 1095 2442 8.
1112 2401 1136 2441 ct
1147 2395 1236 2443 Burm.

694 2473 725 2520 ad
743 2472 815 2523 Ovid.
834 2474 868 2521 II.
886 2475 954 2522 Fast.
971 2472 1028 2520 206.

726 2551 843 2615 Infantes
853 2553 965 2614 stupidas
976 2552 1167 2600 Acroceraunia.
1186 2551 1236 2613 Qui

693 2630 788 2692 primus
809 2630 948 2693 navigavit,
969 2645 1014 2678 cur
1031 2629 1183 2693 potissimum
1202 2633 1236 2679 vi-

693 2709 729 2757 dit
750 2710 949 2759 Acroceraunia?
982 2709 1101 2757 Horatius
1122 2708 1148 2755 in
1168 2722 1235 2757 com-

693 2789 762 2837 muni
783 2789 904 2839 sententia
919 2804 996 2850 quam
1012 2789 1098 2835 ααιιαα
1108 2788 1167 2849 fait
1182 2791 1235 2850 pri-

692 2882 748 2914 mns
764 2873 845 2915 ααιιια
859 2867 915 2915 loca
928 2866 1027 2930 propria
1037 2873 1102 2915 recte
1114 2866 1235 2916 destinare

692 2959 742 2993 non
753 2946 839 3008 potuit.
865 2946 892 2996 si
904 2945 1018 3008 exemplo
1029 2945 1234 3008 Argonautarum

693 3040 752 3074 usus
777 3025 872 3084 fuisset,
898 3026 1020 3075 destinare
1046 3031 1166 3088 potuerat.
1201 3026 1235 3072 lit

692 3121 767 3169 quam
782 3122 832 3155 non
849 3105 973 3169 poeticum
989 3111 1026 3154 est
1038 3105 1236 3166 Acroceraunia,

691 3187 786 3248 scopeli
801 3185 923 3248 instantes!
948 3182 1085 3245 Praecipue
1104 3181 1124 3228 si
1141 3184 1233 3246 cogites

691 3265 802 3327 scapulas
829 3263 969 3327 significare
992 3261 1099 3324 priorem
1124 3260 1233 3310 Graecae

692 3343 757 3390 vocis
774 3349 877 3405 partem.
910 3341 1006 3388 Eodem
1022 3340 1069 3386 hoc
1089 3337 1139 3387 fere
1159 3339 1234 3397 redit,

692 3429 767 3485 atquc
778 3421 798 3469 si
805 3422 944 3483 legeremus
952 3417 1163 3475 “Acroceraunia,
1172 3432 1235 3480 quae

693 3508 751 3549 sunt
762 3499 856 3563 scopuli
868 3498 996 3546 infames.'’
1021 3497 1057 3546 Ut
1068 3496 1173 3559 Dionys.
1186 3497 1233 3545 Pe·

693 3581 752 3642 rieg.
773 3592 809 3626 vs.
831 3577 886 3626 389.
924 3574 1024 3640 Οὐρέων
1046 3572 1067 3624 τ’
1089 3575 1221 3636 ἠλιβάτων
1228 3613 1235 3638 ,

694 3660 727 3707 τὰ
738 3657 862 3722 Κεραύνια
873 3653 1040 3714 κικλήσκουσι.
1065 3655 1121 3717 Ego
1131 3655 1156 3702 in
1166 3656 1236 3717 gravi

694 3737 785 3800 Lyrico
801 3735 909 3784 carmine
925 3747 975 3782 nou
992 3732 1081 3781 ferrem
1098 3749 1120 3780 v.
1138 3746 1159 3780 c.
1195 3735 1235 3781 Io-

694 3819 776 3874 nium,
793 3830 863 3863 neure
886 3828 1001 3862 saevum:
1028 3812 1118 3874 Alpes,
1143 3813 1235 3859 sarrrmi

695 3900 797 3943 visontes.
830 3892 913 3940 Multo
929 3891 1011 3938 minus
1027 3889 1135 3952 infames
1151 3905 1236 3951 scopa·

104 3971 280 4020 diandaetiam
288 3972 322 4021 H.
331 3973 651 4037 PaldamiadPropertium
696 3974 732 4021 los
756 3971 948 4021 Δινοααιαιιαια.
987 3967 1025 4015 At
1048 3967 1138 4029 quibus
1163 3966 1237 4015 rebus

104 4065 162 4114 cap.
179 4050 230 4099 111.
248 4066 305 4114 pag.
322 4051 379 4100 258.
396 4054 440 4114 qui
455 4053 556 4102 inuictis
566 4055 651 4102 oculu.
695 4050 819 4115 infames?
851 4047 974 4096 Periculis
991 4046 1082 4094 scilicet
1099 4053 1123 4094 ct
1139 4045 1237 4093 naufra-

104 4129 216 4178 Bcntleii
235 4130 363 4193 ingenium
384 4131 409 4179 in
429 4131 576 4179 invenienda
595 4146 652 4180 oon-
696 4131 749 4192 giis.
775 4120 856 4191 Atqui
872 4127 921 4176 tale
938 4126 1038 4190 aliquod
1055 4125 1238 4175 substantivum

103 4208 204 4257 iectura
227 4208 276 4256 fnit
300 4215 409 4267 tantum,
429 4218 523 4273 quanta
543 4211 653 4260 doctrina
696 4210 736 4258 vel
754 4209 811 4257 addi
831 4208 904 4263 solet,
925 4207 964 4255 vel
986 4221 1018 4255 ex
1039 4205 1239 4255 antecedentibus

104 4288 131 4336 in
149 4286 333 4343 confirmanda,
349 4301 453 4351 eamque
469 4288 603 4338 Ruhnken.
621 4290 652 4336 ad
697 4289 769 4336 facile
785 4286 899 4349 intelligi.
924 4287 981 4349 Ege
997 4286 1036 4333 hic
1051 4283 1239 4348 primumexhi-

1086 4370 1103 4430 i
