2916 5220
554 283 870 348 CARMINUM

371 469 482 534 Finire
506 474 715 555 quaerentem
738 468 882 550 laboreS,

417 573 525 639 Pierio
548 572 700 638 recreatis
724 578 827 638 antro

327 677 394 741 Vos
418 676 492 741 lene
516 676 692 741 consilium
715 682 749 740 et
772 675 859 741 datis
884 681 918 741 et
940 676 1017 742 dato

327 778 506 860 Gaudetis,
531 778 644 843 almae.
695 777 823 843 Scimus
847 783 886 843 ut
907 778 1027 864 impios

368 881 501 946 Titanas
525 880 767 964 immanemque
790 885 934 945 turmam

416 983 571 1049 Fulmine
595 983 767 1049 sustulerit
790 984 927 1065 caduco,

327 1087 392 1167 Qui
416 1092 536 1152 terram
559 1086 714 1168 inertem,
740 1086 795 1172 qui
819 1108 907 1151 marc
931 1091 1091 1172 temperat

327 1191 511 1256 Ventorum
535 1194 569 1254 et
592 1190 687 1255 urbes
711 1212 876 1275 regnaque
900 1189 1028 1271 tristia,

371 1294 538 1379 Divosque
561 1293 780 1377 mortalesque
804 1293 916 1358 turbas

416 1395 558 1481 Imperio
582 1395 667 1479 regit
690 1417 775 1459 unus
799 1417 910 1481 aeque.

328 1501 481 1586 nunqnam
505 1498 563 1563 illa
587 1507 738 1562 terrorem
761 1498 912 1563 inoleret
933 1500 1004 1563 Ioci

328 1602 448 1667 Fidens
472 1606 612 1666 iacentes
634 1601 766 1664 torrida
789 1600 938 1674 martiis,

373 1706 564 1790 Fratresqne
587 1703 745 1769 tendentes
768 1725 865 1789 opaco

148 1834 264 1898 reposuit
285 1851 308 1882 ru
339 1834 371 1881 In
392 1831 450 1881 MS.
473 1830 582 1880 Franck.
604 1830 697 1893 legitur
737 1838 889 1895 corruptum.
919 1830 1045 1880 Bentleius
1061 1829 1124 1892 legit
1139 1835 1164 1878 et
1181 1831 1289 1878 umbras

148 1914 248 1976 quidem
267 1914 366 1976 sesana,
392 1911 435 1959 sed
453 1909 593 1960 Scholiasta
609 1909 698 1957 habuit
737 1926 860 1973 reamque
876 1912 971 1958 tristia
991 1909 1046 1959 Alii
1063 1908 1117 1958 aliia
1133 1907 1215 1957 modis
1232 1915 1287 1958 tau·

142 1993 234 2055 sernia.
268 1992 335 2041 Nam
353 1991 424 2039 dicit:
444 1989 509 2038 Cam
520 1989 615 2038 Gener
625 1989 695 2051 fati·
737 1989 855 2051 tolegium
871 1989 958 2038 tollere
974 1987 1056 2036 conati
1076 1994 1144 2035 aunt.
1170 1987 1286 2038 conieci:

147 2076 224 2133 petar
231 2070 389 2133 expeditione
397 2071 512 2118 militari.
530 2069 627 2118 Tamen
638 2082 697 2117 eum
736 2069 780 2130 qui
801 2083 870 2117 inere
891 2072 1015 2130 temperat
1036 2069 1172 2116 Ventorum
1192 2073 1220 2115 et
1237 2083 1285 2116 un·

131 2141 204 2196 'aliis
214 2149 302 2211 fessae
318 2146 436 2210 praefero.
462 2145 630 2196 Caesarenim
646 2160 696 2194 non
736 2149 789 2194 dea.
807 2145 940 2196 Caeterum
957 2149 1025 2194 inere
1042 2151 1113 2194 terra
1122 2145 1218 2208 placuit
1226 2144 1287 2196 Cal-

149 2225 276 2289 fatigatur.
294 2226 409 2274 Handius
419 2227 451 2275 ad
464 2226 528 2276 Stat.
541 2225 604 2276 silv.
621 2241 646 2289 p.
655 2226 695 2273 64.
736 2226 826 2288 purnio
847 2225 896 2274 IV.
921 2226 1009 2289 Eclog.
1038 2225 1092 2274 109.
1117 2227 1190 2274 caina
1216 2226 1286 2274 inere

149 2305 225 2354 verbo
241 2312 325 2355 tuetur
341 2311 366 2355 et
376 2307 463 2368 serem
480 2311 504 2354 et
525 2306 635 2364 abdidit,
651 2317 697 2367 pro
736 2307 824 2354 audito
840 2307 938 2355 nomine
955 2308 1030 2354 telina
1047 2306 1170 2354 Incaluit.

150 2399 198 2446 qno
214 2385 297 2434 Bentl.
317 2385 415 2435 volebat
439 2388 563 2444 reddidit,
588 2384 695 2434 cMSS.
770 2385 896 2447 Mapnnm
903 2387 952 2434 illa
960 2391 1080 2434 terrorem
1088 2385 1214 2433 intulerat
1221 2387 1287 2435 Ioui.

150 2466 275 2514 Reddidit
291 2479 379 2514 verum
395 2472 467 2528 puto,
484 2471 509 2514 et
525 2465 622 2527 putavit
638 2464 694 2513 Du·
737 2463 807 2512 Haec
828 2463 939 2513 referunt
963 2464 1091 2526 ingenium
1116 2469 1141 2512 et
1162 2464 1285 2514 rationem

150 2544 224 2592 karus
241 2545 272 2592 ad
289 2543 360 2592 Flori
376 2544 425 2593 111.
448 2545 471 2592 6.
507 2545 575 2592 Abdi
596 2544 696 2605 oppidis
738 2543 1075 2607 GrammaticiMythologia
1081 2542 1135 2590 istis
1144 2543 1286 2592 hominibus

150 2630 188 2671 est
203 2623 274 2686 quasi
291 2639 304 2673 e
321 2629 453 2685 conspectu
470 2623 496 2668 in
512 2621 603 2685 oppida
614 2634 694 2668 remo·
738 2622 915 2686 amplissimam
934 2636 1053 2671 versuum
1070 2628 1126 2685 apte
1139 2621 1284 2672 inserendo·

151 2702 217 2751 veri:
235 2701 301 2764 quod
318 2699 439 2748 militibus
461 2701 543 2747 minus
565 2698 696 2747 honestum
738 2716 794 2750 rum
811 2703 940 2752 materiam
957 2701 1096 2765 praebebat
1126 2700 1176 2750 Sed
1192 2704 1286 2751 carmi·

151 2786 195 2827 est.
222 2778 315 2829 Caesar
335 2779 398 2828 VII.
417 2781 448 2828 Β.
471 2779 539 2829 Gall.
561 2778 600 2826 30.
635 2781 695 2827 Ver·
738 2782 776 2829 nis
797 2787 974 2844 argumentum
991 2787 1043 2829 tarn
1063 2780 1165 2842 longam
1182 2781 1288 2830 Titano·

152 2859 290 2921 cinyetcrie
308 2861 392 2906 animo
409 2860 606 2920 nondesecerat,
626 2863 698 2905 tanto
739 2859 851 2908 inachiae
876 2861 1057 2909 enarrationem
1082 2860 1158 2923 plane
1182 2861 1287 2924 respuit.

152 2943 253 3000 (eccepto
269 2940 432 2997 incommodo,
445 2953 523 3000 neque
539 2952 565 2985 ae
580 2938 608 2985 in
620 2939 697 2986 occul·
740 2939 859 2987 Horatius
876 2938 989 2988 laudavit
1004 2939 1123 2988 beneficia
1138 2939 1185 2987 sibi
1201 2954 1217 2987 a
1228 2941 1287 2989 Mu-

153 3021 207 3064 tum
224 3016 369 3073 abdiderat,
389 3023 415 3066 et
435 3020 592 3079 conspectam
613 3017 697 3064 ninlti-
740 3018 773 3065 sis
789 3018 914 3080 praestita.
947 3017 1055 3079 Quidni,
1075 3017 1126 3066 iam
1147 3018 1219 3080 dicit,
1241 3035 1288 3083 ego

153 3095 249 3143 tudinis
259 3094 375 3158 superat.
389 3094 541 3158 Virgil.III.
556 3093 697 3156 Georges
742 3111 824 3146 amore
840 3112 926 3146 earum
943 3099 1046 3161 glorier,
1067 3113 1130 3161 quae
1152 3098 1288 3150 Caesarem

154 3173 233 3221 Hurrc
250 3187 358 3235 qnoque,
379 3175 421 3222 nbi
437 3178 484 3221 ant
505 3175 587 3222 niorto
603 3176 699 3236 maen,
740 3190 838 3238 quoque
854 3183 949 3235 ament,
971 3178 1040 3240 eique
1060 3178 1189 3227 lenitatem
1213 3178 1288 3228 illam

154 3257 201 3299 dat
217 3254 270 3299 iarn
294 3255 392 3314 ceantur
412 3253 487 3301 annu
508 3252 616 3315 Deficit,
638 3255 700 3302 abde
739 3260 764 3302 et
784 3255 953 3314 clementiam,
974 3256 1063 3319 quibus
1088 3256 1113 3304 in
1136 3256 1203 3306 bello
1219 3258 1290 3307 civili

153 3333 231 3381 demo.
257 3332 351 3381 Tibull.
365 3333 400 3381 11.
413 3334 436 3382 3.
446 3333 486 3380 65.
504 3333 588 3380 Haud
599 3335 700 3394 impune
741 3347 800 3382 usus
822 3340 873 3395 cst,
894 3335 1074 3398 inspiraverint.
1109 3334 1193 3396 Quam
1221 3344 1289 3386 recte

154 3412 211 3459 licet
222 3411 351 3474 formosae
368 3413 485 3462 tristibus
500 3413 569 3474 apris
586 3413 689 3460 Abdere.
740 3419 824 3460 autern
841 3414 943 3462 Titanes
963 3430 1081 3476 maenam
1098 3420 1219 3464 terrorem
1232 3417 1289 3465 Iovi

192 3491 240 3537 Vos
258 3491 311 3537 lene
326 3491 456 3539 consitium
473 3497 497 3539 et
512 3493 582 3539 datia
600 3497 625 3539 et
640 3492 700 3539 dato
739 3490 909 3554 inferant,qui
926 3508 966 3542 eos
978 3493 1083 3542 fulmine
1097 3493 1236 3553 sustulerit,
1245 3498 1289 3558 qui

157 3567 288 3616 Gaudetis.
307 3567 424 3617 Gaudent
439 3569 510 3627 dato,
526 3570 585 3632 quia
595 3570 699 3631 Augus·
740 3577 844 3629 terram,
867 3579 977 3621 marcet
994 3573 1076 3620 omnia
1092 3579 1174 3635 regat,
1196 3568 1289 3621 uiderit

155 3652 194 3694 tus
212 3647 307 3709 accipit,
324 3654 348 3696 et
365 3662 403 3696 res
415 3647 491 3696 bonos
503 3656 605 3698 eventus
617 3649 698 3698 habet.
741 3656 833 3699 auctor.

154 3727 202 3773 Est
218 3732 302 3776 autem
319 3727 381 3776 haec
391 3728 467 3775 tacita
477 3728 588 3776 laudatio
599 3729 696 3778 Maece·
774 3731 868 3779 Fidens
896 3733 1013 3780 iuventae
1037 3731 1141 3779 barrida
1164 3732 1289 3789 moabita,

154 3805 286 3868 natis,qui
298 3804 698 3865 Caesarem,utnarratDioCas-
740 3811 900 3872 Fratresque.
942 3810 1054 3858 Imitatio
1086 3808 1231 3872 virgiliana
1266 3811 1288 3860 1.

154 3886 205 3932 sius
231 3885 288 3935 LV.
306 3887 329 3937 7.
356 3890 402 3947 τῆς
428 3887 504 3951 ὀργῆς
530 3886 568 3934 ἀεὶ
589 3884 698 3950 παρέλυε
740 3887 830 3951 Georg.
851 3889 908 3940 279.
942 3889 1021 3938 Terra
1048 3888 1187 3951 Coeumque
1210 3890 1289 3953 Inpe-

154 3965 195 4011 καὶ
220 3965 245 4022 ἐς
271 3967 299 4014 τὸ
324 3966 468 4029 ἠπιώτερον
492 3966 606 4030 μεθίστη.
641 3967 699 4015 Non
740 3972 841 4030 tumque
868 3972 950 4023 creat,
978 3981 1125 4028 suevrmrqne
1156 3967 1289 4028 Typhoea,

154 4043 278 4092 dissimilis
298 4045 413 4093 orationis
438 4043 518 4093 forma
538 4044 563 4091 in
586 4045 698 4093 Ausonio
739 4047 779 4093 Et
794 4049 937 4095 coniuratos
957 4048 1050 4095 coelam
1070 4046 1210 4094 rescindere
1222 4044 1288 4106 frn-

153 4119 260 4169 Proicss.
278 4123 380 4186 Burdig.
400 4125 441 4172 24.
459 4130 513 4172 tarn
530 4127 589 4172 boire
606 4126 698 4173 daridis
739 4130 796 4172 tres.
834 4126 884 4174 Ter·
900 4131 962 4175 aunt
978 4127 1062 4174 conati
1078 4126 1203 4186 imponere
1213 4125 1289 4172 Pelio

154 4199 257 4261 Semper
266 4203 472 4264 emrailiia,qnunr
485 4205 612 4251 taciturne
620 4204 696 4251 dritta.
741 4205 842 4261 Ossam,
861 4206 961 4253 Scilicet
986 4211 1061 4267 etque
1085 4204 1163 4252 Oscae
1181 4202 1289 4265 frendo·

185 4278 223 4324 Et
242 4281 311 4327 nrbes
336 4297 459 4342 repetoque
481 4284 577 4331 tristia.
617 4284 697 4330 Urbes
736 4297 803 4344 ariter,
821 4284 942 4331 inuoluere
962 4284 1105 4346 Olympum.
1132 4280 1183 4331 Ubi
1198 4284 1288 4328 notan-
