2916 5220
153 324 216 386 246
405 315 409 324 ’
562 322 879 385 CARMINUM

384 485 535 569 Viooeqoe
551 484 730 568 producent
754 484 916 565 toronae,

420 587 509 651 Doro
531 586 657 651 rediens
668 585 772 673 stadt
794 595 886 651 ostro
908 583 1061 650 Phoebas.

151 738 245 794 bimus,
266 737 324 786 vino
341 737 462 800 parcitur,
483 743 509 785 at
528 736 563 784 sio
579 737 699 800 amphora
740 739 784 786 Sto
794 743 890 787 nortem
898 742 1004 798 potera,
1020 736 1057 786 aa
1069 737 1161 785 duram
1172 737 1289 785 carmine.

151 817 319 879 producitur.”
353 816 407 867 Cur
423 823 506 865 autem
522 815 544 863 si
561 818 697 864 loetoorte·
738 816 792 865 Liv.
811 815 946 865 XXXIII.
963 816 1004 864 48.
1040 814 1192 864 Cornutum
1212 816 1291 863 multo

151 897 205 943 rit?
239 896 306 957 Quid
323 896 399 958 igitur
427 895 448 942 si
475 896 560 943 nutis
587 894 698 942 adesset?
737 897 927 945 otoor'oaerom
937 897 1018 944 noetis
1028 896 1190 958 prodactam.
1215 893 1292 942 Recte

150 973 241 1022 Multis
250 973 355 1038 argutiis
367 980 391 1022 et
407 972 484 1035 longa
501 972 634 1022 verborum
648 987 698 1021 em·
738 974 799 1022 adeo
811 973 933 1022 diceretur
943 976 1044 1023 :vinam
1054 975 1177 1036 proruat
1188 977 1293 1033 noctem,

150 1052 214 1114 baga
240 1067 303 1115 opus
327 1059 381 1110 est,
411 1058 440 1099 ut
469 1051 527 1100 hine
552 1051 699 1101 sententiam
739 1051 1293 1114 traetesto,prodooosoootmoonriutum,

150 1132 251 1180 tandem
267 1130 373 1188 efficias,
389 1146 405 1178 a
420 1145 480 1178 uera
496 1131 633 1180 Latinitate
649 1144 700 1178 non
739 1132 853 1180 lucemus
869 1145 973 1194 quoque.
998 1131 1067 1179 Nam
1084 1130 1111 1177 in
1128 1131 1294 1179 tremisco

151 1210 331 1260 abhorrentem.
373 1210 492 1259 Latinum
518 1216 570 1259 est:
595 1213 699 1268 iturae,
739 1209 833 1271 gitatm
850 1225 907 1269 nor,
925 1215 954 1256 ut
970 1210 997 1257 in
1014 1207 1137 1257 sideribus
1154 1208 1226 1270 apud
1239 1208 1295 1259 Sta·

150 1291 263 1350 educere,
279 1291 416 1354 producere
432 1288 699 1347 conviviumnootem,
739 1289 803 1337 tium
820 1288 897 1337 vm.
916 1289 996 1338 Theb.
1009 1289 1066 1337 219.
1104 1287 1184 1335 Vario
1199 1290 1295 1350 produ-

150 1369 222 1426 rino,
243 1369 269 1416 in
290 1367 380 1431 quibus
400 1368 546 1431 praesertim
562 1367 700 1428 produoere
739 1374 800 1418 root
816 1370 901 1418 sidero
918 1370 983 1416 ludo.
1011 1366 1141 1429 Quomodo
1151 1365 1298 1429 explicetur

151 1447 226 1497 habet
249 1447 374 1498 notionem
402 1447 585 1509 protrahendi,
612 1450 698 1494 erten-
738 1450 867 1503 lucernae,
891 1461 954 1507 noa,
978 1447 1127 1505 conmotam,
1142 1446 1297 1508 producunt

151 1528 232 1577 derat.
266 1527 387 1590 Apposite
412 1527 526 1590 Propert.
549 1525 597 1574 IV.
615 1525 638 1573 6.
656 1525 696 1574 85.
738 1529 836 1585 vinum
855 1524 966 1574 tertam?

642 1666 808 1691 —Qooe-

509 1805 760 1871 OARMEN
805 1804 918 1869 XXII.

333 1941 513 2021 Montium
535 1962 647 2023 custos
670 1977 923 2042 nemorumque,
947 1954 1070 2040 Virgo,

333 2060 422 2139 Quae
445 2060 631 2126 laborantes
655 2066 747 2126 utero
771 2059 899 2145 puellas

333 2162 395 2226 Ter
417 2168 534 2228 vocata
558 2163 651 2229 audis
683 2162 867 2248 adimisque
888 2161 972 2243 leto,

422 2266 509 2331 Diva
532 2265 714 2331 triformis:

331 2370 514 2437 Imminens
538 2370 637 2436 villae
661 2375 719 2436 tua
741 2369 839 2455 pinus
863 2371 952 2450 este,

333 2476 440 2555 Quam
462 2496 520 2560 per
543 2479 674 2540 exactos
699 2494 759 2558 ego
783 2471 890 2537 laetus
914 2492 1017 2536 annos

331 2579 441 2644 Verris
466 2577 637 2662 obliquum
660 2574 853 2642 meditantis
877 2573 982 2639 ictum

421 2681 588 2766 Sanguine
613 2681 740 2746 donem.

295 2839 447 2890 GARMEN
465 2840 554 2889 XXII·
740 2815 795 2863 dius
812 2813 860 2863 l'V.
886 2814 987 2863 Heroid.
1004 2814 1058 2863 104.
1095 2814 1201 2876 oottquo
1221 2815 1298 2863 dente

742 2894 867 2944 ttnmrdus
883 2908 951 2956 oper.

190 2937 341 3033 Obliquum
360 2971 506 3019 meditantia
521 2971 606 3019 iotam.
641 2968 699 3020 Ovi·

639 3113 800 3135 -ηοᾳ-

503 3260 617 3326 OAR
633 3261 668 3324 M
685 3261 759 3325 EN
804 3261 936 3326 XXIII.

333 3388 437 3468 Coelo
462 3401 596 3488 supinas
621 3402 648 3468 si
673 3402 787 3468 tuleris
812 3424 930 3468 manus

331 3504 494 3570 Nascente
519 3505 627 3589 Luna,
651 3506 774 3572 rustica
799 3506 957 3590 Phidyle,

377 3607 413 3672 si
437 3608 532 3672 thura
554 3608 694 3694 placaris
719 3615 753 3674 et
775 3610 879 3674 horna

422 3710 531 3796 Fruge
555 3711 653 3779 Lares
686 3712 845 3799 avidaque
868 3734 982 3799 porca:

331 3815 400 3882 Neo
423 3816 634 3901 pestilentem
658 3818 779 3884 sentiet
802 3818 953 3883 Africum

332 3919 487 3984 Fecunda
510 3920 609 4005 vitis,
634 3943 693 3987 neo
718 3922 862 3987 sterilem
888 3944 981 4007 seges

289 4104 442 4154 GARMEN
459 4105 564 4155 XXIII,
776 4079 830 4127 Neo
857 4079 1016 4139 pestilentem
1041 4077 1132 4125 sentiet
1160 4075 1291 4139 Africum,

740 4157 882 4220 Symmach.
902 4158 936 4206 X.
962 4157 1044 4219 Epist.
1065 4157 1106 4206 54.
1140 4157 1217 4218 Spem
1232 4173 1292 4218 pro-

186 4200 300 4283 Horoo
308 4233 395 4298 fraqe.
429 4236 530 4298 Sergius
551 4251 608 4298 pag.
629 4236 698 4284 1350.
739 4238 879 4286 vinetorum
900 4238 1011 4286 omnium
1032 4237 1115 4284 meam
1131 4249 1207 4297 oeoro
1223 4236 1292 4284 dece·

154 4313 289 4362 “Horatius
306 4314 379 4362 dicit:
398 4315 646 4379 tornotoesrroes.’'
738 4317 787 4376 pit.
823 4317 898 4364 Ntttt
917 4317 1074 4377 impetuosae
1095 4315 1200 4361 orestrte.
1237 4316 1292 4362 Na·
