2916 5220
651 300 942 367 EPODON

624 541 879 610 CARMEN
926 539 985 603 IX.

418 687 565 771 Quando
589 705 757 784 repostum
783 695 970 763 Caecubum
994 691 1036 757 ad
1059 691 1161 757 festas
1186 692 1307 776 dapes,

463 804 596 869 Victore
619 803 725 867 laetus
751 800 905 881 Caesare,

418 908 537 972 'lecum
561 907 622 971 sub
646 905 730 987 alta,
756 903 803 969 sio
827 901 899 966 Iovi
922 905 1076 986 gratum,
1102 899 1218 977 domo,

463 1009 564 1075 Beate
588 1009 779 1088 Maecenas,
801 1005 933 1086 bibam,

421 1112 566 1179 Sonantc
588 1111 733 1175 mixtum
757 1107 848 1173 tibiis
873 1128 1003 1171 carmen
1027 1105 1115 1189 lyra,

465 1216 537 1280 Hac
563 1214 721 1296 Dorium,
746 1211 814 1276 illis
838 1210 1033 1275 barbarum?

420 1318 469 1385 Ut
490 1341 612 1403 nuper,
637 1321 730 1382 actus
753 1336 857 1400 quum
879 1313 963 1377 freto
987 1310 1176 1396 Neptunius

467 1422 545 1486 Dux
568 1421 657 1506 fugit
680 1419 766 1485 ustis
789 1416 948 1498 navibus,

421 1525 571 1590 Minatus
599 1523 682 1590 Urbi
706 1522 832 1603 vincla,
857 1541 940 1606 quae
963 1516 1147 1582 detraxerat

466 1628 574 1694 Servis
599 1626 724 1692 amicus
748 1623 891 1710 perfidis.

421 1732 606 1813 Romanus,
632 1729 732 1795 eheu!
757 1725 881 1813 posteri
905 1722 1089 1810 negabitis,

466 1833 704 1917 Emancipatus
729 1829 891 1911 feminae,

422 1938 501 2002 Fert
523 1936 648 2001 vallum
673 1941 706 2000 et
731 1956 823 1999 arma
845 1932 958 2014 miles,
983 1935 1017 1995 ot
1040 1925 1246 2013 spadonibus

467 2039 594 2105 Servire
617 2038 745 2123 rugosis
769 2041 896 2122 potest,

422 2144 576 2228 Interque
600 2142 696 2227 signa
719 2148 814 2225 turpe
837 2136 997 2203 militaria

468 2247 524 2313 Sol
548 2247 690 2332 adspicit
714 2242 905 2330 conopium!

416 2351 474 2416 Aa
493 2351 574 2416 tunc
587 2350 765 2435 frementes
786 2354 946 2413 1111111111
969 2343 1016 2410 bis
1038 2342 1123 2408 mille
1146 2361 1238 2427 equos

402 2490 555 2541 CARMEN
585 2491 635 2540 IX·
830 2483 888 2518 erus
910 2468 938 2516 in
959 2466 1063 2517 Obserr.
1085 2465 1147 2516 Crit.
1169 2481 1195 2529 p.
1213 2465 1237 2513 4.
1255 2463 1381 2512 emendat:

831 2550 954 2612 Interque
970 2549 1053 2610 11911,
1072 2549 1160 2608 trrrpe!
1178 2543 1314 2592 militaria.
1334 2540 1381 2588 At-

279 2589 385 2672 Terum
402 2624 448 2670 Sub
465 2624 533 2679 alta.
552 2623 588 2671 δῖε
608 2622 790 2688 lactoratium,
831 2642 879 2691 que
903 2628 939 2675 ita
962 2626 1013 2674 iam
1034 2625 1175 2675 Comment.
1208 2621 1278 2670 “Per
1297 2619 1380 2669 excla-

242 2706 319 2751 domo.
353 2701 442 2752 Unum
458 2700 561 2751 eMSS.
572 2701 723 2750 1111111ιεί1
735 2703 792 2750 Iove*
831 2705 965 2753 mationem
990 2705 1126 2768 legendum
1152 2709 1247 2764 turpe,
1272 2699 1320 2746 hoc
1346 2706 1383 2746 est

243 2783 341 2829 datum.
830 2800 870 2834 ree
887 2785 994 2848 turpia.”
1028 2785 1080 2833 Pro
1104 2783 1216 2845 ammas
1236 2779 1265 2827 in
1286 2777 1381 2826 Vocab.

276 2859 396 2906 Minatur
426 2860 490 2908 Urbi
514 2861 605 2908 vinela.
639 2858 696 2908 MS.
717 2859 791 2908 Voss,
830 2862 943 2911 Nestoris
959 2862 1051 2924 legitur
1068 2862 1159 2924 afficit.
1309 2863 1317 2874 '

242 2939 352 2987 vincula.
866 2941 1011 3005 Oenopiam.
1050 2941 1093 2988 Ita
1111 2937 1242 2987 Bentleius
1269 2950 1328 2984 cum
1349 2935 1381 2983 N.

276 3017 463 3079 Eamnctpatar
472 3016 594 3078 feminae.
618 3017 706 3066 Unum
722 3018 792 3066 Leid.
830 3019 951 3077 Heinsio,
978 3033 1053 3082 quem
1082 3018 1141 3066 vide
1169 3017 1196 3064 in
1221 3015 1382 3064 Adversariis

242 3100 267 3143 et
297 3097 466 3157 mancipatae.
507 3093 604 3143 Amare
632 3094 727 3143 dictum
756 3102 793 3142 est
830 3115 887 3162 pag.
905 3100 961 3151 725.
996 3097 1065 3146 Male
1083 3096 1125 3144 alii
1143 3111 1291 3157 conopeum,
1312 3095 1383 3142 euius

145 3212 148 3217 -
235 3176 358 3238 festinae.
400 3176 468 3223 Nam
494 3181 518 3224 et
548 3176 673 3224 Antonius
699 3175 791 3238 signifi·
830 3177 970 3240 penultima
994 3176 1153 3240 producatur.
1192 3173 1323 3221 Heinrich.
1349 3174 1382 3220 ad

242 3255 294 3302 cari
309 3260 396 3317 potest.
430 3253 488 3302 Viri
505 3254 571 3303 enim
588 3255 715 3312 imbelles,
731 3254 791 3302 mol·
831 3255 944 3304 Iuvenal.
962 3256 1010 3304 VI.
1026 3256 1079 3303 180.
1098 3254 1183 3303 Schol.
1195 3252 1324 3300 Iuvenalis
1336 3252 1353 3300 l.
1365 3251 1382 3300 l.

243 3334 279 3382 les
304 3340 329 3381 et
345 3333 477 3397 impudici,
487 3333 603 3397 feminae
624 3334 792 3397 appellantur.
832 3334 894 3381 “hoc
907 3341 944 3382 est
956 3334 1039 3382 linum
1049 3333 1198 3382 tenuissimis
1207 3331 1314 3378 maculis
1323 3345 1383 3378 nan-

243 3413 341 3460 Auctor
366 3413 461 3475 antiqui
487 3413 602 3460 carminis
626 3413 652 3460 in
685 3413 790 3461 Anthol.
831 3419 908 3462 ctum.
937 3414 1005 3476 Quia
1016 3414 1107 3462 Latine
1122 3427 1257 3472 conopeum
1273 3412 1385 3461 aulicare

242 3490 381 3538 Burmann.
398 3491 429 3539 Τ.
447 3491 469 3538 Ι.
485 3507 542 3553 pag.
561 3493 616 3540 433.
654 3493 789 3554 0111111111-
832 3493 946 3542 dieunt.''

243 3570 324 3625 raaia,
343 3569 459 3631 sencino?
485 3569 591 3618 Sallust.
615 3571 717 3633 Fragm.
734 3585 791 3632 pag.
870 3575 913 3620 Ad
938 3575 1004 3622 111111
1022 3573 1163 3637 frementes
1187 3576 1321 3619 verterunt
1347 3573 1384 3619 bie

243 3647 298 3694 420.
335 3647 463 3710 Matidiae,
485 3651 579 3698 ancillo
606 3652 697 3712 turpia.
735 3649 791 3697 Liv.
832 3653 900 3700 mille
921 3668 1002 3714 equor.
1036 3652 1132 3713 Magna
1155 3651 1181 3698 in
1203 3649 1281 3699 MSS.
1305 3651 1383 3698 varie-

243 3726 276 3775 X.
303 3728 343 3775 28.
387 3729 479 3775 Prima
504 3744 589 3777 eorum
611 3730 709 3791 proelia
733 3730 792 3791 plera
832 3732 1262 3790 111ι111111,1111111,111111.
1297 3729 1382 3778 Β1111.

242 3821 318 3867 quum
335 3807 458 3866 virorum,
474 3814 602 3869 postrema
618 3809 700 3855 minue
716 3823 792 3870 quam
831 3809 933 3871 corrigit
950 3812 984 3858 ud
1000 3811 1057 3859 boc:
1083 3810 1108 3857 id
1125 3814 1174 3866 est,
1196 3807 1228 3854 ad
1245 3807 1383 3855 11111111-

236 3884 398 3944 feminarum
432 3902 488 3935 erre.
532 3886 634 3936 Curtius
668 3885 717 3935 111.
753 3888 790 3935 10.
830 3887 908 3949 pium,
921 3889 1008 3936 adhoc
1019 3896 1092 3951 turpe
1103 3887 1283 3950 spectaculum.
1297 3887 1383 3935 Etiam

243 3965 331 4020 Ireat,
356 3970 382 4012 et
406 3967 545 4015 imbellibus
563 3968 672 4028 scoriate
698 3983 792 4014 aarum
830 3966 959 4027 proposuit
976 3969 1011 4015 ad
1027 3969 1098 4025 boec,
1116 3966 1147 4012 ad
1166 3965 1209 4012 has
1227 3979 1276 4023 res,
1294 3979 1383 4026 nempe

241 4043 293 4088 viri
309 4044 442 4104 eriperent.
476 4044 536 4094 Vid.
559 4046 660 4108 interpr.
683 4046 714 4093 ad
737 4046 792 4095 Silii
831 4045 898 4106 quod
923 4044 1030 4093 feminae
1054 4052 1079 4092 11
1100 4044 1220 4092 eunuchis
1242 4044 1382 4106 parendum

242 4117 299 4167 Ital.
326 4120 361 4168 II.
386 4122 443 4170 361.
469 4129 494 4171 11
518 4122 630 4172 Oudend.
648 4125 679 4172 ad
696 4125 791 4188 Appul.
831 4130 902 4174 osset.
936 4124 1001 4172 Mihi
1018 4123 1111 4186 placet:
1130 4126 1170 4170 Ab
1187 4125 1240 4172 boc.
1274 4123 1320 4172 Ab
1336 4123 1382 4170 hoc

242 4195 346 4246 Metam.
364 4213 420 4261 pag.
444 4202 497 4252 157.
832 4203 946 4266 oonopio,
963 4217 1016 4251 rem
1033 4202 1093 4250 viris
1110 4202 1240 4264 indignam
1256 4208 1382 4263 putantes,

275 4277 397 4340 Interque
405 4279 477 4341 atqua
488 4286 563 4343 turpe
571 4282 704 4331 militaria.
725 4281 791 4329 Bau·
809 4293 813 4373 Ι
833 4282 900 4332 Galli
928 4296 954 4330 se
983 4288 1142 4340 averterunt,
1174 4281 1205 4328 ad
1231 4281 1382 4344 Augustum
