2916 5220
478 323 827 388 electiles.

265 511 368 592 Diuo,
388 511 552 596 producas
574 509 708 575 sobolem
740 513 936 597 Patremque

266 614 446 699 Prosperes
469 613 596 678 decreto
619 635 716 698 super
739 615 887 701 iopes—odis

86 763 147 812 Siue
163 765 328 814 taLaoioam
341 768 539 828 maturescere,
554 781 595 814 seu
610 771 635 814 te
675 765 739 813 diem
765 768 875 817 natalem
899 776 924 817 et
949 768 1040 817 liberos
1061 771 1225 833 procreandos

82 844 326 904 penitresIanonem.
349 845 483 894 Terentius
493 844 576 893 Andr.
583 843 633 892 111.
675 845 775 893 attinet:
792 848 909 909 peciolis,
926 849 957 895 ad
975 847 1046 910 festa,
1063 848 1225 909 hilaritatem,

87 921 110 968 l.
122 921 161 967 15.
177 923 302 972 Ianmtem
310 925 432 973 Lamnum
439 924 506 982 dicit,
514 930 553 970 ut:
563 924 634 973 Jano
674 938 752 984 quum
774 924 847 986 genio
867 925 1053 988 indulgemus.''
1088 928 1131 977 Ad
1148 943 1225 992 qnam

85 1000 186 1048 Lucina
196 999 243 1062 ser
262 1016 345 1063 opera:
369 1016 427 1049 cnm
444 1008 527 1049 tamen
546 1001 633 1049 ambae
674 1005 789 1066 regulam
806 1006 923 1054 siomnia
934 1009 1050 1071 exempla
1060 1008 1162 1071 exigere
1172 1009 1225 1058 rel-

85 1079 250 1128 unumsint.''
269 1079 319 1128 Vir
330 1094 436 1143 magnus
454 1079 634 1128 aSenioscri·
674 1083 766 1142 lemus,
788 1085 870 1132 multa
890 1085 916 1132 in
937 1087 1034 1149 scriptis
1056 1095 1168 1136 votorum
1189 1101 1225 1136 es·

84 1163 158 1220 ptum
167 1171 220 1206 esse
233 1163 305 1218 putat
313 1172 358 1220 pro
366 1158 487 1221 corruptis
499 1157 549 1207 Seu
559 1163 583 1206 te
592 1174 632 1220 pe-

83 1239 156 1286 nitus
165 1239 328 1286 Iononem-
344 1252 388 1286 aea
405 1243 430 1286 te
441 1237 632 1298 Genetyllidenn

85 1315 115 1364 Si
131 1315 238 1372 viveret,
255 1315 316 1363 mihi
334 1315 455 1365 Serviane
471 1316 505 1362 sic
518 1329 570 1364 esse
581 1329 631 1362 cor·

83 1397 189 1458 rigenda
210 1395 355 1444 assentiret:
381 1396 474 1444 “Modo
495 1396 632 1450 Lucinam,

83 1477 201 1524 Dianam
213 1474 355 1537 accipimus.
374 1474 415 1525 Sic
424 1473 632 1524 HoratinsCarm.

85 1553 156 1604 Sacc.
175 1554 214 1603 15.
240 1556 299 1604 Stre
319 1560 348 1603 tu
366 1556 465 1602 Lacino
480 1557 575 1617 probos
591 1570 631 1602 co·

83 1636 154 1692 cari,
174 1635 362 1695 amoenitatis.
397 1634 474 1682 Modo
495 1636 627 1682 Iunonem.

85 1712 129 1763 Sic
150 1713 282 1762 Terentius
307 1713 390 1762 Andr.
416 1712 466 1760 111.
490 1712 632 1774 1.1ssq.·'

85 1792 187 1843 Servius
203 1806 292 1854 nempe
308 1791 419 1853 disputat
436 1798 522 1838 utrum
536 1791 634 1838 Lacino

85 1872 153 1935 apnd
178 1871 316 1934 Virgilium
343 1885 389 1934 pro
414 1873 505 1919 Diona
530 1884 562 1917 an
588 1884 634 1932 pro

86 1953 186 2000 Iunone
210 1952 243 1999 sit
267 1949 426 2013 accipienda,
451 1950 509 2011 qnia
534 1951 634 1998 Lucina

85 2043 153 2078 nnnc
170 2037 208 2078 est
225 2032 327 2086 Diuum
347 2043 416 2077 nunc
433 2032 508 2077 Iano.
542 2028 634 2076 Videa-

85 2123 142 2157 mus
168 2109 199 2156 de
219 2107 401 2171 Porphyrione.
434 2107 520 2156 Huius
542 2105 633 2155 Gram-

85 2187 169 2235 matici
197 2187 309 2235 scholion
338 2188 385 2235 hoe
413 2193 470 2235 est:
500 2185 634 2236 “Ostendit

85 2274 171 2315 antem
192 2267 296 2315 eandem
313 2268 440 2315 Larinum
462 2271 487 2314 et
503 2268 635 2328 penitrdem

86 2347 171 2394 Deum
179 2344 324 2408 appellari.''
350 2345 385 2392 Et
401 2344 442 2392 hic
458 2343 588 2394 Bentleius
603 2360 635 2394 ex

84 2427 220 2486 cecitatem
248 2428 328 2473 Deam
356 2423 414 2473 fecit
444 2425 634 2486 Genetyilidem.

86 2504 143 2567 Ego
159 2510 221 2567 puto
233 2503 430 2554 Grammaticnm
445 2504 554 2552 iunxisse
569 2505 636 2566 peni·

86 2586 149 2634 tetra
171 2587 253 2642 Dium
274 2585 314 2633 vel
338 2585 386 2632 hoc
402 2583 522 2632 voluisse:
540 2584 635 2632 Eadem

85 2664 185 2713 Lucina
209 2664 283 2712 etiam
308 2669 413 2711 vocatur
435 2662 490 2710 Deo
511 2663 635 2725 penitam.

86 2747 172 2794 Deam
188 2744 242 2793 voci
259 2745 371 2792 Lucinae
388 2757 438 2791 non
455 2743 561 2800 addidit,
578 2743 636 2804 qnia

84 2823 112 2871 in
124 2825 222 2873 Lasiam
233 2823 317 2870 statim
329 2823 473 2885 agnoscitur
484 2823 553 2869 Dea:
569 2822 636 2884 qnod

85 2915 158 2950 secus
178 2908 217 2951 est
237 2903 263 2950 in
284 2903 413 2965 penitutis,
431 2901 552 2949 adiectivo
567 2914 634 2948 corn-

85 2982 170 3030 munis
194 2994 254 3029 usus
278 2988 304 3029 et
328 2979 423 3028 multae
443 2980 635 3042 significationis.

35 3046 38 3051 ’
86 3060 185 3109 Poteris
206 3060 281 3108 etiam
302 3059 337 3107 sie
358 3059 480 3107 scribere:
505 3058 637 3109 “Ostendit

86 3146 171 3188 antem
197 3139 301 3188 eandem
324 3140 463 3196 Larinum,
488 3144 513 3185 et
532 3140 637 3186 Genito-

86 3220 147 3277 Iem,
164 3223 189 3267 et
206 3217 351 3276 Dianam;''
369 3223 397 3263 nt
414 3216 495 3264 Acro:
513 3219 636 3265 “Genito-

87 3298 136 3346 lem
160 3299 260 3346 uocauit
283 3297 423 3345 Dionem.”
460 3295 565 3343 Felicior
589 3295 637 3344 fuit

86 3374 216 3424 Bentleius
232 3375 258 3423 in
275 3374 355 3423 altera
371 3375 543 3438 disputationis
559 3380 636 3437 parte,

86 3461 112 3504 et
128 3454 245 3517 probavit
258 3455 402 3504 Genitalem
418 3468 469 3503 non
483 3468 536 3503 esse
547 3467 636 3516 cogno-

87 3548 146 3583 men
166 3534 264 3582 Dianae
285 3533 424 3596 proprium,
449 3533 509 3596 qnia
530 3532 637 3581 Romani

87 3614 156 3662 Deos
176 3612 306 3662 duodecim
326 3612 443 3671 maiores,
464 3612 507 3674 qui
527 3617 552 3661 et
569 3610 634 3660 Gon-

86 3700 169 3742 sentcs
186 3692 358 3755 appellantur,
371 3699 524 3740 vocaverunt
540 3693 636 3754 penito-

88 3775 131 3822 lee.
165 3772 251 3834 Quare
274 3771 368 3833 exigua
390 3771 528 3818 mutatione
553 3769 636 3832 legen·

87 3851 150 3900 dum
170 3851 276 3899 arbitror
298 3853 349 3900 Sec
373 3851 496 3899 Gaetulis.
530 3850 569 3898 Eo
590 3863 636 3897 nos

674 1169 729 1210 sent
745 1164 880 1221 mutanda,
903 1172 931 1212 ut
947 1164 997 1213 iam
1014 1180 1093 1224 nunc,
1113 1166 1156 1214 sed
1173 1179 1226 1228 per·

674 1255 758 1298 verse,
785 1257 800 1288 a
824 1243 953 1291 nonnullis
977 1251 1075 1291 mutata
1099 1251 1172 1292 sunt:
1198 1259 1227 1293 ac

674 1321 755 1367 nescio
776 1334 821 1368 cur
839 1322 1006 1370 Marklandus
1024 1331 1152 1385 tantopere
1168 1324 1223 1372 lan-

674 1400 734 1449 dare
753 1402 860 1463 potuerit
876 1403 1014 1452 Burmann.
1032 1404 1064 1452 ad
1081 1404 1164 1454 Ovidii
1180 1405 1198 1452 l.
1208 1405 1226 1454 l.

674 1479 717 1541 qui
735 1481 812 1529 verba
830 1484 972 1533 Ducuntur
993 1491 1099 1548 ruptae,
1120 1487 1227 1547 pensatis

673 1560 783 1620 proedo,
803 1561 916 1622 paellae,
937 1562 1056 1620 correxit,
1075 1560 1228 1610 substituens

674 1638 801 1698 pensitatis.
838 1639 956 1687 Genialis
979 1642 1077 1702 proedo
1098 1641 1228 1702 eleganter

675 1720 699 1762 et
723 1715 825 1764 honeste
845 1715 1004 1779 appellantur
1028 1717 1135 1780 virgines
1157 1718 1228 1769 Sabi-

675 1808 733 1852 nae,
762 1795 912 1857 quibuseum
936 1796 1045 1846 Romani
1070 1798 1229 1847 matrimonia

675 1880 756 1920 essent
767 1874 863 1922 inituri.
883 1877 1013 1924 Genitalis
1022 1877 1126 1938 praeda,
1135 1879 1228 1927 rustice

675 1952 768 1999 dictum
779 1960 824 2002 est.
849 1956 956 2004 Geniole
966 1954 1040 2003 etiam
1052 1956 1144 2004 dicitnr
1155 1971 1229 2007 omne

674 2031 750 2086 illud,
768 2033 835 2093 quod
852 2033 884 2080 ad
901 2032 1000 2096 nuptias
1017 2041 1043 2082 et
1058 2034 1174 2098 coniugia
1190 2043 1227 2085 at-

675 2111 743 2159 tinet.
777 2110 878 2174 Optime
892 2110 1083 2175 Glossographi:
1104 2115 1229 2176 (leniciis,

676 2191 809 2254 γαμήλιος.
845 2190 948 2240 Servius
970 2192 1001 2238 sd
1020 2191 1069 2240 VI.
1087 2192 1153 2242 Aen.
1171 2195 1228 2245 603.

676 2270 816 2318 “Gertioles
833 2271 891 2318 lecti
909 2269 1007 2332 proprie
1024 2277 1094 2327 sunt,
1111 2272 1153 2333 qui
1170 2280 1229 2321 ster-

676 2354 771 2395 nuntnr
787 2346 879 2409 puellis
895 2347 1059 2407 nubentibus,
1077 2349 1135 2398 dieti
1152 2367 1168 2399 a
1184 2368 1227 2415 ge-

677 2427 792 2474 nerandis
809 2426 917 2474 liberis.''
952 2428 1127 2478 Memorabilis
1137 2438 1174 2480 est
1186 2432 1230 2482 Se·

678 2519 753 2554 nesae
768 2506 838 2554 loeus
854 2506 880 2553 in
898 2505 988 2555 Medea
1006 2521 1043 2556 vs.
1065 2508 1084 2556 1.
1119 2509 1156 2558 Di
1173 2526 1229 2560 oon-

678 2586 790 2646 iopales‚
821 2590 898 2647 tuque
921 2586 1028 2646 peciolis
1054 2587 1105 2633 tori
1131 2589 1230 2637 Larino

678 2669 768 2712 custos.
807 2662 879 2712 Conf.
904 2663 992 2712 Barth.
1018 2664 1050 2711 ad
1076 2664 1150 2714 Statii
1176 2667 1228 2716 111.

679 2741 758 2789 Theb.
775 2743 831 2791 689.
865 2742 920 2789 Iam
937 2742 1057 2791 Horatius
1068 2743 1143 2792 dicit:
1161 2745 1230 2795 “Seu

679 2819 751 2868 malis
768 2821 866 2870 Lucina
881 2823 978 2879 vocari,
996 2837 1038 2870 sen
1051 2821 1171 2883 Genialis,
1183 2824 1230 2874 hoe

678 2907 726 2948 est:
747 2916 810 2964 quse
829 2908 917 2965 partus
937 2902 963 2950 in
979 2902 1062 2950 lucem
1079 2915 1161 2962 voces,
1178 2918 1231 2965 sen,

679 2977 742 3041 quae
765 2982 859 3043 praesis
887 2980 1011 3044 coniugiis
1040 2980 1117 3041 (unde
1143 2989 1230 3044 partus

679 3060 806 3122 oriuntur)
832 3067 857 3108 et
881 3060 974 3108 lectum
996 3059 1120 3121 genialem
1149 3068 1230 3109 custo·

680 3138 754 3185 dias.”
788 3138 886 3186 Lucina
909 3145 934 3186 et
959 3139 1024 3186 Iuno
1045 3144 1104 3185 sunt
1120 3139 1228 3188 eaedem.

679 3217 743 3265 luno
765 3215 865 3266 Graecis
887 3224 924 3265 est
945 3216 1082 3281 γαμήλιος,
1105 3221 1228 3278 pronubo.

679 3297 775 3345 Eadem
799 3296 840 3343 hic
858 3295 973 3343 Gaetulis
999 3293 1119 3357 appellari
1141 3301 1228 3356 potest.

678 3377 793 3424 Fortasse
801 3374 919 3422 Horatius
930 3374 977 3422 hoc
987 3387 1123 3435 cognomen
1132 3375 1230 3424 Dianae

678 3455 773 3517 primns
790 3453 868 3510 dedit,
886 3453 945 3500 sotis
961 3453 987 3500 iu
1003 3466 1033 3501 eo
1049 3452 1179 3501 formando
1195 3453 1229 3504 fe·

679 3534 715 3581 lix
735 3540 760 3582 et
774 3534 923 3595 ingeniosus.
959 3531 1008 3582 Sed
1025 3533 1080 3595 quis
1097 3533 1175 3591 novit,
1198 3547 1228 3581 an

679 3625 728 3659 non
743 3618 801 3660 ante
813 3611 948 3660 Horatium
961 3611 1011 3658 iam
1023 3611 1161 3660 exstiterit?
1182 3614 1230 3662 Ge·

678 3694 782 3754 oetyllis
798 3691 897 3753 quidem
915 3691 980 3753 apnd
997 3690 1123 3738 neminem
1138 3691 1229 3739 Rorna-

678 3785 739 3817 num
756 3777 853 3833 reperta
868 3776 912 3818 est.

712 3851 795 3906 Diua,
815 3850 940 3912 producas
964 3850 1081 3896 subolem.
1116 3847 1230 3908 Quatnor

87 3929 158 3978 ducit
173 3930 297 3992 scriptura
312 3927 374 3978 God.
389 3926 535 3977 Graeciam:
552 3934 636 3990 pento-
677 3942 764 3978 versus
781 3927 887 3976 Horatio
904 3925 979 3988 plane
994 3925 1099 3987 indigni.
1128 3927 1228 3974 Proda-

87 4011 128 4058 lia.
169 4010 202 4058 In
231 4008 309 4059 MSS.
334 4009 443 4070 peciolis
469 4015 494 4056 et
517 4009 636 4070 ospitalis
678 4023 721 4059 coa
739 4008 860 4063 sobolem,
877 4005 937 4067 qnid
954 4010 1007 4062 est,
1028 4003 1077 4051 nisi
1092 4003 1175 4051 inanis
1192 4019 1229 4053 re·

86 4088 226 4150 saepissime
238 4087 431 4145 confunduntur,
442 4088 471 4135 de
482 4101 532 4150 qua
543 4100 570 4134 rc
581 4086 636 4134 vide
677 4085 762 4149 petitio
783 4083 982 4132 antecedentium
1003 4083 1076 4145 uperi
1095 4088 1189 4144 portos
1204 4092 1230 4130 et

86 4164 635 4217 Burmann.ad0vid.I.Art.Am.125.
679 4173 749 4215 tuere
766 4167 875 4213 matres?
908 4163 996 4226 Neque
1012 4161 1039 4210 in
1050 4160 1229 4224 reliquis,sive

87 4255 112 4297 et
130 4248 224 4297 Markl.
242 4248 274 4296 ad
287 4246 361 4297 Statii
375 4246 437 4295 Silv.
449 4261 506 4310 pag.
518 4247 575 4297 237.
593 4245 636 4306 qui
676 4260 729 4293 rom
750 4246 829 4307 ipsam
857 4243 909 4290 sive
934 4241 1096 4290 Latinitatem
1124 4247 1229 4302 spectes,

88 4327 135 4376 hoc
159 4329 240 4390 posuit
264 4327 408 4376 discrimen:
435 4325 579 4389 “penitotis,
605 4325 635 4372 ad
676 4324 769 4373 honum
786 4324 1023 4386 poonmagnososs.
1057 4320 1121 4368 Tam
1140 4320 1230 4369 diserte

1024 4401 1095 4465 25*
