2916 5220
533 339 706 402 'lilllll'lt
757 342 778 402 Ι.

272 526 392 590 dadau
415 530 517 590 atatam
535 531 665 610 palpati

324 631 408 695 Gaas
429 629 565 694 dataaua
588 634 654 692 ruit
670 652 734 712 pet·
757 635 879 695 uetitum
902 632 1001 716 asylis.

91 773 256 828 commendat,
270 788 344 834 quam
357 773 539 820 annotationem
553 770 638 818 deinde
683 772 761 820 ditum
783 779 826 820 est.
862 773 956 823 Statius
978 780 1001 821 et
1025 773 1118 822 Seneca
1139 774 1225 823 Grum-

91 853 173 914 megis
198 858 343 900 exornatam
361 851 427 898 dedit
444 852 474 897 ad
491 850 587 912 Appul.
605 849 637 897 V.
683 851 802 898 maticum
819 859 1070 914 moserepotuerunt,
1088 860 1116 900 ut
1132 868 1226 900 suueu-

92 933 196 981 Metam.
210 947 234 994 p.
246 931 303 978 359.
325 931 381 992 Ego
395 929 527 977 Horatium
540 929 575 975 ita
586 942 639 976 csse
683 929 765 991 empla
781 931 813 979 ab
829 931 874 979 hac
891 946 949 981 voce
964 932 1091 994 disponere
1103 931 1227 993 inciperet.

91 1011 306 1074 interpretandum
330 1010 420 1058 iudico:
447 1009 532 1057 “Deus
549 1021 638 1069 aquam
684 1009 778 1059 Statius
800 1010 835 1059 II.
860 1011 921 1060 Silv.
947 1012 986 1059 64.
1022 1010 1116 1060 Aiadaa
1136 1012 1229 1072 iaqeaii

91 1098 118 1138 et
142 1097 236 1138 terram
260 1090 392 1152 separavit,
418 1088 478 1135 adeo
503 1094 531 1134 ut
553 1086 638 1143 homa,
683 1102 718 1150 sq.
738 1088 831 1138 Seneca
847 1088 996 1147 Medum„
1017 1091 1112 1137 Audax
1122 1090 1228 1137 attatum

92 1168 187 1217 animal
196 1174 318 1223 terrestre,
327 1168 424 1216 nullam
433 1167 572 1215 societatem
581 1181 638 1213 cum
683 1169 727 1229 qui
740 1167 816 1229 freta
835 1169 933 1230 prinam
954 1182 989 1231 sq.
1011 1182 1075 1229 quac
1096 1168 1228 1216 Diomedes

92 1248 194 1298 Oceano
218 1249 308 1296 habere
328 1254 415 1310 posset.
449 1245 562 1296 Oceanus
581 1261 638 1293 curn
683 1261 740 1307 prag.
757 1248 816 1295 511.
834 1261 878 1309 pro
894 1247 1039 1297 Horatianis
1057 1247 1125 1295 citat.

92 1334 160 1375 terra
184 1327 271 1375 sociari
294 1341 343 1374 non
368 1333 475 1389 poterat,
505 1332 558 1373 erat
582 1340 639 1372 curn
719 1325 788 1374 Gens
806 1328 917 1374 bantana
933 1327 987 1374 ruit
1003 1342 1049 1388 per
1065 1327 1170 1376 uetitum
1188 1343 1227 1375 ue·

92 1413 161 1453 terra
177 1420 227 1454 non
244 1405 376 1462 sociabilis,
392 1403 555 1452 dissociabilis.
590 1402 639 1452 Sed
677 1403 733 1467 fas.
768 1404 834 1453 Vide
857 1406 968 1467 ingratas
985 1404 1152 1467 repetitiones:
1169 1421 1228 1467 qaas

92 1486 163 1532 Deus
187 1484 281 1532 frustra
305 1484 433 1546 separavit.
475 1482 542 1529 Nam
565 1481 639 1529 homo
685 1484 807 1538 buinaria,
823 1498 914 1545 qartus,
927 1483 1052 1545 pentibus,
1074 1483 1162 1539 terris,
1189 1485 1228 1532 ha·

92 1564 188 1611 invenit
199 1576 297 1618 navem,
310 1568 334 1610 et
346 1569 398 1609 tam
410 1562 436 1609 in
450 1559 556 1616 Oceano,
565 1575 638 1622 quum
684 1563 754 1620 titini,
771 1564 927 1619 atortalibus,
940 1570 991 1610 tam
1008 1562 1076 1610 brevi
1088 1563 1227 1611 intervallo.

44 1630 49 1639 ’
92 1643 120 1688 in
136 1648 203 1690 terra
221 1641 304 1690 vivit.''
323 1641 434 1688 ¹Eadem
459 1639 579 1687 sententia
603 1647 639 1686 est

64 1727 67 1732 '
93 1722 120 1768 in
144 1719 300 1769 Columellas
324 1719 370 1767 Rei
386 1719 460 1766 Rust.
477 1716 498 1765 1.
529 1716 638 1765 Praefet.

92 1798 115 1858 ξ.
132 1798 156 1846 8.
195 1801 240 1856 Ut,
256 1803 332 1860 rupta
348 1802 457 1855 naturae
466 1795 577 1858 foedere,
591 1800 638 1844 ter-

92 1884 176 1927 restre
191 1879 286 1925 aaiaral
303 1878 385 1937 bonta,
401 1880 531 1924 centorum
547 1881 572 1922 et
584 1891 637 1922 aaa·

91 1959 131 2004 ris
151 1959 259 2006 obiectus
279 1957 345 2010 irae,
367 1969 394 2002 se
403 1954 529 2016 fltictdtus
546 1956 639 2002 audeat

92 2038 199 2084 medere.
234 2033 327 2083 Statius
343 2033 379 2081 11.
398 2032 491 2081 Silus.
509 2032 548 2079 61.
574 2034 639 2090 Quis

91 2116 170 2173 rade,
189 2120 216 2163 et
236 2115 372 2162 abscissum
389 2113 487 2160 irriseris
504 2113 639 2159 quiritanti·

92 2195 139 2240 lms
151 2207 244 2255 aequat·
271 2193 341 2240 Fecit
352 2191 416 2238 iter?
432 2191 573 2251 solidaeque
584 2193 640 2252 pios

92 2273 194 2320 telluris
211 2272 325 2318 aluataos
351 2270 463 2330 Expulit
483 2270 511 2316 iu
525 2269 638 2331 fluetus,

49 2377 54 2387 ·
89 2353 226 2414 pelaqaque
249 2351 354 2398 iteratisit
379 2351 491 2396 hiantes?
526 2348 576 2396 Ubi
602 2349 637 2397 le·

92 2431 203 2492 gendum
220 2429 301 2492 potius
315 2429 404 2476 biauti.
440 2427 534 2477 Seneca
547 2428 572 2475 in
586 2429 638 2476 Me·

91 2511 139 2557 dea
155 2510 212 2558 335.
239 2511 310 2558 Beate
321 2508 426 2570 dissepti
432 2506 539 2570 foedera
553 2509 641 2556 retundi

95 2589 191 2636 Traxit
206 2590 235 2636 iu
251 2603 329 2635 uuum
345 2587 467 2634 Thessala
479 2586 562 2646 pinus.
591 2585 639 2633 At-

92 2681 141 2728 que
158 2667 266 2716 Statium
282 2671 307 2714 et
324 2665 444 2714 Senecam
460 2665 509 2712 iam
527 2663 568 2711 alii
581 2677 639 2711 cum

92 2747 198 2795 Horatio
223 2750 440 2808 comparaverunt,
465 2744 539 2791 etiam
564 2745 639 2792 Bent-

92 2825 168 2882 leius,
190 2825 309 2874 Senecam
331 2823 411 2870 minus
431 2829 495 2870 recte
512 2823 638 2886 accipiens.

93 2905 271 2954 Dissociabilis
295 2903 368 2951 hodie
392 2909 490 2950 tantum
516 2902 640 2951 iuvenitur

92 2983 117 3029 in
136 2982 218 3030 Taciti
235 2982 322 3045 Agric.
344 2981 393 3029 III.
429 2981 515 3028 Nerua
543 2981 638 3029 Caesar

92 3076 133 3109 res
152 3063 212 3110 aliar
231 3061 399 3110 dissociabiles
415 3060 530 3118 uitiauit,
545 3060 638 3121 priuci-

92 3146 184 3203 patum
200 3145 226 3189 et
234 3141 381 3188 libertatem.
407 3139 441 3186 Iar
454 3138 555 3186 Tacitus
572 3147 640 3186 amat

92 3218 216 3266 vocabula
233 3223 259 3265 et
275 3216 394 3264 formulas
412 3217 508 3265 dicendi
524 3217 640 3279 politicas,

91 3312 123 3345 ex
141 3297 247 3345 Horatio
263 3310 361 3359 quoque
380 3296 464 3358 petita.
498 3296 583 3359 Atque
600 3297 640 3344 hic

92 3377 176 3426 Taciti
192 3378 261 3425 locus
278 3383 303 3426 et
317 3377 343 3424 in
364 3376 462 3424 Lexicis
483 3383 594 3433 notatus,
615 3383 640 3424 et

92 3472 107 3504 a
131 3456 247 3504 Bentleio
271 3455 388 3503 laudatus
413 3462 458 3503 est.
500 3455 536 3504 Ut
562 3454 639 3517 igitur

91 3537 245 3600 principatus
265 3542 290 3585 et
313 3536 414 3584 libertas
440 3541 498 3584 sunt
522 3536 639 3584 ausaau-

91 3618 167 3672 biles,
186 3615 222 3662 ita
240 3620 265 3662 et
286 3613 400 3664 Oceanus
421 3621 446 3662 ct
468 3621 554 3662 terrae.
589 3613 639 3661 Ho-

91 3694 172 3742 ratius
202 3693 264 3741 dixit
291 3694 409 3759 absm'dit'
423 3698 506 3741 terras
542 3694 640 3740 Oceano

91 3772 260 3829 dissociabili,
279 3770 322 3819 ubi
338 3771 408 3820 facile
426 3770 573 3834 intelligitur
591 3772 639 3819 dis·

90 3850 208 3900 sociabili
224 3866 281 3900 eunt
303 3853 386 3898 terris.
421 3850 464 3898 Ad
486 3851 533 3898 hoc
554 3865 637 3898 exem·

89 3932 165 3994 plum
195 3930 284 3979 Latine
314 3930 394 3978 dicere
417 3943 543 3992 possemus
569 3945 592 3976 v.
618 3944 638 3978 c.

93 4011 214 4059 Tiberius
233 4011 374 4060 libertate-m
393 4025 410 4057 a
425 4009 573 4072 principatu
590 4010 639 4057 dis·

89 4089 207 4138 sociabili
231 4089 346 4137 abscidit.
388 4087 438 4148 Qui
463 4087 556 4134 scilicet
583 4099 639 4133 cum

89 4169 208 4217 libertate
225 4168 312 4216 sociari
328 4182 377 4216 nou
394 4167 477 4230 possit.

126 4248 225 4296 Audax
241 4247 325 4296 amaia
341 4248 446 4310 perpeti.
477 4246 572 4294 Eadem
590 4244 641 4294 fere

90 4325 229 4382 sententia,
252 4341 317 4389 quae
352 4326 399 4373 Nil
424 4325 572 4374 mortalibus
599 4339 640 4371 ar-

684 1640 843 1703 Quamquam
865 1642 965 1689 mutatis
987 1641 1123 1696 vocabulis,
1145 1649 1228 1689 tamen

683 1720 770 1768 eadem
787 1734 825 1768 res
842 1720 873 1767 ed
890 1719 1015 1768 fastidium
1033 1722 1143 1768 recurrit.
1178 1720 1227 1770 Ou-

684 1798 800 1862 dendorp.
823 1799 922 1848 volebat
947 1799 986 1847 hic
1011 1814 1079 1848 areas
1107 1801 1229 1855 bumana,

683 1878 749 1938 quod
766 1880 790 1926 in
808 1878 885 1928 MSS.
903 1878 992 1941 reperit
1009 1878 1161 1927 Torrentius.
1196 1880 1230 1927 Et

684 1970 755 2018 saepe
777 1972 844 2005 aiau
866 1963 890 2004 et
905 1971 963 2019 qears
984 1957 1009 2004 in
1031 1956 1109 2006 MSS.
1131 1971 1229 2018 permu-

684 2042 780 2084 tantur:
798 2051 820 2083 v.
839 2036 927 2083 Burm.
945 2035 976 2082 ed
988 2035 1091 2083 Patron.
1106 2035 1160 2084 lll.
1180 2036 1229 2086 Sed

684 2131 748 2178 quae
764 2130 833 2164 mens
854 2116 1009 2178 perpetitur,
1030 2129 1060 2163 ea
1080 2116 1158 2178 vulgo
1179 2131 1228 2163 non

684 2201 742 2242 sunt
758 2195 784 2242 in
801 2193 950 2241 facinoribus
968 2209 983 2240 a
994 2193 1152 2250 Prometheo,
1164 2195 1229 2242 Dae-

684 2273 741 2320 dalo
758 2280 782 2320 ct
799 2273 908 2320 Hercule
925 2273 1034 2335 patratis,
1069 2273 1230 2321 Incommode

683 2352 741 2400 hinc
758 2359 812 2400 orta
827 2366 928 2414 corpore
945 2351 1052 2414 perpessi
1068 2358 1134 2399 sunt.
1166 2355 1228 2399 Per-

682 2434 735 2494 peti
746 2439 838 2488 autem,
850 2438 879 2478 ut
890 2444 970 2493 neque
979 2430 1101 2480 Graecum
1112 2430 1228 2492 πάσχειν,

684 2525 734 2559 nou
751 2511 881 2559 adhibetur
897 2523 942 2571 pro
959 2509 1062 2571 simplici
1072 2508 1174 2571 jacere,
1187 2509 1228 2557 scd

684 2604 779 2652 semper
791 2589 928 2652 plurimum
940 2588 1043 2635 notionis
1055 2587 1167 2650 propriae
1179 2600 1228 2634 sar-

684 2675 734 2716 vat.
760 2669 850 2731 Neque
867 2668 996 2716 Romanus
1013 2680 1122 2728 uuquam
1134 2665 1230 2728 scripsit

684 2749 788 2795 uetitum
799 2745 880 2810 assas.
913 2746 998 2794 Ruere
1009 2760 1055 2807 per
1063 2744 1111 2808 fas
1124 2751 1148 2793 et
1156 2744 1230 2808 aej'ais

684 2826 803 2873 Latinum
814 2832 857 2873 est.
884 2825 979 2873 Lucan.
991 2824 1025 2873 V.
1037 2825 1094 2872 312.
1104 2839 1151 2885 per
1161 2839 1231 2872 orizae

686 2907 785 2966 Fasque
805 2904 925 2968 nefasque
946 2904 1008 2951 ruis.
1042 2902 1147 2962 Quintil.
1181 2902 1229 2949 De·

685 2983 757 3031 clam.
776 2984 825 3032 III.
843 2983 866 3033 7.
893 2985 946 3030 Per
956 2985 1064 3030 vulnera
1076 2983 1133 3044 ipsa
1145 2987 1231 3030 rueret

685 3066 719 3111 acl
743 3064 898 3125 paenitendas
926 3063 1064 3124 autplexus.
1107 3061 1229 3109 Prudeut.

685 3140 823 3203 Peristeph.
845 3140 879 3189 X.
902 3142 956 3190 515,
999 3141 1092 3190 Carnis
1113 3142 1231 3202 voluptas

684 3235 754 3269 aritae
770 3237 815 3282 per
836 3220 909 3283 nefas
929 3221 990 3268 ruit.
1025 3219 1112 3280 Neque
1134 3224 1230 3265 rectum

685 3314 737 3348 esse
753 3314 842 3361 negem
858 3314 932 3347 ruem
947 3313 993 3359 per
1009 3299 1126 3354 uetitum,
1144 3311 1229 3358 quam-

685 3393 760 3440 quam
778 3378 909 3428 Claudian.
928 3376 963 3425 Il.
980 3376 1006 3423 iu
1017 3377 1121 3437 Eutrop.
1133 3376 1173 3423 52.
1192 3378 1231 3422 Et

684 3459 781 3506 ruitis
798 3457 914 3513 uetitum,
931 3469 1008 3518 quum
1025 3454 1144 3517 potuisset
1178 3457 1231 3503 Per

684 3538 836 3598 vetitumque
852 3537 914 3584 ruit.
940 3534 1066 3585 Orientius
1082 3533 1230 3584 Commonit.

684 3613 706 3661 I.
742 3616 813 3662 Dum
838 3615 917 3677 maqis
942 3615 970 3662 io
997 3614 1102 3662 uetitum
1131 3614 1231 3660 ruinius

684 3695 846 3756 cupimusque
861 3699 958 3756 aeqata.
986 3690 1057 3742 Ovid.
1075 3693 1124 3742 III.
1143 3692 1230 3740 Amor.

685 3772 708 3820 4.
735 3773 852 3820 Nitimur
866 3773 894 3821 iu
909 3773 1020 3820 uetitum.
1048 3770 1131 3833 Nefas
1146 3776 1231 3816 autem

685 3855 709 3899 et
725 3852 831 3899 uetitum
848 3858 907 3898 sunt
918 3851 1020 3899 diversa.
1044 3849 1118 3909 Quod
1131 3847 1230 3897 Ouden-

686 3928 754 3991 dorp.
772 3929 846 3977 etiam
863 3928 975 3984 offendit,
992 3928 1035 3989 qui
1051 3927 1142 3975 indicet
1160 3926 1230 3975 Serv.

686 4008 717 4054 ad
735 4008 755 4056 Ι.
773 4006 864 4069 Georg.
885 4007 942 4054 269.
965 4004 1104 4053 Miscellau.
1126 4002 1229 4052 Observ.

686 4086 718 4133 V.
745 4087 769 4133 8.
795 4100 851 4147 pag.
876 4086 929 4132 191.
962 4085 1050 4131 Burm.
1076 4083 1108 4130 ad
1129 4081 1231 4129 Patron.

686 4179 738 4228 cap.
758 4164 811 4213 108.
829 4171 853 4212 et
869 4164 969 4226 interpr.
987 4161 1231 4211 adiacentem:

686 4250 710 4292 et
731 4244 861 4306 repudiata
885 4242 991 4291 aliorum
1016 4242 1158 4290 coniectura
1181 4242 1232 4304 ipse

664 4381 666 4395 q
685 4322 747 4384 legit
764 4339 808 4385 per
825 4324 929 4372 veetiam
945 4323 972 4368 ia
984 4320 1064 4384 aeftre.
1089 4321 1231 4383 Ingeniosa!

1049 4401 1097 4464 2ii
