2916 5220
553 301 728 363 Llnnn
778 301 800 361 I.

295 486 383 570 Ergo
414 484 634 564 Quinctilium
660 487 835 568 perpetuus
860 504 955 567 sopor

294 589 419 672 Urget?
443 587 495 652 cui
519 586 685 651 Puderet
710 586 860 651 Iustitiae
883 608 972 650 soror

294 692 486 776 incorrupta
510 689 608 754 Fides
633 688 785 773 nudaque
813 689 958 770 Veritas,

384 793 521 872 erando
544 792 651 856 ullum
676 791 847 856 invenient
869 797 1002 876 parem?

294 898 410 962 Multis
442 897 499 961 ille
522 896 617 960 bonis
641 895 762 960 flebilis
787 895 923 959 occidit:

292 999 385 1064 Nulli
409 998 566 1081 flebilior,
591 1019 689 1082 quam
714 998 794 1079 tibi,
819 997 949 1082 virgili.

110 1155 172 1204 riht:
193 1153 285 1216 pudeat
301 1161 332 1201 te.
354 1152 395 1200 Ita
411 1151 502 1201 centies
520 1150 584 1213 apud
602 1151 658 1213 po‘e-
704 1149 753 1196 Cui
771 1151 861 1198 Podar
881 1157 905 1199 et
931 1152 1040 1199 Iustitia
1062 1159 1087 1200 et
1107 1167 1176 1200 soror
1202 1155 1246 1200 Iu·

110 1240 164 1288 tas,
189 1248 240 1280 uon
263 1233 345 1294 pudor
366 1237 415 1287 ert,
443 1233 467 1278 rt
495 1233 551 1293 qula
571 1232 659 1292 pudor.
700 1233 824 1289 carrrrpta
842 1229 925 1277 Fides.
952 1228 1104 1289 Quinctilius
1122 1236 1245 1292 cratque-

111 1310 291 1359 Emendandus
308 1310 347 1358 hic
364 1318 401 1358 est
421 1311 518 1359 Lucani
536 1310 583 1359 IX.
601 1311 658 1360 706.
701 1321 748 1368 que
765 1307 906 1354 laudandus
923 1316 1021 1370 propter
1039 1307 1170 1357 Iustitiam.
1192 1309 1246 1357 Ηοι·

111 1392 164 1438 Sed
178 1391 236 1452 quir
256 1391 307 1438 erit
328 1390 396 1438 lucri
416 1392 486 1438 nebu
506 1391 603 1451 pudor?
629 1388 659 1436 In
701 1384 848 1447 intelligitur
871 1387 969 1449 quidem
992 1402 1023 1435 cx
1041 1388 1166 1450 vulgans,
1189 1390 1247 1450 quia

111 1467 189 1517 MSS.
208 1466 334 1515 nonnullis
351 1481 396 1529 pro
412 1469 481 1516 rabir
502 1467 595 1529 legitur
612 1485 660 1516 aro·
701 1477 796 1512 sorores
813 1464 874 1512 istae
890 1480 947 1514 vcro
964 1473 1022 1514 sunt
1039 1481 1144 1523 sorores,
1161 1469 1245 1516 eadem

111 1549 158 1594 aar
183 1554 209 1595 et
231 1549 319 1596 prodas.
342 1546 440 1596 Scribe:
464 1544 515 1595 Sed
534 1548 590 1608 quia
611 1548 661 1595 erit
702 1542 791 1590 volunt
807 1551 832 1591 et
849 1543 951 1593 nolunt:
969 1546 1011 1593 scd
1028 1560 1077 1594 non
1094 1553 1145 1594 tam
1158 1547 1247 1594 diserte

111 1627 191 1674 lucris
208 1628 294 1674 modus
307 1631 333 1674 et
347 1627 444 1687 pudor?
471 1624 562 1672 Modus
584 1627 661 1673 lucris
700 1621 831 1670 indicatur.
857 1623 943 1686 Atque
960 1624 1023 1672 illud
1042 1627 1117 1674 Fides
1132 1631 1157 1674 et
1178 1641 1248 1674 saror

111 1710 137 1750 et
161 1703 241 1765 pudor
258 1705 333 1752 nobis,
368 1703 458 1751 Modus
483 1705 560 1752 lucris
585 1718 659 1766 quam
702 1699 810 1746 Iustitia
819 1700 900 1749 Simile
908 1708 945 1749 est
957 1701 1022 1750 [licto
1030 1701 1134 1751 Pindari
1145 1701 1246 1766 Olymp.

111 1781 658 1844 lucrorumvideturmagisLatinum,quam·
702 1775 778 1824 XIII.
797 1778 820 1826 6.
856 1779 884 1827 ἐν
906 1781 941 1844 τᾷ
959 1781 1007 1845 γὰρ
1033 1783 1147 1846 Εὐνομία
1169 1784 1246 1845 ναίει,

111 1877 188 1924 quam
205 1868 231 1909 et
252 1862 347 1909 Lucan.
366 1861 388 1909 Ι.
408 1862 447 1910 32.
479 1862 559 1920 Quem
577 1868 660 1909 tamea
702 1855 849 1920 κασίγνηταί
868 1875 905 1917 fb
922 1858 1024 1924 βάθρον
1046 1861 1145 1910 πολίων
1163 1862 1246 1926 ἀσφα-

113 1940 225 1989 e'aceniet
253 1946 306 1987 tam
335 1941 407 2001 leuca
429 1940 543 2001 potentia
566 1939 661 2000 fluctu?
701 1932 753 1996 λές,
771 1937 833 1984 Δίκα
846 1939 887 1986 καὶ
901 1938 1043 2003 ὁμότροπος
1056 1940 1164 2006 Lipara,
1178 1943 1246 2007 Χρύ-

115 2019 181 2076 Quis
197 2019 317 2066 scelerum
333 2020 418 2067 arodus
434 2021 484 2067 esti
509 2017 559 2065 Ilio
574 2019 661 2066 sceleri
702 2031 756 2061 σεαί
774 2014 861 2073 παῖδες
878 2017 1002 2080 εὐβούλου
1024 2018 1134 2083 θὲμιτος-
1171 2021 1246 2070 Clau-

111 2111 162 2144 non
185 2097 244 2144 satis
265 2095 360 2145 fuisset.
394 2097 454 2146 Ideo
474 2103 499 2145 et
523 2096 555 2144 N.
573 2096 660 2144 Heius.
702 2091 767 2140 dian.
785 2094 816 2143 de
833 2096 913 2144 Laud.
933 2097 1029 2146 Stilich.
1039 2098 1075 2146 11.
1086 2100 1142 2150 373.
1160 2101 1245 2149 lictor·

112 2176 144 2223 ad
163 2173 235 2224 Ovid.
253 2176 317 2224 VII.
337 2175 439 2225 Heroid.
460 2175 513 2223 160.
531 2175 660 2238 praetulit:
701 2187 748 2232 qne
766 2171 853 2221 Metus
868 2190 925 2224 curn
935 2176 1027 2238 fratre
1051 2179 1156 2226 Timore.
1186 2178 1246 2227 Cac-

114 2255 223 2303 Damaia
234 2255 267 2302 ait
278 2257 363 2303 raedas
374 2257 418 2303 ille
429 2257 494 2314 tuta,
502 2269 552 2302 non
563 2255 660 2311 datram,-
702 2255 782 2298 terum
792 2252 923 2316 illastirpis
932 2256 1166 2318 Prosopopoeialate
1171 2266 1246 2320 patet.

113 2334 162 2381 vid.
179 2333 301 2382 Burman.
319 2334 377 2382 Non
389 2332 660 2394 tamencrcdopoetam
701 2330 853 2392 Exemplum
871 2333 917 2379 hoc
937 2333 1012 2381 habet
1028 2333 1140 2382 Rutilius
1157 2337 1245 2398 Lupus

113 2419 227 2460 nostrum
252 2420 304 2460 tam
328 2428 418 2476 parum
443 2413 533 2461 Latine
554 2409 660 2468 scivisse,
701 2409 736 2457 ΙΙ.
754 2426 778 2472 p.
787 2412 826 2458 90.
846 2413 914 2459 Nam
924 2427 981 2460 cum
997 2414 1157 2462 crudelitatis
1167 2422 1247 2463 mater

113 2493 155 2542 sed
174 2493 292 2541 voluisse:
318 2493 382 2551 Ques
401 2493 484 2555 pudor
501 2496 547 2539 aut
564 2492 660 2547 aradus,
701 2493 737 2536 ert
754 2492 880 2550 (auaritia,
897 2495 1007 2552 atpater
1017 2490 1109 2554 furor,
1127 2494 1244 2554 haecfa-

113 2571 153 2621 vel
170 2571 265 2635 potius:
287 2577 312 2621 et
337 2573 423 2620 medua
443 2572 479 2619 ait
494 2571 523 2618 e'a
539 2570 660 2618 demderr'o
701 2568 782 2616 circom'
809 2570 943 2617 coniuncta
970 2570 1043 2631 parit
1067 2571 1164 2619 odtum:
1189 2573 1247 2619 tude

115 2660 166 2698 tarn
183 2651 235 2698 cari
251 2651 350 2712 capitis,
367 2650 394 2697 in
408 2656 493 2698 morte.
511 2649 552 2696 Ita
567 2647 660 2697 Accius
701 2648 760 2694 item
777 2649 893 2696 nascitur
904 2649 1016 2696 exitium.
1034 2649 1128 2698 Eodem
1141 2651 1247 2712 pertinet

114 2728 180 2792 apud
197 2727 339 2778 charisium
356 2745 380 2792 p.
397 2729 438 2779 70.
464 2729 576 2786 Quinam
592 2727 659 2774 Taa-
701 2723 770 2772 locus
786 2724 911 2774 Circronis
927 2727 1050 2776 Paradox.
1068 2728 1116 2777 VI.
1136 2730 1156 2776 l.
1194 2730 1246 2788 Qua·

114 2810 256 2857 talidarum
272 2807 439 2855 iateraeca'aae
454 2805 541 2852 aradae
557 2805 601 2852 stt.
620 2802 661 2852 Sic
701 2821 751 2854 aaa
765 2805 841 2867 filiae
864 2808 965 2868 plures,
989 2810 1032 2857 red
1054 2809 1247 2858 tanumeraba'les

114 2888 180 2935 enim
206 2887 240 2934 ibi
264 2885 396 2948 legendum
416 2896 462 2946 pro
485 2881 661 2939 internecioni,
702 2884 852 2945 cupiditates
869 2887 955 2946 tabet,
972 2902 1036 2948 quae
1053 2888 1121 2936 breui
1138 2892 1246 2951 tempore

113 2966 213 3014 erudita
228 2978 318 3013 manus
335 2963 474 3011 annotavit:
492 2967 520 3008 ut
532 2961 564 3008 sit
576 2974 661 3008 versus
701 2964 825 3012 praeimus
832 2966 1162 3029 copiarealmurtrepaasiut.
1172 2967 1245 3028 Quod

115 3044 229 3093 heroicus
245 3042 353 3092 exAccii
361 3040 516 3096 Annalibus,
531 3054 563 3087 ex
571 3038 660 3102 quibus
701 3041 762 3088 mihi
778 3041 804 3089 in
824 3042 968 3091 memoriam
985 3051 1084 3091 revocat
1100 3059 1244 3108 responsum

115 3123 258 3171 Priscianus
283 3138 339 3186 pag
362 3121 418 3171 708.
445 3119 532 3167 laudat
553 3118 660 3166 alterum
701 3120 819 3169 Richardi
836 3121 1022 3170 Thumolcontis
1039 3125 1124 3172 datam
1140 3124 1246 3175 Falconi

114 3202 297 3251 hexametrum.
314 3198 398 3248 Etiam
414 3198 460 3246 hoe
471 3196 532 3244 mihi
547 3197 659 3244 iniucun-
701 3201 726 3247 in
745 3198 825 3248 Gestis
841 3183 1041 3250 InnocentiIIII:
1059 3203 1172 3252 “Audite
1183 3220 1244 3253 conr·

115 3282 176 3329 dum
202 3281 302 3340 accidit,
327 3279 393 3342 quod
417 3278 456 3326 hic
483 3277 588 3339 legimus
608 3279 662 3338 quir
702 3279 859 3328 amaitr'aaem
876 3282 950 3327 hatur
970 3282 1127 3343 hypocritae,
1145 3283 1189 3343 qui
1205 3285 1243 3331 di-

113 3363 199 3422 pudor
218 3361 251 3408 rit
272 3363 301 3408 ia
321 3358 456 3412 decidert'o,
481 3362 506 3403 et
522 3355 606 3403 statim
626 3370 661 3405 se·
702 3358 738 3405 cit
755 3372 793 3404 me
810 3359 899 3406 habere
916 3365 966 3407 trec
975 3360 1050 3421 filiae
1064 3363 1194 3422 pessimas,
1210 3364 1245 3410 οἱ·

115 3438 203 3502 quitur
221 3440 318 3497 Pudor,
335 3436 421 3485 virtus.
702 3436 952 3497 delicetruperbe'am,
962 3439 1127 3500 cupiditatem
1139 3445 1164 3487 et
1173 3441 1246 3488 lucu-

152 3520 223 3583 Erpa
241 3517 405 3570 Quinctilium
426 3521 562 3578 perpetuae
583 3530 663 3578 sopor.
703 3516 782 3575 riam,
799 3519 823 3562 et
837 3516 1185 3577 praecipitateaamara'tem.
1204 3523 1247 3570 Do

117 3599 149 3647 In
171 3611 263 3661 magno
283 3596 368 3644 dolore
392 3610 449 3658 erpo
473 3593 571 3642 initium
592 3609 664 3656 saepe
702 3593 782 3655 icitur
797 3595 940 3655 superbiam
955 3600 1157 3660 areaarauperbr's
1177 3601 1246 3649 Tem-

117 3685 156 3728 est
171 3675 296 3726 orationis.
308 3662 453 3738 Propertius
462 3673 512 3722 III.
522 3674 546 3724 7.
559 3675 579 3721 1.
595 3675 664 3735 Erpa
701 3673 807 3734 plactis,
827 3678 853 3720 et
872 3675 1035 3736 cupiditatem
1056 3693 1136 3726 aream
1161 3695 1246 3728 tramea-

116 3759 244 3806 aollmitae
264 3761 293 3803 tu
312 3769 402 3804 caussa
422 3755 530 3817 pecunia
546 3755 614 3801 citae
630 3767 663 3802 ea.
704 3752 757 3798 chia
777 3752 807 3800 de
826 3753 913 3801 ardiae
935 3753 1107 3813 Cisterciarre',
1128 3762 1153 3804 et
1174 3759 1246 3805 tuaa-

118 3835 170 3885 111.
191 3835 233 3883 22.
257 3836 277 3882 l.
314 3837 385 3896 Erpa
410 3839 463 3882 tam
490 3835 576 3882 doctae
595 3835 665 3882 nobie
705 3831 771 3878 riam
786 3847 865 3880 amam
881 3833 1004 3894 praelatis
1020 3834 1217 3883 Ecclesiarum.”

116 3916 215 3978 periere
231 3915 344 3962 tabellae.
362 3910 433 3961 ovid.
443 3911 493 3960 ΠΙ.
510 3912 586 3960 Trist.
598 3911 622 3959 2.
643 3914 664 3960 l.
739 3911 835 3967 Multis
850 3911 894 3958 ille
910 3910 1076 3972 bmtcflebr'lr'r
1087 3914 1184 3961 occidit.
1202 3913 1249 3962 Bo-

119 3995 192 4058 Erpa
216 3999 273 4043 erat
293 3996 322 4042 ia
336 3993 406 4055 fatie
426 3993 556 4055 Scythiam
572 3980 667 4056 q'uoque
706 3990 746 4038 aie
762 3990 835 4037 etiam
852 3989 919 4049 apud
935 3987 1098 4037 Priscianum.
1117 3988 1171 4037 Alii
1187 3993 1249 4039 mul·

118 4076 201 4123 virere
216 4075 314 4122 austria.
707 4071 739 4117 tr'r
755 4070 798 4117 ille
813 4068 918 4128 quidem.
936 4065 1018 4114 Maior
1032 4067 1089 4115 laus
1106 4070 1173 4117 bonae
1189 4071 1250 4117 oeci·

155 4152 207 4200 Cui
224 4154 315 4201 Pudor
330 4157 355 4200 et
365 4152 487 4199 Iustitiae
499 4165 568 4200 soror
576 4154 665 4202 Iacer·
707 4149 771 4196 disse
787 4145 904 4202 flebilem,
921 4159 996 4207 quam
1014 4147 1107 4194 multis.
1125 4147 1159 4195 Et
1176 4149 1250 4197 simul

119 4237 201 4294 rupta
231 4231 311 4280 Fides.
355 4229 444 4278 Laudo
472 4231 667 4280 emendationem
709 4229 831 4292 Virgilius
847 4229 873 4276 in
889 4228 958 4276 bonis
974 4235 1095 4278 censetur.
1123 4228 1251 4277 Ammian.

121 4311 153 4362 G.
171 4310 298 4360 Waddelii
315 4311 340 4358 iu
357 4310 493 4359 Animadv.
512 4309 572 4360 Crit.
591 4327 614 4374 p.
629 4313 668 4360 44.
708 4308 957 4359 Marcellinxxxr.
968 4323 992 4372 p.
1005 4309 1060 4357 495.
1072 4309 1168 4358 Cecidit
1173 4309 1252 4371 prim·

1097 4391 1115 4452 6
