2916 5220
320 314 536 378 CARMEN
571 314 872 379 GNOMICUM.

236 593 466 652 Desiderantcm
486 597 568 670 quod
588 599 662 654 satis
683 608 729 654 est
749 615 848 670 neque

237 688 468 747 Tumultuosum
489 692 634 748 sollicitat
653 710 751 762 mare,

276 784 343 840 Nec
364 804 473 842 saevus
494 787 620 842 Arcturi
641 787 778 844 cadentis

316 880 452 954 Impetus
473 891 527 938 aut
548 882 674 938 orientis
695 881 810 951 Hoedi‚

235 975 305 1032 Nou
327 978 507 1033 verberatae
527 978 675 1051 grandine
702 978 809 1033 vineae

237 1071 421 1144 Fundusque
442 1073 587 1140 mendax,
608 1074 717 1129 arbore
739 1091 820 1129 nunc
840 1091 934 1146 aquas

279 1163 450 1240 culpante,
472 1185 552 1224 nunc
573 1168 722 1224 torrentia
742 1185 832 1241 agius

318 1259 446 1331 Sidera,
468 1279 549 1317 nunc
569 1262 683 1318 hiemes
704 1260 835 1334 iniquas.

238 1449 353 1521 Quodsi
374 1450 526 1506 dolentem
547 1469 603 1506 nec
624 1450 778 1525 Phrygius
798 1450 876 1525 lapis

237 1546 304 1603 Nec
326 1565 529 1622 purpurarum
549 1547 648 1603 sidere
669 1548 780 1604 clarior

278 1640 403 1697 Delenit
422 1660 495 1697 usus
515 1659 572 1697 nec
593 1641 725 1698 Falerna

317 1737 398 1793 Vitis
418 1737 717 1810 Achaemeniumque
739 1745 869 1794 costum:

239 1831 302 1890 Cur
322 1833 493 1889 invidendis
513 1833 651 1907 postibus
671 1841 703 1889 et
721 1851 801 1889 novo

239 1927 374 1986 Sublime
395 1927 458 1984 ritu
477 1927 585 1983 moliar
605 1924 736 1983 atrium?

280 2021 343 2080 Cur
363 2023 442 2079 valle
464 2031 632 2097 permutem
654 2021 769 2080 Sabina

321 2117 454 2174 Divitias
476 2114 684 2192 operosiorcs?

243 2312 410 2386 Angustam
431 2312 527 2368 amice
548 2310 725 2385 pauperiem
745 2310 810 2384 pati

240 2408 394 2465 Robustus
415 2408 478 2463 acri
499 2407 607 2463 militia
627 2424 705 2481 puer

280 2502 463 2575 Condiscat‚
486 2511 518 2560 et
536 2502 668 2558 Parthos
689 2501 805 2558 feroces

320 2598 424 2655 Vexet
443 2616 536 2672 eques
558 2597 737 2654 metuendus
756 2598 858 2653 hasta:

242 2693 402 2767 Vitamque
424 2694 481 2750 sub
503 2693 574 2749 divo
595 2700 626 2748 et
646 2691 773 2766 trepidis
794 2699 866 2766 agat

241 2789 278 2845 In
299 2791 401 2846 rebus.
434 2789 526 2845 Illum
548 2808 587 2845 ex
608 2788 766 2845 moenibus
787 2787 911 2844 hosticis

281 2884 426 2941 Matrona
446 2884 591 2941 bellantis
612 2882 736 2958 tyranni

320 2980 515 3055 Prospiciens
538 2988 569 3036 et
589 2979 694 3035 adulta
715 2978 801 3052 virgo

242 3074 393 3149 Suspirat,
415 3072 506 3130 eheu!
530 3093 568 3130 ne
588 3073 672 3129 rudis
698 3073 850 3146 agminum

243 3169 378 3244 Sponsus
399 3170 529 3226 lacessat
548 3167 650 3242 regius
670 3185 812 3240 asperum

213 3294 216 3299 ⁴
282 3264 381 3320 Tactu
401 3265 535 3334 leonem,
557 3281 647 3337 quem
668 3270 794 3318 cruenta

322 3360 384 3415 Per
404 3359 519 3415 medias
541 3358 622 3432 rapit
641 3357 688 3413 ira
710 3357 827 3413 caedes.

242 3549 341 3605 Dulce
364 3558 395 3606 et
416 3551 558 3606 decorum
580 3557 626 3605 est
646 3568 701 3624 pro
723 3548 824 3623 patria
845 3548 935 3604 mori:

243 3646 328 3702 Mors
350 3655 381 3703 et
401 3647 539 3720 fugacem
560 3645 754 3719 persequitur
776 3645 888 3716 virum,

283 3740 350 3797 Nec
370 3741 470 3815 parcit
488 3740 618 3797 imbellis
638 3740 781 3797 iuventae

323 3836 496 3911 Poplitibus
517 3835 683 3909 timidoque
705 3844 799 3908 tergo.

242 3930 372 3987 Milesne
395 3929 497 3988 Crassi
518 3930 644 4004 coniuge
665 3930 796 3986 barbara

245 4026 355 4101 Turpis
376 4027 502 4083 maritus
523 4026 619 4096 vixit,
642 4034 673 4082 et
692 4023 837 4093 hostium,

283 4123 365 4179 Proh
387 4121 481 4180 Curia
501 4122 673 4194 inversique
695 4118 806 4176 mores!

326 4215 492 4275 Consenuit
512 4235 684 4275 socerorum
704 4216 735 4271 in
757 4214 861 4283 armis,
