2916 5220
582 334 754 396 LIBllli
800 334 857 396 IV.

338 521 479 584 Rectum
501 519 654 604 evaganti
678 518 769 583 frena
792 518 943 584 licentiae

381 621 499 686 inierit
522 622 707 706 emovitque
731 622 843 707 culpas

431 723 475 788 nt
498 734 622 789 veteres
646 725 811 789 revocavit
833 733 935 807 artes,

339 828 402 892 Per
425 849 505 912 quas
530 827 686 891 Latinmn
710 849 829 892 nomen
857 835 890 892 et
913 829 1016 893 Italae

339 930 474 995 Crevere
497 931 582 996 vires
613 931 764 1016 famaque
788 936 821 995 et
843 931 958 1016 imperi

384 1033 537 1097 Porrecta
559 1033 714 1098 maiestas
738 1033 779 1097 ad
803 1039 911 1097 ortum

430 1135 514 1200 Solis
538 1136 579 1201 ab
604 1136 765 1221 Hesperio
788 1136 898 1201 cubili.

340 1237 484 1302 Custode
507 1260 614 1302 rerum
639 1238 794 1321 Caesare,
819 1261 884 1302 non
908 1239 998 1304 furor

337 1340 452 1406 Oivilis
481 1348 539 1406 aut
563 1341 611 1406 vis
636 1342 758 1407 eximet
779 1343 902 1424 otium,

380 1442 454 1506 Non
480 1443 544 1525 ira,
570 1465 652 1527 quae
676 1444 828 1528 procudit
851 1466 944 1509 enses

428 1547 473 1610 Et
495 1546 631 1611 miseras
655 1546 804 1612 inimicat
826 1547 930 1612 urbes.
1081 1632 1084 1636 .

335 1650 425 1731 Non,
450 1653 504 1734 qni
520 1648 719 1734 profundum
741 1649 924 1715 Danubium
947 1650 1067 1732 bibunt,

338 1752 457 1817 Edicta
479 1763 625 1838 rumpent
647 1753 753 1835 Incliu,
778 1776 840 1818 non
870 1754 982 1836 Getae,

380 1856 455 1920 Non
479 1857 572 1921 Seres
603 1857 727 1942 infidiue
749 1859 890 1939 Persae,

425 1960 501 2024 Non
528 1961 654 2024 Tanain
671 1982 777 2046 prope
786 1960 912 2044 flumen
935 1965 1005 2025 orti.

338 2061 470 2146 Nosque
493 2067 526 2127 et
548 2063 701 2148 profestis
724 2063 853 2128 lucibus
878 2070 911 2128 et
934 2063 1050 2144 sacris,

340 2164 430 2228 Inter
454 2165 554 2230 iocosi
578 2188 714 2231 munera
738 2166 862 2248 Liberi,

383 2267 467 2332 Cum
490 2268 580 2352 prole
603 2268 826 2353 matronisque
849 2268 989 2349 nostris,

429 2371 506 2436 Rite
530 2371 616 2436 Deos
640 2372 731 2457 prius
755 2372 937 2456 apprecati,

340 2473 471 2538 Virtute
494 2474 643 2557 functos,
668 2497 757 2540 more
779 2480 927 2559 patrum,
952 2475 1066 2556 duces,

339 2575 440 2660 Lydis
463 2577 603 2643 remixto
627 2578 770 2642 carmine
793 2578 900 2661 tibiis,

382 2679 573 2766 Troiamque
597 2686 631 2746 et
652 2681 821 2746 Anchisen
844 2687 878 2745 et
900 2682 1006 2746 almae

428 2784 625 2869 Progeniem
648 2783 787 2850 Veneris
810 2806 972 2850 canemus.

158 2976 239 3023 (tuelle
258 2974 415 3036 Defunctum
432 2977 532 3038 placide
547 2979 629 3026 uiuere
646 2982 704 3025 tem·
745 2984 770 3025 et
787 2977 933 3026 Torrentius
953 2978 1099 3041 intelligunt
1115 2978 1197 3025 varias
1217 2979 1292 3040 Leqea

158 3069 207 3115 pus
223 3060 285 3102 erut.
748 3057 844 3111 Iulius,
869 3056 899 3103 de
924 3056 1069 3111 adulteriis,
1094 3055 1163 3104 alias.
1205 3057 1292 3104 Minus

197 3135 285 3182 Frena
311 3136 426 3183 licentiae
450 3137 543 3185 iniecit.
578 3135 614 3184 Ut
630 3133 705 3182 Plato
745 3133 845 3196 quidem
862 3140 938 3190 recte,
960 3133 1002 3181 sed
1023 3147 1073 3181 non
1094 3134 1196 3181 illorum
1216 3133 1293 3194 culpa

162 3211 270 3274 figurate
286 3212 386 3276 ψαλίον
403 3211 518 3274 ἐνέβαλε.
543 3212 705 3276 comparavit
745 3212 837 3273 magis,
858 3225 933 3272 quem
953 3212 1051 3273 poetae,
1069 3211 1111 3273 qui
1128 3211 1234 3260 scribere
1251 3212 1291 3259 de-

158 3291 209 3338 iam
226 3291 433 3356 Wyttenbachins
454 3293 485 3340 ad
511 3292 640 3341 Plutarch.
674 3294 704 3340 de
745 3291 839 3338 buisset
859 3305 883 3338 v.
904 3305 925 3338 c.
947 3305 996 3338 non
1012 3295 1131 3350 spernent
1146 3291 1291 3350 imperinm,

106 3371 107 3374 ’
159 3385 214 3419 sera
243 3372 276 3420 N.
305 3371 416 3419 vindicta
444 3387 501 3434 pag.
536 3373 575 3420 44.
617 3373 703 3422 Valer.
746 3372 807 3431 leym
824 3371 942 3431 Armuati.
977 3370 1098 3429 spernere
1118 3373 1143 3415 et
1159 3367 1249 3415 similia
1265 3370 1290 3416 in

159 3450 266 3499 Maxim.
282 3451 318 3500 II.
336 3452 359 3498 9.
394 3453 473 3501 Frent
487 3458 548 3500 sunt
564 3454 651 3501 iniecti
666 3468 705 3501 vo·
746 3448 789 3496 tali
808 3463 834 3496 re
851 3454 910 3496 snut
926 3448 1030 3510 propria.
1056 3446 1146 3495 lustin.
1158 3445 1290 3496 XXVIII.

159 3531 210 3588 bis,
230 3529 350 3588 Quirites.
387 3531 440 3580 Len
457 3532 512 3579 latu
528 3536 574 3587 cat,
590 3546 707 3594 quaems
746 3529 770 3577 2.
807 3528 860 3585 Qui
872 3528 1014 3575 Alexandri
1025 3528 1118 3589 Maeni
1130 3528 1213 3574 edictu
1224 3540 1291 3588 spre-

150 3609 230 3673 fraqi
245 3625 295 3659 esse
310 3612 385 3659 iubet.
746 3608 835 3655 verint.
869 3606 972 3655 Sallust.
989 3606 1106 3669 Iugurth.
1119 3606 1159 3653 31.
1186 3605 1233 3652 Sin
1245 3605 1292 3651 Iu-

192 3690 450 3751 Emouitqueeulpur.
472 3689 540 3736 Bene
553 3687 706 3737 scholiastae
746 3688 840 3746 curtlia
864 3701 895 3734 ea
918 3687 988 3733 iussn
1009 3684 1127 3746 (senatus)
1149 3683 1291 3732 contemnit.

158 3765 264 3814 laudant
291 3767 479 3830 Virgilienum:
494 3817 496 3820 ,
509 3769 582 3816 emoti
602 3769 707 3816 cardine
745 3764 815 3812 Idem
840 3764 867 3813 in
892 3764 967 3814 Catil.
997 3765 1020 3813 5.
1053 3764 1173 3824 necliyere
1201 3760 1291 3823 posuit.

155 3850 245 3908 portes.
280 3845 390 3895 Pausan.
416 3845 465 3894 111.
487 3847 511 3897 7.
545 3842 572 3892 ¹0
594 3845 705 3909 πόλεμος
746 3843 806 3893 Vid.
832 3843 900 3893 Gort.
934 3845 1021 3906 Neque
1046 3855 1133 3889 caussa
1156 3838 1291 3902 probabilis

159 3923 234 3982 οὗτος
259 3925 284 3973 εὖ
305 3925 354 3983 τὴν
374 3923 485 3973 Ἑλλάδα
504 3925 540 3972 ἔτι
560 3923 705 3985 βεβηκυῖαν
746 3928 794 3980 est,
817 3936 862 3971 cur
883 3923 923 3971 hic
940 3922 1031 3970 iterum
1047 3920 1162 3968 victoriae
1179 3918 1291 3980 Augusti

158 3999 276 4050 διέσεισεν
293 4002 318 4050 ἐκ
334 4001 448 4067 βάθρων.
746 4003 914 4059 celebrentur,
935 4000 1002 4064 quod
1022 3999 1072 4046 iarn
1093 4012 1179 4060 supra,
1199 4010 1291 4044 memo·

192 4082 290 4129 Edicta
314 4088 432 4144 rumpent
458 4083 537 4130 Iulia.
576 4081 706 4143 Quomodo
747 4082 808 4131 ratis
825 4081 915 4130 eisdem
932 4079 1013 4136 Indis,
1038 4076 1151 4140 Scythis,
1168 4075 1251 4124 Persis
1269 4084 1292 4123 et

157 4159 240 4208 edictu
258 4159 370 4222 Augusti
390 4161 530 4222 pertineant
547 4161 579 4208 ed
596 4159 705 4209 Danubii
747 4159 835 4207 accolis
848 4156 957 4208 Danubii
969 4155 1061 4204 factum
1075 4154 1114 4202 sit.
1140 4153 1292 4202 Sunthuius

158 4238 268 4297 accolas,
287 4237 374 4297 Getas,
393 4239 478 4296 Seras,
496 4240 586 4288 Persas
603 4245 628 4288 et
645 4238 705 4301 Scy·
747 4238 863 4285 carminis
875 4237 937 4284 duae
949 4241 1038 4298 partes,
1048 4234 1114 4297 prior
1123 4233 1231 4280 continet
1239 4233 1292 4280 lau·

159 4315 227 4370 thas,
250 4323 353 4365 narratu
374 4318 474 4366 difficile
490 4325 533 4368 est.
568 4318 706 4367 Lambinus
748 4317 790 4366 des
807 4316 919 4368 Caesaris
931 4315 1004 4372 bello,
1018 4314 1104 4369 altem,
1115 4326 1174 4375 pecc
1184 4319 1275 4375 partus.

654 4449 812 4471 <ou-›-
