2916 5220
525 618 574 705 Q.
606 614 845 691 HORATll
874 613 1074 687 FLACCI

446 863 1156 960 CARMINUM

595 1125 730 1189 LIBER
760 1124 1009 1189 SECUNDUS.

641 1501 889 1566 OARMEN
937 1499 962 1563 I.

409 1634 550 1715 Motum
575 1671 614 1713 ex
638 1649 772 1714 Metello
796 1649 930 1714 consule
953 1648 1095 1713 civicum

410 1752 557 1838 Bellique
581 1774 712 1817 caussas
737 1757 770 1816 et
792 1751 875 1817 vitia
897 1758 930 1816 et
952 1751 1066 1816 modos

455 1855 648 1941 Ludumque
673 1856 838 1921 Fortunae
865 1877 1044 1941 gravesque

502 1957 693 2044 Principum
717 1959 880 2023 amicitias
904 1963 938 2023 et
961 1979 1052 2023 arma

367 2136 378 2153 Ι
410 2062 566 2127 Nondum
590 2062 729 2147 expiatis
753 2066 854 2127 uncta
876 2061 1062 2141 cruoribuS,

410 2164 616 2230 Periculosae
638 2165 774 2249 plenum
797 2186 879 2250 opus
903 2165 1011 2246 aleae,

454 2268 602 2351 Tractus,
628 2272 662 2333 et
685 2266 809 2333 incedis
832 2289 890 2353 per
913 2268 1006 2353 ignes

501 2371 695 2456 Supposites
719 2370 821 2436 cineri
844 2370 967 2436 deluso,

413 2475 561 2539 Paullum
584 2496 708 2539 seuerae
730 2475 828 2538 Musu
852 2474 1032 2560 truqcediue

407 2639 558 2689 clausu
577 2639 598 2687 1.
796 2614 799 2627 '
818 2612 902 2658 urum
923 2612 1065 2673 ‘evermu
1082 2611 1158 2672 prae
1176 2623 1253 2671 saper
1270 2608 1373 2657 aazia

817 2695 898 2737 artus.
934 2687 1065 2738 Ammian.
1095 2687 1237 2736 Marcellin.
1266 2685 1372 2738 XXIII,

264 2733 406 2818 Nonacri
422 2771 535 2832 expiatis
548 2773 625 2818 auctu
639 2769 777 2817 mucribus.
817 2781 874 2829 pag.
896 2766 955 2816 265.
990 2766 1071 2816 Caius
1095 2767 1122 2815 iu
1146 2767 1238 2829 pladiis
1262 2767 1373 2815 amdam

230 2847 288 2896 Neu
310 2846 407 2903 dubito,
433 2846 492 2908 quin
514 2846 634 2895 Latinum
656 2845 688 2892 sit
705 2861 779 2893 arma
818 2850 920 2894 nostrae
945 2847 1146 2908 propinquitatis
1167 2845 1271 2894 meruit
1288 2857 1372 2892 crau.

230 2926 351 2989 sanquine
367 2941 482 2988 anquira
514 2925 582 2974 Nam
600 2924 646 2975 Sil.
659 2924 717 2973 Ital.
729 2924 778 2974 IX
817 2923 929 2975 Orellins
937 2923 1028 2974 Latine
1036 2924 1086 2972 dici
1096 2923 1373 2986 negatarmaadacru-

233 3005 271 3053 la.
289 3002 398 3067 scripsit:
415 3005 547 3068 hostilique
558 3018 667 3067 nupsere
680 3004 780 3065 primus
818 3005 912 3052 oribus.
920 3004 960 3053 At
967 3004 1031 3052 dixit
1038 3001 1166 3052 Iuvenalis
1176 2997 1372 3051 servulae.

234 3084 296 3131 Tela
320 3097 415 3132 muare.
449 3082 529 3144 Quem
554 3083 639 3131 locum
663 3080 780 3130 umtavit
818 3087 942 3144 quautam
969 3083 1113 3132 Melias
1130 3084 1228 3146 campis
1249 3081 1374 3130 Octavius

231 3161 264 3209 N.
273 3161 510 3212 HeinainAdvers.
519 3177 576 3225 pag.
588 3162 645 3211 263.
663 3160 706 3212 Sic
715 3160 778 3210 Stat.
819 3161 926 3209 abstulit
947 3162 997 3209 uda
1016 3161 1139 3210 Caedicus
1155 3161 1267 3209 assiduis
1281 3159 1372 3222 pladio.

231 3239 294 3291 XII.
311 3241 390 3290 Theb.
402 3241 459 3292 701.
475 3243 559 3290 adhuc
571 3241 700 3290 sordentia
722 3242 779 3289 tubo
853 3240 1003 3302 Suppositos
1019 3241 1099 3290 cineri
1115 3241 1203 3289 daim
1236 3237 1329 3286 Florus
1346 3237 1372 3285 in

233 3321 346 3383 Spicula.
363 3320 451 3383 Iunge
459 3326 542 3368 tamen
550 3319 667 3368 usitatius
675 3324 720 3368 est:
730 3318 780 3368 tela
819 3317 867 3366 hoc
883 3317 939 3366 loco
955 3318 1075 3366 variando
1087 3317 1133 3366 sibi
1140 3315 1312 3381 placuitviu
1320 3314 1372 3364 111.

231 3412 326 3447 veneno
343 3413 452 3460 uuqrsere
460 3397 522 3457 (vid.
531 3399 633 3461 interpr.
643 3398 778 3447 adLucan.
798 3393 801 3445 Ι
820 3397 843 3445 4.
870 3395 966 3446 Multis
980 3399 1090 3458 amissis,
1102 3399 1163 3446 dum
1177 3394 1305 3458 perfidum
1319 3395 1371 3457 pla-

231 3475 280 3524 III.
294 3477 362 3538 266.)
377 3478 419 3526 sed
435 3476 556 3540 sanguine
572 3479 696 3540 linquere,
709 3476 780 3525 cuius
819 3475 857 3524 cie
874 3475 974 3537 flumen
997 3477 1135 3539 equitatur.
1168 3475 1220 3524 III.
1249 3475 1274 3523 5.
1317 3473 1372 3521 Es·

231 3554 361 3604 locutionis
389 3555 499 3618 plurima
527 3554 642 3618 exempla
665 3556 781 3618 praebuit
819 3556 915 3604 seinata
921 3554 1132 3617 purumfideliter
1143 3553 1269 3612 iucundis,
1278 3552 1373 3600 enaim

230 3633 360 3684 Bentleius
387 3635 419 3682 ad
443 3633 638 3682 confirmandam
663 3635 778 3684 emende-
814 3633 924 3696 flanimu
949 3635 1110 3684 reviviscunt.
1140 3633 1190 3682 IV.
1216 3633 1240 3681 2.
1279 3630 1373 3680 Aulus

231 3711 323 3761 tionem
349 3714 431 3764 tiuctu
453 3714 588 3762 cunulae
622 3713 679 3775 Ego
698 3713 780 3776 potius
820 3714 898 3762 psalta
914 3717 990 3775 atque
1001 3712 1170 3762 uehementius
1190 3709 1372 3759 Thessaliam·

231 3790 346 3855 legerim:
369 3793 487 3841 Nondum
507 3793 617 3854 expiatis
637 3793 688 3840 uda
709 3807 780 3841 eruo·
820 3793 901 3840 rendli
909 3793 1005 3840 uiueres
1015 3792 1150 3840 recaluere.
1165 3789 1372 3838 Horatianecum

231 3873 309 3920 ribus.
343 3872 399 3921 Hoc
418 3871 500 3934 magis
520 3878 557 3919 est
572 3870 662 3919 coloris
678 3871 780 3934 poetici,
821 3870 921 3922 Graecis
950 3867 1104 3932 comparavit
1130 3866 1266 3917 Ruhnken.
1291 3865 1371 3928 Epist.

232 3956 256 3997 et
272 3952 410 4000 cremutius
422 3951 532 4000 declarat
543 3949 638 3999 bellum
650 3948 722 3998 civile
732 3951 780 3998 cito
821 3949 883 3999 Crit.
900 3949 936 3997 11.
953 3963 1011 4011 pag.
1032 3948 1086 3999 176.

231 4031 354 4078 iteratum.
381 4031 475 4079 Lucan.
493 4028 557 4078 VII.
574 4029 630 4078 853.
648 4030 780 4092 scelerique
853 4029 979 4076 Paullum
1005 4041 1102 4076 swerae
1128 4027 1206 4073 Musa
1230 4025 1373 4086 traqoealiae

231 4111 334 4159 secunda
356 4110 502 4159 Praestabis
519 4111 628 4159 mudum
644 4111 720 4159 accos
737 4110 781 4158 loc
823 4106 897 4155 Desit
926 4107 1041 4154 tluatris.
1083 4104 1235 4167 Interpretes
1265 4100 1371 4149 multam

232 4189 352 4249 sauquiue
368 4203 474 4252 callipos.
501 4188 588 4236 Munil.
606 4188 627 4237 I.
645 4187 702 4235 908.
731 4187 781 4234 Vix
821 4197 921 4246 operam
938 4184 1071 4242 dederunt,
1090 4190 1117 4231 ut
1135 4183 1282 4231 sententium
1298 4181 1371 4228 huius

232 4265 688 4316 etiamsircauiileeRornauusnrena
717 4267 780 4314 Ossa
822 4264 937 4311 carminis
969 4263 1129 4326 explicarent.
1170 4262 1201 4310 In
1230 4275 1257 4309 eo
1288 4267 1371 4309 tamen
