2916 5220
559 307 733 370 LIBER
779 308 806 368 I.

295 493 411 558 Velata
434 513 565 578 panna,
589 514 649 558 neo
672 493 826 557 comitem
849 493 1010 577 abnegat,

335 596 523 682 Utcumque
547 599 676 663 mutata
697 600 849 682 potentes

382 702 483 767 Veste
507 702 621 767 domos
645 701 781 766 inimica
803 700 935 786 linquis.

110 903 247 967 appellavit
258 903 381 952 Pietatem
396 901 474 964 ipsam
485 915 580 950 raram.
599 899 660 962 Spes
701 899 744 947 des
761 906 786 949 te
803 914 852 948 non
869 901 1030 956 comitantur,
1052 901 1094 949 sed
1111 901 1176 964 apud
1192 901 1251 950 infe-

110 989 195 1031 autem
212 981 272 1030 colit
288 980 439 1038 Fortunam,
456 984 484 1026 ut
501 978 583 1041 Τύχης
596 977 660 1026 irai·
701 978 760 1027 lices
782 986 890 1027 manent.
924 978 1027 1041 Vulgus
1048 987 1073 1028 et
1095 982 1212 1030 meretrix
1228 988 1253 1029 et

109 1078 153 1124 ραι
178 1060 293 1118 Ἐλπίδες
321 1061 347 1107 in
368 1058 526 1120 Anthologia
544 1055 604 1107 min.
621 1056 660 1104 Ia·
702 1058 758 1107 falsi
776 1058 848 1106 amici
862 1066 942 1107 tecum
954 1058 1069 1106 abeunt.''
1086 1059 1160 1107 Hanc
1171 1075 1252 1108 emen·

110 1139 288 1202 eobsiip.25ii.
322 1137 442 1201 Iosephus
456 1135 568 1198 Scaliger
580 1133 660 1198 Epist.
702 1137 827 1186 dationem
843 1152 905 1186 sana
920 1139 982 1187 ratio
997 1144 1022 1186 et
1034 1138 1125 1187 similes
1137 1146 1251 1188 veterum

111 1233 137 1281 p.
156 1218 214 1275 479,
232 1215 303 1266 affert
313 1219 383 1275 naua
396 1219 479 1267 Fides.
505 1215 597 1264 Errare
608 1214 661 1276 qui·
702 1218 728 1264 in
745 1217 792 1265 hac
808 1230 834 1264 re
852 1217 987 1265 sententiae
998 1218 1179 1267 commendant.
1197 1217 1251 1267 Sal·

110 1298 169 1347 dem
192 1296 339 1354 memoriae,
361 1296 404 1351 sed
429 1295 503 1345 tacite
525 1292 662 1355 significat,
703 1295 761 1343 lust.
777 1295 879 1358 Fragm.
898 1296 935 1345 ed.
954 1296 1032 1358 Thys.
1049 1311 1106 1359 pag.
1125 1298 1180 1347 465.
1215 1298 1252 1346 At

109 1376 172 1439 quid
193 1376 245 1438 ipse
262 1377 405 1438 mripsisset.
439 1374 474 1423 Ft
491 1373 526 1421 sic
542 1372 662 1421 Horatius
702 1380 792 1424 contra
807 1376 834 1422 in
851 1377 891 1427 his
910 1376 1018 1425 maniis
1034 1381 1125 1427 cuneta
1141 1391 1179 1430 me
1195 1391 1252 1426 cam

110 1455 172 1511 alibi
184 1457 254 1505 noda
267 1457 377 1505 Veritas.
402 1453 493 1502 Fuitne
509 1451 662 1515 aliquis,qui
705 1455 821 1503 Fortuna
836 1455 971 1505 deseruere⁸
997 1453 1080 1515 Nepos
1094 1453 1120 1505 in
1131 1454 1218 1504 Attico
1227 1456 1250 1503 9.

110 1549 175 1584 rara
191 1533 233 1583 hic
249 1533 369 1596 acceperit
386 1547 431 1595 pro
447 1531 473 1579 in
489 1530 557 1579 tenui
573 1536 598 1578 et
611 1529 662 1592 pel-
705 1534 737 1581 Se
753 1532 950 1595 senforianus,
966 1534 1010 1581 sed
1021 1534 1161 1583 hominihus
1175 1536 1252 1585 solere

110 1611 196 1661 lueida
214 1614 298 1665 veste?
331 1612 395 1665 Erat
414 1611 513 1674 quidem
535 1609 660 1661 Latinum.
702 1625 754 1661 esse
770 1613 886 1662 amicam.
913 1611 969 1663 Liv.
987 1611 1090 1667 XXIV.
1108 1613 1148 1663 to.
1177 1613 1250 1662 Tarn-

110 1690 178 1743 Vide
194 1690 282 1743 Heius.
299 1690 331 1746 ad
347 1689 419 1743 Ouid.
437 1689 459 1738 1.
476 1689 566 1745 Amor.
584 1689 608 1736 t.
624 1688 660 1737 13.
702 1707 778 1754 quarn
793 1706 849 1741 cam
859 1691 973 1754 sutona
983 1691 1063 1754 fidam
1075 1697 1145 1742 stare
1156 1697 1250 1752 oporte-

111 1768 161 1819 Sed
177 1783 228 1818 nou
244 1769 385 1826 laudarem,
407 1782 465 1816 cum
485 1773 584 1831 propter
601 1765 661 1815 alias
701 1777 748 1823 ret.
782 1770 888 1821 Anthol.
912 1769 1006 1819 Iacebs.
1031 1785 1087 1833 pag.
1112 1770 1170 1823 248.
1200 1769 1251 1819 Ἢν

109 1861 222 1908 mussas,
238 1854 294 1896 tum
309 1853 410 1910 propter
427 1862 492 1896 rara
507 1847 599 1894 aelata.
703 1849 826 1914 πταίσας,
851 1848 931 1906 οὐδεὶς
956 1849 992 1897 ἔτι
1016 1866 1057 1897 σοι
1081 1849 1169 1912 φίλος,
1191 1846 1250 1898 ἀλλ’

148 1929 204 1978 Noc
228 1930 341 1977 comitem
365 1929 491 1989 eonem,
523 1927 662 1988 Utcumque
702 1929 755 1992 ἅμα
773 1928 860 1977 πάντα
875 1925 980 1992 Ἐχθρᾶ,
994 1927 1079 1990 Τύχης
1092 1926 1180 1992 ῥιπαῖς
1190 1945 1250 1992 aaa·

109 2012 212 2057 matata
225 2012 340 2068 potentes
369 2008 442 2055 Veste
457 2007 541 2055 doum
557 2004 663 2055 inimica
701 2006 924 2071 μεταβαλλόμενα.
943 2006 1015 2058 Ovid.
1026 2007 1060 2059 11.
1074 2007 1178 2057 Ponte.
1196 2009 1250 2059 Sci·

108 2086 213 2147 imonis.
235 2085 303 2134 Nota
318 2089 377 2131 sunt
392 2099 419 2133 sc
434 2085 547 2132 eoniitem
564 2097 661 2144 neuere.
701 2087 916 2150 succensionem,
935 2088 1032 2139 iuuenis
1048 2089 1190 2146 rarissime,
1205 2089 1250 2139 du·

110 2162 206 2213 'libuli
228 2162 278 2212 111.
299 2163 323 2210 6.
351 2162 388 2211 lu.
425 2163 491 2216 Neve
509 2166 579 2223 mort
596 2162 661 2222 oan-
701 2166 738 2214 eis
766 2167 802 2214 Te
815 2166 878 2228 fieri
898 2166 1011 2215 camdem
1031 2168 1126 2215 stantia
1146 2169 1174 2215 in
1193 2169 1252 2218 orbe

108 2258 187 2306 qaam
214 2259 253 2292 me
281 2243 344 2290 duce
366 2256 394 2290 ee
417 2241 537 2289 consitam.
574 2236 660 2287 Valet.
703 2246 781 2294 Deae.
806 2244 828 2293 Ι.
850 2245 924 2292 Pont.
943 2245 966 2293 9.
1001 2244 1096 2306 Adrisit
1117 2246 1160 2293 ille
1177 2248 1251 2300 nothi,

109 2321 194 2376 Flete.
203 2322 254 2375 111.
265 2321 322 2370 694
338 2335 390 2370 sese
407 2320 519 2370 camdem
536 2323 590 2367 tam
602 2319 661 2366 tris·
702 2338 758 2372 cum
772 2338 836 2384 pars
851 2339 889 2371 me
905 2324 1115 2385 promuraliqait,
1128 2321 1251 2383 lissima,

110 2402 180 2449 filim
203 2402 272 2451 ⁶⁶5⁸
293 2401 417 2460 Amant.
457 2396 507 2447 Sffll
531 2395 600 2444 locus
624 2402 662 2443 efli
696 2402 822 2464 fortunae
838 2418 882 2450 nec
892 2401 954 2463 fait
969 2403 1013 2454 iile
1029 2416 1112 2450 comes.
1135 2401 1156 2449 Ι.
1174 2401 1250 2451 Trist.

112 2476 288 2536 difficillimus,
305 2486 334 2525 ut
350 2476 456 2526 ostendit
471 2473 663 2537 Bentleius,qui
703 2481 726 2528 5,
757 2482 807 2535 Vix
823 2483 872 2529 dem
886 2481 1250 2541 treasemttidetoteuperee-

109 2571 137 2606 se
158 2558 217 2607 hine
238 2558 355 2620 expedire
374 2570 424 2604 non
446 2555 538 2618 potuit,
559 2553 607 2601 nisi
628 2553 661 2602 le·
703 2560 737 2608 ur
754 2560 836 2608 amet.
868 2558 977 2608 οαεαα
990 2557 1116 2620 fortunae
1132 2574 1181 2607 aaa
1197 2575 1252 2608 mea

110 2637 407 2700 gendoinimicaoertis,
423 2634 470 2683 hoc
483 2635 662 2690 eetzconcatia,
704 2639 778 2684 turha
788 2639 855 2701 fuit.
881 2637 967 2686 Valer.
980 2638 1050 2686 Max.
1062 2638 1178 2688 IV.7.l.
1207 2639 1251 2688 Te-

109 2718 212 2781 affiioia.
244 2716 312 2765 Nam
334 2716 355 2763 si
376 2715 489 2768 Fortuna
509 2713 594 2761 domos
615 2712 662 2761 lin·
702 2717 791 2765 nanos
807 2718 887 2780 ipitar
903 2732 988 2766 eoram
1004 2718 1251 2778 nonsiaapostertta-

110 2797 176 2859 quit,
193 2803 218 2844 et
234 2796 366 2845 abeuntem
382 2794 533 2843 comitantur
560 2792 621 2854 Spes
638 2798 663 2840 et
704 2796 738 2843 tia
755 2798 874 2846 numeria
887 2797 1066 2859 apprehendit,
1079 2799 1123 2857 qai
1136 2797 1253 2844 adorsos

110 2875 197 2934 Fides,
218 2881 273 2925 tum
294 2873 386 2923 abeunt
406 2886 463 2920 curn
479 2872 594 2921 Fortuna
610 2876 662 2918 tam
703 2875 1252 2936 amicornmcasasnondeaeraerant,quarn

111 2955 155 3003 fidi
177 2954 249 3003 amici
270 2968 347 3016 quam
367 2951 485 3000 infideles.
520 2950 618 2999 Deinde
638 2957 663 2998 et
703 2955 747 3016 qai
764 2968 914 3016 prosperam
933 2955 1002 3002 vitas
1020 2967 1123 3003 cursum
1139 2955 1253 3002 comitati

110 3033 161 3083 alia
180 3039 261 3082 tentat
284 3031 323 3081 vir
343 3045 463 3093 magnus,
484 3029 551 3093 quod
573 3028 663 3078 indicio
702 3039 770 3081 eant.
796 3032 884 3081 Boecn
901 3030 1000 3081 Consul.
1018 3031 1086 3080 Phil.
1099 3031 1120 3079 I.
1142 3031 1217 3080 Matr.
1231 3032 1252 3079 1.

111 3120 160 3171 est,
185 3114 268 3176 ipsum
289 3112 336 3160 sibi
365 3112 406 3160 hic
431 3124 481 3158 non
512 3107 661 3157 satisfecisse.
705 3113 765 3160 Has
788 3113 879 3161 saltora
902 3113 990 3160 nullas
1007 3113 1093 3172 patuit
1110 3112 1254 3172 peruincere

110 3192 252 3243 Gesnerus:
275 3193 356 3240 Fides
382 3204 406 3239 se
427 3205 476 3238 non
498 3191 605 3250 abrepat
625 3203 662 3237 co·
703 3195 798 3247 terror,
824 3191 863 3240 Ne
882 3194 994 3238 nostram
1010 3190 1109 3239 comites
1123 3204 1253 3251 proseque-

109 3275 197 3322 mitem
217 3274 343 3335 fortunae
363 3272 507 3319 criticorum.
542 3267 584 3318 Sic
604 3281 663 3315 vero
703 3273 793 3315 rentur
808 3269 865 3316 iter.
894 3267 1030 3316 Marbodus
1050 3267 1076 3314 in
1093 3265 1176 3315 Carni.
1193 3283 1251 3330 pag.

110 3350 235 3413 duplicem
256 3331 390 3412 imaginem
410 3348 436 3395 in
458 3347 544 3395 eodem
564 3345 663 3393 nomine
706 3345 775 3393 1611.
811 3347 941 3394 Fortunae
962 3347 1062 3394 comites
1082 3351 1107 3394 et
1122 3349 1253 3408 prosperi·

109 3443 243 3491 agnoscere
259 3428 390 3484 debemus,
406 3426 475 3475 Deae
491 3424 626 3480 Fortunae,
638 3429 663 3471 et
704 3425 766 3472 tatis
783 3424 869 3482 amin,
892 3425 959 3471 Dum
975 3427 1062 3471 nannet
1075 3424 1131 3479 illa,
1142 3430 1252 3481 rnanent,

109 3503 225 3555 fortunae
257 3506 395 3561 hnmanae,
424 3503 497 3552 sortis
530 3502 661 3551 humanae.
702 3507 727 3550 et
751 3517 808 3551 eum
826 3501 946 3564 sapiente
972 3503 1098 3551 recedant.
1140 3503 1253 3551 Fortuna

110 3584 185 3645 Quod
201 3585 282 3646 ipsum
299 3581 509 3632 Mitscherlichius
527 3580 662 3642 explicans,
702 3595 776 3643 porro
798 3595 869 3644 saepe
890 3581 980 3630 dicitur
1000 3597 1111 3638 maere,
1128 3584 1251 3645 linquere,

109 3661 206 3711 multus
222 3663 302 3711 estin
318 3661 424 3711 Horatio
441 3667 570 3724 propterea
582 3673 662 3721 repre·
703 3662 800 3722 venire,
816 3661 892 3711 abire.
926 3660 1014 3709 Horat.
1033 3661 1082 3710 III.
1109 3660 1194 3710 Canu.
1211 3662 1251 3712 29.

110 3742 248 3792 hendendo.
282 3742 339 3804 Fgo
354 3755 406 3790 non
421 3740 491 3804 potui
508 3738 661 3786 credereho·
706 3735 794 3789 Laudo
809 3747 957 3790 manentem.
990 3739 1021 3788 In
1038 3741 1119 3788 numis
1135 3740 1252 3803 conspici-

110 3821 204 3870 minem
229 3826 299 3868 tanto
325 3820 424 3883 ingenio
449 3826 474 3867 et
499 3817 590 3866 iudicio
610 3822 662 3864 tam
703 3822 745 3864 tur
766 3819 882 3866 Fortuna
903 3821 1019 3868 Manna.
1046 3819 1095 3867 vid.
1112 3819 1250 3866 Burmann.

110 3899 217 3963 turpiter
241 3913 342 3948 errasse.
378 3897 483 3961 Scripsit
507 3895 591 3954 enim,
616 3893 663 3941 nisi
704 3896 736 3943 ad
757 3896 858 3945 Patron.
876 3897 915 3945 80.
937 3903 962 3945 et
983 3895 1054 3946 Ovid.
1072 3897 1106 3945 V.
1133 3897 1208 3945 Trist.
1226 3896 1250 3944 8.

109 3977 199 4026 failor:
224 3979 268 4027 sed
284 3979 396 4026 censitam
413 3978 525 4037 cineam.
560 3973 662 4030 “Te,o
704 3974 807 4024 Sueten.
828 3976 854 4022 in
875 3974 958 4024 Galba
975 3977 998 4023 4.
1033 3975 1171 4024 Somniavit
1191 3975 1251 4022 For-

110 4057 236 4113 Fortuna,
253 4055 315 4118 Spes
331 4061 356 4107 et
372 4054 445 4104 Fides
463 4051 664 4115 colunt,quando
704 4059 792 4101 tunam
813 4053 949 4110 dicentem,
974 4059 1044 4102 stare
1065 4059 1090 4101 et
1110 4059 1169 4102 ante
1179 4054 1252 4117 fores

110 4135 253 4184 hominibus
270 4134 337 4182 laeto
352 4134 427 4183 vultu
444 4133 556 4194 arrides,
574 4145 663 4193 eosque
703 4131 828 4193 deseram
858 4136 895 4187 et,
920 4132 971 4180 nisi
992 4133 1062 4180 acinis
1085 4133 1251 4194 reciperetur,

109 4214 172 4263 facis
193 4214 273 4263 claros
294 4218 320 4261 et
340 4218 458 4274 potentes.
494 4211 560 4267 Sed,
584 4225 662 4273 quum
703 4210 1172 4273 eauranqueobuiopraedaefutaram.
1186 4210 1250 4263 Stat.

111 4295 210 4343 eosdem
227 4292 338 4342 homines
354 4290 485 4354 relinquis,
503 4291 565 4352 Spes
582 4295 606 4336 et
622 4289 663 4338 Fi·
704 4287 753 4336 111.
776 4286 836 4337 silv.
858 4289 881 4337 3.
904 4288 944 4336 85.
983 4291 1090 4351 larisque
1109 4292 1180 4352 piam
1205 4293 1250 4340 iac
