2916 5220
598 325 886 388 irrubuit

311 517 515 599 Imonooaqno
536 516 668 599 opilarit
692 511 854 596 Apollinis
877 533 960 575 onro
983 511 1135 597 capillos,

359 617 441 681 Fore
464 617 551 680 hunc
576 636 721 679 amorem
743 620 907 679 mutuum.

314 720 359 801 Ο,
385 720 528 784 dolitura
551 740 623 783 nica
646 717 792 782 multum
815 717 957 800 virtute,
975 717 1119 782 Neaera!

355 823 460 904 Nam,
486 822 514 886 si
538 822 617 907 quid
642 820 676 883 iu
701 820 819 884 Flacco
842 819 905 884 viri
928 827 997 902 est,

311 927 387 990 Nou
410 926 491 991 feret
515 924 663 989 assiduas
687 922 807 1008 potiori
832 929 864 986 te
887 923 964 989 dare
987 929 1118 1004 noctes,

357 1030 403 1094 Et
424 1035 557 1115 quaeret
577 1028 678 1091 iratus
694 1047 814 1110 parem.

313 1134 380 1198 Nec
405 1132 505 1197 semel
530 1130 671 1195 offensae
695 1129 788 1194 cedet
812 1129 999 1194 constantia
1021 1129 1161 1211 formae,

358 1236 393 1302 Si
417 1242 523 1301 certus
549 1233 680 1298 intrarit
704 1231 803 1296 dolor.

178 1391 636 1455 requeraturornospioeretaetoeoi
647 1403 721 1452 quoe·
765 1402 831 1435 coro
847 1389 953 1450 capillos
970 1395 1088 1437 nroonot.
1106 1387 1158 1436 VI.
1175 1389 1234 1437 303.
1256 1390 1318 1436 Nol-

177 1477 244 1519 reret
260 1471 304 1519 ille
320 1484 421 1519 conum.
455 1469 546 1518 Noster
560 1465 724 1531 podtaApol·
766 1467 802 1515 loa
826 1473 906 1516 movet
938 1483 1006 1515 aura
1030 1468 1143 1530 capillos.
1176 1466 1229 1516 111.
1260 1469 1316 1519 672.

178 1550 255 1599 linem
271 1551 411 1613 proposuit,
437 1549 509 1612 quasi
526 1562 623 1611 semper
640 1561 723 1595 comas
768 1545 888 1609 Collaque
907 1548 1026 1605 ioelum,
1043 1548 1168 1610 movitque
1187 1563 1237 1609 per
1257 1546 1317 1594 o'e'ro

178 1628 281 1678 haberet
297 1629 404 1685 solutas,
429 1635 454 1675 et
475 1642 518 1676 eae
538 1641 634 1690 semper
650 1632 725 1674 rento
765 1627 867 1674 mnam.
902 1625 937 1674 Et
957 1625 992 1672 sic
1014 1624 1058 1674 ille
1077 1639 1158 1688 saepe
1188 1625 1317 1689 Denique,

178 1706 338 1770 agitarentur.
372 1708 460 1769 Neque
475 1707 624 1769 comparatio
640 1718 725 1753 comae
766 1703 864 1752 duobus
881 1704 993 1752 versibus
1004 1704 1122 1763 sublatis,
1134 1706 1214 1754 verba
1224 1711 1251 1753 et
1261 1719 1315 1754 seu-

178 1784 328 1847 Apolliueae
349 1800 406 1833 curn
432 1799 460 1833 re
485 1785 580 1846 aliqua,
606 1791 725 1846 perpetua
766 1781 844 1830 tentia
869 1789 929 1830 suut
953 1783 1119 1832 concinniora.
1160 1783 1265 1845 “Quum
1291 1791 1316 1833 tu

178 1862 272 1919 futura,
290 1864 337 1912 ulli
353 1866 439 1926 politae
455 1863 608 1927 probabitur.
633 1863 724 1911 Exem·
766 1861 865 1910 iurabas
890 1863 957 1910 hunc
982 1876 1091 1929 amorem
1112 1861 1166 1911 fore
1183 1869 1315 1918 mutuum,

178 1941 221 2004 pla
237 1943 356 1991 eiusmodi
373 1948 439 1992 recte
450 1949 569 2005 petuntur
580 1956 612 1989 ex
622 1949 724 1999 natura,
766 1940 826 1987 dum
842 1940 918 2002 lupus
934 1939 1028 2003 moeri,
1045 1946 1070 1990 ct
1078 1939 1156 1990 Orion
1175 1942 1261 1989 nautis
1277 1943 1313 1989 iu·

178 2036 242 2082 quae
259 2023 297 2068 sui
319 2037 415 2085 semper
436 2028 474 2069 est
495 2021 593 2077 similis,
619 2030 648 2067 ut
672 2020 725 2083 lupi
766 2018 867 2067 festus.”
892 2019 924 2066 Iu
940 2035 991 2082 qua
1007 2021 1193 2068 constructione
1211 2020 1315 2068 verbum

179 2107 204 2148 et
222 2101 293 2163 ugni,
316 2101 428 2158 Orionis,
451 2102 508 2150 alia.
542 2102 583 2148 Ita
608 2101 724 2149 dicimus:
766 2103 803 2147 eet
820 2099 895 2146 etiam
912 2100 1039 2161 eleganter
1055 2098 1189 2148 omittitur.

178 2182 251 2228 Daoi
272 2183 379 2242 rapidos
397 2183 489 2230 Simois
512 2185 540 2229 in
562 2197 631 2229 nrore
646 2182 725 2230 volort
800 2179 880 2235 Nom,
897 2180 920 2227 ai
944 2180 1006 2240 quid
1026 2180 1053 2227 in
1079 2179 1175 2228 Flacco
1199 2181 1252 2227 oiri
1273 2185 1316 2228 eat.

178 2276 265 2323 oquae.
291 2261 358 2309 Huic
380 2262 467 2323 iunge:
493 2267 600 2309 staura
617 2262 726 2322 opilabit
766 2257 823 2307 MS.
840 2258 913 2307 Voss.
936 2261 1033 2308 virium.
1069 2259 1146 2308 Male.
1182 2261 1270 2309 Etiam
1295 2261 1315 2308 si

179 2341 309 2402 Apollinis
330 2342 447 2403 capillos,
472 2339 606 2403 insipidum
629 2338 724 2401 aliquid
766 2350 815 2384 uon
841 2344 949 2386 metrum
974 2338 1089 2386 obstaret.
1122 2339 1192 2386 Nota
1212 2346 1251 2388 est
1268 2341 1314 2388 for·

177 2421 293 2469 iunxeris.
318 2421 405 2482 Atque
421 2418 479 2466 hinc
495 2418 580 2481 poetae
597 2432 627 2466 ea
642 2432 724 2466 exem·
767 2415 843 2464 mula.
862 2416 961 2477 Quinct.
979 2417 1000 2465 1.
1018 2417 1080 2465 Inst.
1101 2417 1138 2466 10.
1157 2419 1271 2480 Siquid
1287 2421 1315 2466 in

178 2501 222 2562 pla
238 2500 359 2557 formant,
381 2499 470 2562 quibus
491 2499 600 2546 indicant
617 2496 723 2560 aliquid,
767 2498 837 2544 nobie
856 2498 940 2545 virilia
957 2499 1052 2546 roboris
1073 2500 1204 2556 mombar,
1226 2504 1264 2546 et:
1285 2499 1315 2547 Si

179 2587 207 2626 ut
231 2579 385 2627 contrarium
409 2578 506 2639 legibus
531 2581 648 2635 naturae,
673 2590 723 2623 om·
767 2577 818 2624 oiri
834 2578 904 2625 eota.
921 2577 981 2626 Vid.
994 2576 1084 2626 Graec.
1098 2577 1274 2626 adFloriIII.
1291 2579 1314 2625 3.

179 2659 237 2706 nino
255 2657 307 2706 fieri
328 2672 377 2705 nou
393 2671 471 2719 posse.
505 2656 575 2705 Ante
595 2654 725 2702 concordia
801 2656 840 2703 Et
855 2661 959 2718 quaeret
984 2657 1067 2704 iratus
1087 2672 1183 2718 parem.
1220 2657 1315 2705 Memo-

178 2743 203 2784 ct
224 2751 293 2783 amor
314 2738 360 2784 erit
381 2736 445 2784 inter
466 2735 554 2797 lupum
576 2741 600 2782 ct
618 2748 724 2802 agnum,
767 2726 846 2781 ra'nda
863 2735 903 2782 hic
923 2741 961 2784 est
981 2735 1152 2797 interpretatio
1173 2735 1275 2783 Behotii
1291 2739 1315 2784 iu

179 2821 237 2861 aute
253 2814 404 2861 fluminaad
424 2813 503 2861 fontes
519 2811 641 2860 redibunt.
680 2812 724 2861 Au
767 2812 895 2875 Apophor.
921 2814 942 2862 1.
968 2815 1005 2862 10.
1026 2814 1150 2877 putantis,
1181 2815 1315 2863 Horatium

179 2893 264 2939 ctiam:
285 2893 351 2940 Ante
370 2891 466 2940 intonsi
490 2893 615 2952 Apollinis
636 2895 725 2952 capilli
768 2891 836 2954 loqui
853 2892 883 2940 de
908 2908 934 2942 se
958 2894 985 2941 in
1008 2907 1114 2956 persona
1136 2894 1222 2952 tertia,
1253 2902 1315 2943 tam-

179 2986 228 3017 non
249 2986 315 3017 ouro
343 2971 524 3031 opilobontnr?
558 2969 607 3019 Sed
625 2969 645 3017 si
663 2971 725 3019 benc
767 2986 843 3033 quam
869 2972 898 3020 de
923 2971 1016 3030 aliena,
1041 2978 1066 3020 et
1091 2973 1194 3030 minari,
1220 2989 1247 3022 se
1269 2973 1314 3023 ali·

179 3048 269 3097 Latine
285 3048 378 3096 dictum
396 3048 438 3097 sit:
464 3065 526 3097 aura
551 3053 633 3112 opitot
649 3052 725 3114 capii·
767 3051 866 3112 quaudo
882 3065 967 3113 parem
984 3050 1098 3099 futurum
1115 3053 1250 3102 meretrici.

180 3127 226 3187 los,
254 3128 300 3176 hoc
321 3127 347 3175 iu
368 3128 489 3190 Apolline
510 3143 566 3176 raro
584 3130 724 3188 recidebat,
802 3133 854 3180 Nec
870 3134 943 3180 senrel
958 3131 1068 3194 offensae
1085 3134 1154 3181 cedet
1170 3134 1315 3181 coartann'n

179 3223 203 3255 v.
221 3221 241 3255 c.
259 3206 280 3254 si
297 3207 363 3255 disco
379 3207 489 3264 luderet,
507 3209 528 3255 si
540 3209 659 3271 Daphnin
671 3225 724 3272 per·
760 3210 875 3271 formae,
893 3212 924 3258 st
940 3217 1022 3259 certas
1032 3212 1141 3259 intrarit
1153 3212 1232 3261 dolor.
1249 3211 1316 3261 Fieri

178 3292 329 3350 sequeretur,
347 3299 427 3349 neque
444 3293 495 3334 tam
513 3294 565 3336 erat
578 3290 725 3350 perpetuum
767 3289 812 3336 vix
835 3295 927 3352 potest,
952 3295 981 3337 ut
1005 3289 1067 3337 haec
1091 3290 1168 3338 verba
1193 3290 1316 3353 probabili

179 3373 204 3414 et
220 3366 347 3422 naturale,
364 3372 393 3413 ut
409 3372 446 3414 est
462 3367 516 3429 lupi
527 3366 606 3414 odisse
623 3382 725 3429 agnum,
767 3369 841 3416 modo
858 3368 1019 3431 explicentur.
1040 3369 1107 3417 Vide
1124 3375 1223 3417 tautum
1241 3370 1315 3419 inter·

180 3445 248 3492 fluvii
265 3444 291 3491 iu
308 3460 504 3504 marcomere,
526 3446 621 3495 similia
650 3448 726 3496 Deni-
767 3453 856 3510 pretes.
889 3448 1019 3497 Bentleius
1035 3448 1155 3497 correxit:
1175 3451 1230 3496 Nec
1243 3450 1317 3498 semel

180 3540 228 3587 que
248 3525 348 3586 opilare
369 3526 472 3573 verbum
499 3526 668 3574 vehementius
690 3535 726 3574 est
768 3525 856 3588 ‹ffenai
872 3528 940 3575 cedet
957 3528 1100 3575 cunctantia
1114 3526 1225 3588 formae.
1261 3527 1316 3576 Hoc

180 3618 255 3666 quam
263 3619 389 3666 preconio.
400 3605 639 3654 BurmanadOu'd.
649 3605 725 3654 XIV.
768 3611 814 3653 est:
838 3609 899 3652 “nec
919 3606 1058 3653 constantia
1078 3605 1139 3664 mei,
1161 3606 1239 3654 semel
1257 3607 1318 3656 laesi

179 3683 281 3732 Heroid.
299 3684 339 3732 39.
371 3685 454 3745 thue
473 3685 521 3731 leci
537 3685 653 3746 Zephyro
669 3701 726 3747 pro-
768 3690 792 3732 et
808 3684 879 3744 irati,
897 3686 966 3733 cedet
985 3684 1079 3733 formae
1095 3691 1165 3743 tuae,
1192 3685 1236 3732 ubi
1259 3700 1318 3735 vere

179 3765 239 3811 clleo
256 3765 389 3811 vibrantur
406 3763 726 3812 orictoe:alteramlecti0·
768 3763 921 3812 indoluer0.''
955 3764 1054 3825 Offensi
1081 3777 1180 3826 quoque
1200 3763 1318 3812 voluerat

179 3856 237 3889 nem
254 3845 388 3903 nqitorrtor
407 3841 516 3890 defendit
541 3840 569 3888 iis
594 3843 725 3905 exemplis,
769 3841 897 3904 Gogavius
914 3842 1052 3891 Praeterm.
1069 3857 1126 3905 pag.
1148 3843 1189 3891 35.
1207 3842 1238 3890 Iu
1256 3858 1317 3892 non-

179 3935 242 3982 quae
259 3920 297 3968 illi
314 3921 416 3969 suadere
433 3921 583 3977 debuerant,
601 3928 629 3968 ut
646 3923 726 3971 reiice-
767 3922 846 3969 nullis
859 3937 907 3969 vau
921 3923 963 3970 der
980 3924 1068 3984 Bourg
1088 3937 1134 3985 pro
1150 3923 1261 3984 (fionius
1283 3923 1317 3970 le-

180 4008 224 4048 ret.
262 4000 320 4049 Siue
350 4000 490 4048 discrimine
519 4002 600 4068 nentia
627 4004 726 4063 opitoto
768 4001 835 4063 gitur
850 4002 942 4049 irotne.
968 4001 1019 4048 Pro
1036 4003 1104 4048 cedet
1120 4008 1262 4048 correctum
1280 4017 1316 4049 co-

179 4081 324 4136 ilea,orn·o
340 4081 442 4142 opilatis
457 4081 575 4142 capillos,
593 4085 617 4127 et
631 4083 727 4128 aristae
768 4083 814 4129 dit.
856 4081 937 4129 Locus
965 4081 1025 4128 adeo
1050 4080 1148 4127 dudum
1174 4076 1316 4143 curruptus.

180 4160 230 4207 leni
250 4160 365 4220 Zephyro
381 4161 506 4221 opitulor,
528 4159 592 4206 inter
608 4173 634 4206 se
656 4173 725 4222 repo·
767 4160 821 4208 Nec
837 4158 977 4209 Comment.
991 4158 1067 4220 Cruq.
1086 4167 1139 4206 tam
1156 4158 1246 4206 multis
1264 4174 1317 4207 ver-

179 4237 223 4286 uit.
241 4236 344 4287 Ovidius
361 4239 460 4301 quidem
477 4237 581 4300 capillos
599 4253 660 4285 aura
677 4253 725 4286 nro·
766 4238 803 4286 bis
820 4239 856 4285 uti
873 4237 948 4296 solet,
969 4252 1044 4300 quam
1061 4236 1102 4284 hic
1119 4236 1211 4295 utitur,
1229 4245 1258 4285 ut
1275 4253 1317 4287 ex·

179 4320 232 4366 reri
255 4316 320 4364 dicit.
346 4317 381 4364 Ut
398 4316 446 4366 IV.
473 4318 575 4366 Metam.
591 4318 648 4368 672.
666 4319 726 4366 leuia
766 4317 848 4380 plicet.
883 4318 939 4379 Ego
964 4317 999 4364 sic
1016 4316 1138 4365 divinavi:
1165 4319 1222 4367 Nec
1243 4321 1318 4367 reniet
