2916 5220
527 312 704 377 LIBER
751 315 814 376 III.

283 493 389 570 Celent
408 494 541 577 inultae,
563 504 622 560 stet
648 496 837 581 Capitolium

324 596 472 684 FaIyras,
493 599 753 684 triumphatisque
771 605 876 684 possit

364 703 466 766 Beata
475 701 580 786 seraa
601 703 680 766 dare
699 707 772 767 iura
794 704 906 768 Media.

275 802 448 868 Horrenda
469 804 531 869 late
553 826 661 870 ramea
682 810 715 871 ia
734 807 861 872 ultimas

274 907 438 971 Eateadot
463 930 554 991 oras,
576 931 637 994 qua
659 910 778 974 medias
799 910 900 995 liquor

319 1009 461 1074 Secerait
483 1013 635 1096 Europen
653 1012 692 1076 ab
711 1013 811 1098 Afro,

367 1114 438 1194 Qua
460 1116 597 1180 tumidus
621 1121 706 1202 ripot
732 1139 812 1182 arou
830 1119 945 1183 Nilus:

274 1214 397 1280 Aurum
414 1221 603 1303 irrepertura
623 1230 652 1283 et
675 1224 720 1284 sic
745 1221 854 1286 arelius
875 1226 986 1304 situm,

279 1317 379 1397 Quart
404 1329 491 1384 terra
517 1321 613 1404 celat,
635 1344 784 1408 aperuere
794 1322 937 1407 sortior,

322 1422 423 1502 Quarto
446 1445 551 1511 capere
572 1425 721 1491 itamaros
745 1431 783 1491 ia
801 1449 876 1493 usus

369 1525 465 1591 Orare
488 1549 612 1593 sacrum
634 1533 778 1614 rapiente
800 1531 923 1595 deutra.

277 1627 456 1713 Quicumque
477 1631 592 1695 maudo
615 1635 765 1697 terariaas
788 1632 920 1716 obstitit,

92 1789 247 1838 conveniunt
271 1790 296 1837 in
318 1791 403 1838 eadem
425 1789 481 1838 sede
501 1796 642 1839 armentum
683 1794 749 1841 modi
765 1795 933 1857 interpretatio
950 1795 1068 1857 prodibit:
1089 1796 1230 1847 “Romano-

92 1876 118 1917 ct
128 1869 213 1933 ferae.
682 1885 738 1918 rum
763 1872 882 1921 fortitudo
906 1873 932 1920 in
957 1876 1137 1924 contemnendo
1158 1891 1230 1935 auec,

127 1953 164 1998 Ia
183 1952 287 1998 ultiarae
303 1951 423 1998 extendat
440 1964 505 1998 oros.
533 1949 587 1996 Iam
606 1963 642 1996 vs.
682 1951 748 2012 quod
773 1953 884 2000 nondum
909 1954 1057 2002 invenerunt
1086 1969 1166 2018 neque
1188 1957 1230 2003 ha·

91 2029 132 2077 39.
151 2029 269 2092 legimus:
293 2031 403 2077 Burrieni
424 2033 544 2091 reparato
560 2030 642 2090 quali·
683 2028 752 2086 bent,
778 2030 857 2079 maior
878 2034 940 2091 erit,
966 2047 1041 2095 quum
1064 2032 1184 2082 fortitudo
1205 2036 1230 2082 in

91 2109 271 2170 betiapurte:
289 2109 377 2157 vs.53.
395 2109 535 2171 quicunque
550 2109 642 2156 ariundo
682 2110 791 2171 cogendo
812 2125 856 2172 per
877 2111 967 2159 bclla.''
1002 2111 1103 2160 Aurum
1123 2120 1230 2162 contem·

91 2189 215 2236 terminus
235 2191 340 2237 abstitit.
375 2188 457 2244 Haec,
475 2188 546 2235 toties
561 2185 640 2234 incul·
682 2203 740 2236 ncrc
757 2196 794 2237 est
810 2190 886 2238 animi
902 2189 972 2238 fortis
989 2198 1013 2238 et
1030 2193 1126 2253 magui:
1143 2207 1230 2255 cogere

89 2273 159 2324 cata,
176 2273 235 2314 sunt
251 2267 379 2316 nescientis
396 2281 499 2314 manum
512 2264 598 2313 tollere
610 2265 641 2314 de
681 2282 725 2329 per
743 2267 821 2328 bella,
837 2275 875 2317 est
892 2269 960 2318 fortis
977 2278 1002 2319 et
1019 2270 1094 2318 avari.
1117 2272 1175 2332 Quo
1187 2287 1228 2320 no-

89 2346 185 2394 tabula
219 2346 286 2394 Tum
304 2348 398 2409 lucar,
416 2345 445 2393 de
468 2358 559 2407 magua
576 2344 639 2392 mari
659 2366 661 2377 ·
681 2348 747 2395 mine
763 2348 880 2396 Tibullus
901 2361 973 2409 saepe
994 2348 1097 2394 diuitiae
1116 2353 1141 2395 ct
1155 2364 1229 2408 prae-

88 2426 219 2489 Europam
241 2428 272 2474 ab
290 2425 369 2489 Afro,
391 2437 435 2486 pro
454 2424 560 2485 Africa,
578 2423 639 2470 divi·
681 2428 739 2473 duni
755 2428 847 2489 culpat.
882 2425 1004 2474 Remanet
1024 2440 1119 2487 semper
1136 2426 1228 2488 aliquid

88 2503 172 2560 dente,
183 2504 305 2552 similibus
313 2503 432 2566 exemplis
440 2501 538 2550 defendi
549 2508 638 2563 optem.
680 2505 759 2552 scabri
779 2506 805 2552 in
827 2505 872 2552 huc
890 2505 1096 2567 interpretatione.
1132 2506 1230 2554 Auctor

126 2585 229 2632 Aurum
253 2585 406 2645 irrepertum
432 2587 456 2630 et
485 2583 521 2630 sic
551 2583 639 2630 melius
679 2582 790 2632 imitatus
811 2593 848 2632 est
869 2584 964 2647 Virgil.
985 2584 1063 2633 VIII.
1087 2586 1152 2633 Aen.
1171 2587 1228 2641 364,

87 2664 175 2710 situm.
218 2661 294 2710 Tales
318 2675 403 2709 versus
428 2659 538 2722 produnt
564 2659 638 2723 longe
681 2665 767 2721 dude,
784 2667 880 2725 turpes,
898 2669 1051 2713 cantatam
1067 2679 1132 2725 opes.
1155 2662 1228 2713 Hanc

88 2741 215 2789 diversum
232 2741 264 2788 ab
280 2741 385 2789 Horatio
396 2740 501 2803 poetam.
520 2738 638 2787 Primum
679 2740 796 2802 strophen
818 2740 962 2789 eiiciendam
980 2742 1078 2802 putarit
1095 2734 1227 2805 Augustus

87 2819 163 2869 alieni
179 2825 239 2868 sunt
255 2820 287 2867 ab
303 2819 421 2876 oratione,
437 2819 462 2866 in
476 2832 552 2881 quam
567 2819 639 2881 quasi
679 2816 858 2880 Voigtlaender
888 2821 913 2867 in
941 2822 1097 2870 Seleniaibus
1123 2824 1228 2874 Salsulae

86 2913 131 2961 per
147 2913 221 2947 surus
237 2897 331 2960 delapsi
347 2896 495 2946 ceciderunt.
527 2896 638 2960 Pauper·
679 2897 895 2960 Schaeaberpeaeis
920 2915 941 2946 a.
967 2899 1036 2948 1828.
1070 2899 1119 2948 Vir
1140 2901 1226 2950 doctus

87 2982 125 3023 tus
152 2975 199 3024 fuit
219 2991 271 3024 una
291 2978 322 3026 de
342 2978 448 3034 caussis,
469 2989 514 3023 cur
530 2975 638 3025 Romani
678 2977 824 3025 sententiam
839 2993 909 3026 suam
924 2987 995 3025 acute
1009 2979 1149 3041 explicavit.
1167 2980 1226 3030 Om-

85 3055 199 3116 potentia
219 3057 350 3105 creverint.
385 3056 435 3106 Sed
456 3070 506 3104 non
523 3057 639 3105 convenit
678 3067 736 3102 nem
758 3056 950 3119 disputationem
975 3071 1045 3105 meae
1073 3061 1226 3109 annotationi

85 3134 187 3198 ingenio
211 3135 328 3194 Iunonis,
355 3135 449 3198 aliquid
469 3135 573 3184 laudare
594 3143 638 3184 aut
678 3133 768 3183 addere
791 3137 917 3193 volebam,
939 3137 982 3184 sed
999 3143 1036 3183 est
1052 3136 1164 3199 longior,
1181 3155 1225 3188 ncc

85 3215 275 3275 commendare,
291 3229 340 3277 quo
356 3215 465 3277 populus
477 3216 572 3263 invisus
585 3228 636 3264 ma·¹
677 3213 761 3261 statim
786 3215 811 3262 in
836 3213 1008 3277 compendium
1029 3215 1108 3276 redigi
1136 3226 1223 3278 potest

85 3294 122 3341 ior
139 3293 218 3343 fieret.
246 3293 308 3354 Quis
325 3300 409 3343 autem
425 3293 545 3356 intelligit
561 3296 638 3344 verba
677 3291 747 3354 Ergo
771 3293 885 3341 libellum
917 3293 1037 3340 indicasse
1063 3307 1128 3341 nune
1154 3296 1224 3346 suffe·

84 3372 202 3420 intrIcata
218 3379 243 3420 et
257 3372 378 3421 obscura?
411 3371 548 3421 Videamus
564 3375 637 3436 qnid,
677 3371 744 3418 cerit.

84 3451 158 3498 salva
186 3452 338 3508 Latinitate,
372 3450 511 3513 significare
535 3453 635 3515 possint.
713 3452 797 3509 Quam
813 3467 896 3514 capere
911 3455 1148 3502 bumuuosiaruus.
1171 3454 1224 3503 Me·

46 3548 49 3553 ¹
85 3531 175 3578 Fortis
190 3545 308 3592 sparsae
324 3537 373 3587 eat,
390 3531 434 3591 qui
450 3531 510 3577 satis
525 3532 601 3579 animi
611 3539 635 3580 et
676 3530 881 3595 liusiungentur:
898 3534 1153 3595 dextrarapuntetn
1166 3550 1225 3584 utut

85 3608 250 3657 abstinentiae
272 3607 360 3664 habet,
382 3612 411 3654 ut
427 3615 534 3669 spernat.
568 3609 634 3670 Quo·
675 3613 803 3662 bumana
837 3609 948 3660 Trebatii
968 3611 1044 3659 verba
1064 3611 1150 3661 citavit
1171 3613 1223 3662 Ar-

84 3686 171 3744 modo‚
196 3699 300 3748 quaese,
326 3684 415 3747 aliquis
439 3685 545 3748 spernit,
570 3689 635 3748 quod
675 3691 764 3739 nobius
789 3691 844 3739 adv,
871 3691 964 3741 Gentes
991 3707 1014 3754 p.
1037 3691 1100 3740 236:
1131 3693 1225 3741 Vinum

83 3767 234 3828 irrepertum
254 3771 279 3814 et
300 3765 348 3812 sub
368 3771 436 3812 terra
456 3765 565 3813 celatum
586 3774 634 3824 est,
674 3784 724 3819 esse
738 3785 841 3819 sucrum
856 3772 965 3832 incipiat
987 3775 1057 3819 etex
1073 3771 1159 3818 usibta
1176 3773 1224 3817 eri·

83 3846 153 3908 quod
181 3859 232 3894 non
261 3845 354 3902 habet,
381 3844 447 3906 quod
472 3858 522 3892 non
547 3846 634 3894 navit?
672 3849 764 3911 piatur
792 3851 913 3898 taumate.
951 3847 1113 3910 Intelligendi
1138 3856 1222 3896 autern

83 3926 182 3975 Eadem
197 3925 381 3988 rationesortis
390 3940 473 3988 coam
486 3940 579 3974 aarum
589 3934 634 3985 est,
674 3933 733 3975 sunt
748 3927 858 3976 Romani
879 3929 904 3975 in
921 3927 993 3974 bellis
1007 3935 1031 3975 et
1048 3927 1169 3984 victoriis,
1186 3942 1223 3975 sa·

83 4005 128 4067 qui
148 4004 208 4052 satis
228 4005 305 4053 animi
325 4003 413 4061 habet,
433 4011 462 4051 nt
483 4018 572 4067 cogere
591 4021 634 4053 au·
675 4021 743 4054 cram
755 4020 855 4069 quoqne
870 4006 1001 4068 pecuniam
1018 4013 1043 4052 ct
1059 4005 1153 4067 templa
1169 4007 1222 4055 hos-

83 4082 157 4141 deat,
183 4082 265 4132 veluti
284 4083 311 4130 iu
330 4082 398 4131 bello
418 4098 463 4146 per
483 4082 590 4132 vulnera
609 4090 635 4132 et
675 4086 737 4132 tium
754 4085 896 4147 spoliantes.

82 4161 206 4224 pericula,
223 4160 273 4220 vei,
289 4163 357 4225 quod
372 4163 465 4211 ironice
480 4162 529 4215 dici
545 4169 634 4225 potest,
710 4164 859 4226 Quicunque
875 4165 966 4212 mundo
981 4165 1104 4213 terminia
1116 4165 1222 4213 obstitit.

82 4240 127 4301 qui
151 4240 179 4288 in
203 4254 233 4290 eo
256 4240 344 4300 iona,
369 4257 440 4290 susm
464 4241 634 4290 fortitudinem
675 4241 703 4291 Si
719 4241 789 4304 legas
806 4243 895 4290 muudi
910 4255 967 4289 cum
976 4241 1106 4302 Lambiua,
1119 4242 1222 4291 haecei-

81 4318 202 4377 ostendit,
220 4327 249 4368 ut
266 4335 355 4370 aurum
372 4330 453 4385 cogat.
488 4321 554 4370 Hinc
571 4321 634 4370 eius-
675 4319 805 4384 gnificant:
824 4319 988 4384 “Quicunque
1004 4322 1125 4370 terminus
1136 4320 1223 4370 mundi

1047 4402 1089 4465 13
