2916 5220
538 320 709 385 allilia
759 321 781 382 Ι.

273 508 457 572 Divelletur
479 507 644 588 adultera,

312 610 460 676 Lascivis
483 609 610 676 hederis
638 608 852 674 ambitiosior.

85 764 150 812 tium
167 763 287 826 iungebat
305 767 394 826 putres
409 763 437 809 tn
456 762 593 821 Damalin,
610 768 639 809 ut
657 761 660 845 1
674 760 733 824 sert
746 762 830 809 narnia
839 761 943 809 dream.
967 758 1017 809 Ubi
1030 759 1230 811 Servm‘noot-

85 841 156 891 Pers.
184 841 238 891 Sat.
262 841 297 891 V.
319 841 359 890 58.
394 842 448 888 Ille
466 841 495 888 in
520 840 638 890 Venerem
657 852 660 899 ι
679 843 715 889 lea
731 839 812 888 ainau
830 841 927 888 Pntm
942 838 1020 902 igitur
1036 839 1111 901 oculi,
1128 855 1161 890 ex
1177 855 1230 890 sen-

83 923 171 981 pneris
188 925 233 970 ent.
261 920 303 970 Sic
320 920 387 969 enim
404 918 483 968 MSS.
501 918 639 977 habentor
657 904 660 993 1
679 920 757 968 tentia
782 917 1027 978 Grammaticorum,
1052 925 1110 966 suut
1134 921 1229 975 nultra,

84 999 174 1046 laudat
192 998 261 1048 Serv.
279 999 310 1046 ad
323 997 371 1046 IV.
390 995 482 1059 Georg.
493 997 546 1045 199.
560 997 639 1059 vulgo
679 1000 796 1054 resoluti,
817 996 868 1045 iere
888 1004 917 1045 ut
936 1001 1024 1060 patrie
1042 1000 1124 1061 plebe,
1139 999 1231 1054 solnm,

83 1083 182 1140 patret.
216 1075 314 1126 Oomm.
340 1074 435 1123 “nimio
459 1082 520 1138 potu
541 1089 637 1124 marce·
678 1078 742 1127 sulci
759 1075 825 1138 apud
841 1075 988 1138 Virgilium.
1022 1076 1076 1125 Nec
1092 1076 1142 1124 scio
1159 1075 1232 1124 aliter

84 1162 181 1204 scentes
197 1161 222 1203 et
238 1154 340 1203 libidine
356 1155 490 1214 resolutos,
506 1170 567 1218 quos
578 1154 637 1204 Vir·
680 1155 844 1218 interpretari.
865 1155 988 1204 Remanrt
1004 1155 1137 1204 difficultas
1153 1157 1178 1203 in
1195 1156 1230 1204 lo·

84 1233 161 1297 gilius
171 1233 268 1296 faciles
284 1231 416 1296 appellat.''
438 1233 547 1296 Respicit
558 1230 636 1283 VIII.
679 1235 779 1283 cutione
799 1234 918 1282 inusitata
939 1236 1019 1283 enaim
1039 1236 1169 1296 monne,
1187 1247 1231 1296 pro

85 1313 152 1362 Aen.
175 1313 231 1361 310.
258 1315 389 1373 Miratur,
400 1312 542 1377 facilesque
554 1317 637 1364 oeulos
680 1315 822 1372 intendere,
839 1312 949 1376 definere.

574 1464 744 1493 ψ

425 1620 667 1686 OARMEN
713 1620 892 1684 XXXVII.

269 1764 375 1845 Nunc
398 1784 449 1845 eu
470 1778 665 1863 stanuum,
690 1801 777 1844 nuno
799 1779 882 1864 pere
904 1779 1006 1843 libero

267 1882 436 1949 Pulsanda
457 1883 577 1966 tellus,
602 1904 690 1947 nuno
716 1882 895 1949 Saliaribus

313 1986 435 2052 Ornare
457 1985 611 2072 pulvinar
635 1986 779 2051 Deorum

356 2090 496 2175 Tempus
521 2094 590 2153 erat
613 2088 770 2174 dapibus,
796 2089 932 2154 sodales.

268 2191 418 2257 Antehac
442 2191 535 2257 nefas
559 2192 746 2277 depromere
771 2192 958 2259 Caecubum

269 2293 370 2360 Callis
394 2294 509 2378 avitia,
535 2294 614 2359 dum
639 2294 804 2380 Capitolio

314 2399 443 2484 Regina
465 2398 633 2463 dementes
657 2397 768 2463 ruinas

359 2502 473 2567 Funus
498 2506 531 2566 et
554 2500 690 2586 imperio
712 2501 849 2587 parabat

204 2682 357 2734 CARMEN
374 2682 518 2733 XXXVII.
681 2656 712 2703 de
728 2656 833 2705 Idmend.
854 2656 948 2704 ratione
969 2656 1079 2707 Graecae
1100 2655 1229 2706 Gramma.

319 2736 321 2741 ’
681 2735 722 2783 tic.
739 2734 798 2784 Vol.
815 2735 836 2784 Ι.
854 2751 878 2798 p.
899 2736 952 2784 l80.
985 2737 1044 2785 Non
1060 2737 1150 2785 melius
1165 2737 1229 2785 Bur-

129 2779 244 2866 Ornnre
258 2816 380 2877 pulvinar
398 2817 510 2863 Deorum
531 2815 640 2874 Tempus
682 2829 766 2862 maun.
791 2815 823 2862 ad
848 2814 949 2865 Petrou.
971 2817 1010 2865 28.
1032 2823 1089 2866 eret
1104 2830 1150 2879 pro
1166 2821 1230 2864 esset

88 2898 155 2941 erat.
198 2892 351 2944 scholiastae
374 2893 471 2940 dicunt:
500 2897 569 2951 erat,
595 2906 641 2953 pro
680 2901 752 2942 vocat
776 2894 915 2957 elegantem
932 2896 1087 2958 Enallagen,
1105 2897 1166 2943 dum
1184 2908 1226 2942 ex-

89 2977 136 3021 est.
170 2970 224 3020 Alii
240 2971 385 3036 interpretes
403 2987 417 3021 e
433 2971 584 3022 Graecorum
602 2986 640 3019 ra·
681 2973 760 3035 plicat
779 2979 864 3021 notam
886 2973 956 3021 illam
977 2973 1075 3021 dicendi
1094 2972 1228 3021 formulam

89 3050 158 3098 tione
173 3050 311 3113 explicent,
327 3050 641 3115 quiimperfectoutantur
683 3054 782 3114 teneam
798 3059 842 3102 est.
876 3051 943 3101 Nam
964 3052 1004 3100 hic
1025 3053 1095 3100 locus
1111 3066 1163 3100 esse
1180 3065 1229 3099 non

90 3143 137 3192 pro
161 3131 297 3192 praesenti,
321 3130 404 3193 figura
429 3145 444 3178 a
465 3129 641 3179 Grammaticis
683 3137 763 3193 potest
778 3131 1108 3193 Euallagae,quiaveteres
1120 3129 1230 3177 Romani

90 3207 207 3256 Heterosi
222 3208 354 3272 appellata
372 3208 416 3256 Ad
427 3223 483 3257 eam
495 3209 578 3257 locum
589 3209 640 3258 Ho·
682 3221 811 3270 nunquam
827 3208 966 3256 scribebant
982 3209 1081 3269 nemum
1096 3214 1170 3264 erret,
1187 3209 1230 3256 sed

91 3287 149 3334 ratii
169 3287 309 3336 retulerunt
329 3287 452 3337 Vechner.
473 3287 499 3334 in
515 3287 641 3337 Helleuol.
682 3301 778 3350 semper
799 3293 842 3336 est.
876 3287 1009 3336 Petronius
1032 3285 1067 3333 ibi
1092 3285 1154 3333 dixit
1178 3288 1230 3335 lon·

90 3381 149 3429 pag.
169 3367 222 3416 153.
245 3373 271 3416 et
286 3367 403 3415 nonnulli
419 3367 452 3415 ad
467 3366 593 3429 Vigerum
610 3367 641 3416 de
681 3383 740 3429 pane
760 3372 827 3425 erut,
848 3366 908 3428 quia
928 3364 1003 3413 verba
1023 3370 1082 3412 suut
1097 3365 1229 3412 numantia.

91 3446 167 3494 Idiot.
182 3461 240 3509 pag.
256 3446 313 3496 214.
347 3444 432 3494 Verbo
452 3445 527 3494 etiam
546 3446 572 3493 in
589 3445 640 3494 Ho·
682 3447 770 3510 Neque
795 3445 861 3509 apud
889 3444 1024 3493 Horatium
1049 3449 1147 3504 tempas
1172 3451 1229 3493 erat

91 3526 156 3573 ratio
171 3525 279 3574 defendit
294 3524 415 3588 Heusing.
433 3525 464 3572 ad
481 3524 598 3573 Mallium
610 3526 641 3574 de
681 3527 804 3590 signifieat
813 3529 992 3588 tenepnaesaet,
1002 3528 1032 3570 ut
1041 3520 1229 3572 vultBurman-

92 3604 181 3652 Metris
201 3619 258 3668 pag.
279 3603 320 3654 aa
358 3604 422 3654 Mihi
445 3602 490 3652 illu
515 3602 640 3652 Heterosis
681 3620 736 3655 nus.
769 3605 879 3667 Tempus
896 3610 952 3653 erut
969 3602 1102 3665 signifieat:
1119 3602 1169 3651 iam
1183 3603 1228 3652 du-

90 3683 193 3733 omnino
214 3684 272 3733 licta
291 3698 330 3734 res
350 3699 403 3733 esse
419 3683 530 3740 videtur,
546 3691 598 3732 tam
614 3684 640 3732 in
681 3686 742 3734 dum
758 3691 855 3749 tempus
871 3690 932 3733 erat.
962 3681 1029 3744 Quid
1046 3695 1135 3731 ornare
1151 3696 1228 3731 cessa-

91 3763 236 3813 nominibus
255 3778 331 3827 quam
352 3764 378 3812 in
399 3764 488 3812 verbis.
524 3762 552 3812 Si
573 3762 640 3811 enim
680 3763 712 3810 tis
727 3764 858 3827 pulvinar?
892 3761 942 3812 Sed
958 3761 983 3808 in
1000 3760 1039 3807 his
1054 3773 1093 3806 me
1110 3759 1174 3807 duae
1190 3774 1229 3808 res

92 3842 148 3892 loca
168 3843 317 3906 scriptorum
335 3842 474 3891 acnuratius
486 3841 641 3901 intueamur,
681 3840 820 3898 offendunt,
844 3841 924 3905 prior,
949 3838 1014 3902 qnod
1035 3837 1111 3886 verba
1131 3842 1228 3897 tempas

92 3922 242 3985 reperiemus
257 3921 426 3986 imperfectum
447 3935 497 3971 non
518 3921 576 3983 poni
595 3933 642 3983 pro
680 3928 738 3969 erat
759 3922 842 3969 statim
863 3920 1049 3982 subiunguntur
1066 3915 1228 3964 antecedenti-

92 4002 228 4063 praesenti,
252 4001 300 4050 nisi
323 4014 401 4064 quum
426 4001 480 4064 ipsa
505 3999 641 4048 sententiae
681 4000 729 4047 bus
746 4015 814 4049 nune
833 4005 871 4047 est
891 3999 1037 4047 bibendam:
1055 3993 1146 4048 altera,
1162 3994 1228 4055 quod

92 4081 157 4129 ratio
181 4083 221 4130 vel
246 4081 310 4130 terat
332 4079 373 4130 rel
398 4079 512 4144 postulet.
553 4079 642 4142 Neque
681 4093 748 4126 nanc
759 4083 858 4139 tempas
868 4082 925 4124 ernt
944 4073 1053 4137 positum
1069 4073 1101 4120 sit
1110 4086 1156 4134 pro
1168 4073 1228 4130 mm,

92 4159 242 4223 significatio
259 4165 398 4223 temporum
420 4158 571 4208 Graecorum
592 4158 640 4207 La·
681 4156 828 4203 ionrdndam
845 4160 942 4216 tempus
958 4157 1026 4202 nat:
1044 4149 1115 4199 ouius
1127 4150 1228 4199 locutio-

93 4240 254 4301 tinorumque
269 4253 302 4290 ex
318 4245 404 4288 nostra
413 4237 531 4302 loquendi
540 4251 641 4286 consue·
681 4235 719 4283 nis
736 4247 786 4282 non
802 4234 875 4282 credo
891 4231 996 4280 inveniri
1012 4231 1163 4293 exemplum.
1183 4230 1229 4280 Vi-

93 4318 182 4366 tudine
202 4316 334 4366 iudicanda
357 4323 401 4366 est.
435 4316 494 4365 Vid.
520 4315 639 4364 Hermen.
682 4315 728 4363 deo
744 4313 841 4362 laudari
857 4312 971 4375 Propert.
989 4311 1024 4360 11.
1042 4310 1066 4358 8.
1081 4311 1119 4358 lt.
1138 4310 1231 4373 anna'
