2916 5220
571 310 887 374 rtltttltNUM

345 505 512 567 ,lb-inuuere
543 503 657 564 l'e‘rtrcr·
681 499 742 563 tela
771 497 911 582 Cycleut'o

346 608 477 670 Ilirerit
498 625 592 668 arere:
616 624 678 667 ueu
701 601 796 666 suriel
815 600 895 665 Ilios

398 711 538 772 l'euata:
563 728 625 771 uou
642 709 801 791 putauerit
824 709 934 790 trepens

433 811 615 876 Idomeneus
640 809 839 874 Stlreuelusre
861 807 947 872 solus

350 915 492 981 llieeruta
518 915 621 978 diuus
639 912 784 997 proelia:
808 932 870 975 uou
882 910 988 994 seraa·

347 1022 462 1084 Hector
484 1018 533 1083 ael
553 1040 626 1083 acer
648 1014 830 1102 Deiphobus
849 1037 965 1101 preces

389 1125 528 1207 Excepit
551 1126 630 1186 ictus
647 1142 713 1205 pro
730 1119 861 1204 pudicis

437 1223 624 1312 Couiupr'bue
640 1227 812 1310 puerisque
828 1225 966 1306 primur.

345 1331 463 1395 Vixere
487 1330 586 1394 fortes
616 1332 693 1393 ante
716 1327 968 1412 Agamemnona

344 1433 460 1498 Multi:
486 1433 544 1498 sed
567 1452 679 1496 omnes
703 1427 958 1513 illacrymabiles

387 1537 578 1622 Urguentur
602 1533 773 1620 ignotique
796 1532 896 1617 longa

432 1642 553 1725 Nocte,
578 1646 690 1707 carent
713 1640 791 1726 quia
813 1643 889 1705 vate
913 1661 1014 1707 sacro.

342 1747 498 1812 Paullum
522 1744 670 1831 sepultae
693 1743 797 1809 distat
819 1743 956 1809 inertiae

343 1849 457 1914 Celata
479 1849 593 1913 virtus.
642 1849 717 1912 Non
741 1868 802 1933 ego
826 1853 859 1912 te
883 1847 965 1912 meis

196 2002 625 2065 PriruurceTeucertelaCydouto.
646 2003 707 2050 Lae·
784 2003 900 2050 Dicenda
921 2002 1007 2048 Missis
1035 2003 1141 2063 proelia.
1180 2005 1304 2053 Horatius

163 2088 217 2128 tum
239 2081 407 2131 Grammatico
428 2087 604 2143 argumentum
625 2082 660 2129 rei
676 2096 708 2129 ex
751 2081 800 2130 IV.
819 2080 903 2130 Carm.
925 2081 947 2128 4.
968 2081 1008 2128 68.
1028 2081 1134 2129 Proelia
1147 2087 1303 2136 carruiuitus

162 2159 272 2208 Homero
292 2159 364 2209 facile
384 2161 581 2223 amplificandae.
608 2159 708 2210 Bellum
750 2161 878 2222 loquenda.

162 2239 300 2288 Troianum
317 2239 376 2288 satis
393 2240 558 2303 intelligimus
571 2254 602 2288 ex
611 2239 709 2288 Helena
784 2241 840 2288 Pro
853 2241 953 2302 padua
975 2238 1137 2302 Contuplbua.
1173 2239 1201 2289 Si
1223 2243 1303 2292 voluit

162 2324 187 2367 et
208 2319 406 2382 Agamemnone.
441 2320 490 2370 Sed
511 2321 571 2384 quia
590 2319 709 2368 Horatius
749 2319 895 2379 cauiupitua
920 2321 1098 2378 Troianorum,
1120 2320 1238 2369 additum
1260 2321 1302 2369 ali·

162 2398 259 2446 dixerat
275 2401 351 2447 urultt'
360 2400 445 2462 fortes
460 2401 557 2456 maere,
578 2399 709 2449 Gramma·
750 2396 810 2458 quid
827 2398 966 2459 oportebat,
982 2411 1014 2446 ne
1031 2399 1200 2460 acciperemus
1218 2401 1301 2448 eoniu-

162 2475 204 2523 tici
222 2477 330 2538 glossam
348 2478 464 2527 facientes
479 2479 613 2527 nonnullos
632 2479 708 2527 nomi·
751 2488 794 2536 ges
811 2475 926 2524 Hectoris
943 2484 967 2524 et
983 2477 1114 2540 Deiphobi
1137 2479 1179 2527 De
1191 2479 1301 2543 Deipho-

161 2561 255 2603 narunt
280 2571 369 2619 eosque
393 2557 535 2621 elegerunt,
561 2559 604 2620 qui
631 2565 709 2607 metro
751 2553 782 2602 bo
798 2555 845 2603 hoe
860 2555 981 2619 imprimis
997 2555 1149 2616 ridiculum,
1162 2558 1220 2620 qui,
1237 2574 1300 2609 mor·

162 2634 213 2696 apti
229 2643 317 2684 essent.
351 2637 472 2686 Horatius
489 2637 629 2694 Achillem,
648 2637 708 2685 Aia·
750 2640 795 2681 tuo
811 2634 916 2693 Paride,
934 2649 1037 2683 uxorem
1054 2636 1157 2684 duxerit
1167 2638 1300 2690 Helenam.

161 2726 215 2760 cem
236 2720 260 2761 et
281 2714 428 2764 Diomedem
445 2731 495 2765 non
512 2717 639 2765 omisisset.
669 2718 708 2766 De
783 2716 909 2763 Paullum
932 2716 1047 2777 sepultae
1077 2717 1160 2764 tutat
1192 2717 1301 2766 iroertiuc

162 2790 291 2853 Deiphobo
312 2801 385 2851 certe,
402 2801 430 2842 ut
442 2796 567 2843 minorum
582 2796 707 2857 gentium,
752 2791 843 2840 Celata
858 2794 950 2842 uirtus.
977 2795 1111 2856 Sepultum
1126 2793 1299 2844 dicituromue

161 2870 285 2918 tacuisset.
303 2872 402 2920 Auctor
418 2880 475 2921 ante
491 2873 575 2921 oculos
593 2875 708 2925 habuisse
749 2870 825 2930 illud,
851 2872 918 2934 quod
943 2887 956 2920 e
977 2880 1108 2935 00n⁸pecl11
1133 2878 1159 2922 et
1179 2877 1300 2924 memoria

161 2949 260 2998 videtur
276 2950 390 2999 Learm.
407 2952 443 2999 15.
463 2949 506 2998 ubi
522 2951 596 2999 etiam
612 2953 708 3002 Teucer
750 2949 878 2998 hominum
904 2956 941 2999 est
969 2951 1096 2999 sublatum
1122 2958 1147 3000 er
1173 2953 1299 3011 deletum,

161 3036 186 3076 et
204 3029 335 3079 sthenelus
352 3029 498 3079 laudantur:
515 3030 557 3078 seu
571 3030 597 3078 in
614 3031 708 3081 maiore
750 3029 816 3090 quod
832 3035 870 3076 est
885 3032 1002 3087 solarum,
1013 3029 1130 3091 flatrum.
1151 3032 1192 3079 Εο
1208 3032 1300 3082 referre

161 3109 266 3157 aliorum
295 3125 398 3159 numero
419 3117 444 3159 et
465 3110 515 3158 alia
540 3111 648 3173 quadam
669 3128 707 3160 ra·
749 3109 826 3170 possis
850 3109 934 3156 omnia
953 3108 1069 3171 exempla
1089 3109 1197 3158 laudata
1211 3118 1237 3160 et
1254 3128 1297 3160 vu·

160 3189 233 3237 tione.
267 3189 350 3250 Quam
375 3191 473 3238 odiosae
493 3198 621 3252 practerea
640 3207 707 3254 repe·
749 3187 785 3236 rio
802 3188 914 3249 exposita
930 3203 945 3236 a
961 3187 1020 3236 viris
1037 3188 1116 3236 doctis
1133 3189 1165 3236 ad
1183 3189 1298 3253 Propert.

160 3267 270 3317 titiones:
297 3272 356 3319 Nou
372 3272 435 3327 eota,
459 3272 600 3330 primum-e,
627 3275 706 3329 eatur,
749 3268 799 3316 111.
820 3269 856 3317 13.
884 3268 956 3319 01111.
973 3269 1074 3316 Heroid.
1092 3269 1177 3321 X.76.
1195 3271 1299 3320 Petrou.

157 3349 266 3407 primus.
287 3349 401 3410 deauia
414 3352 465 3398 tela
476 3349 564 3396 sumsit
575 3364 607 3398 ex
617 3348 705 3398 Horat.
748 3362 805 3410 pag.
823 3348 878 3399 676.
913 3348 1044 3405 Claudiam.
1067 3348 1088 3396 Ι.
1110 3350 1217 3413 Eutrop.
1241 3352 1297 3399 211.

160 3426 180 3474 Ι.
199 3426 283 3476 carm.
304 3431 340 3478 15.
364 3433 456 3478 eulruui
472 3432 570 3492 spiculo
589 3432 706 3480 Gnoseii:
748 3433 773 3475 et
793 3429 899 3477 Anthol.
921 3428 1004 3476 Latin.
1025 3429 1164 3478 Burmann.
1186 3430 1258 3478 Tom.
1276 3430 1297 3479 I.

160 3507 235 3568 inque
252 3522 326 3555 versu
342 3508 471 3556 formando
487 3517 586 3557 secutus
603 3510 706 3557 estVir-
748 3522 804 3570 pag.
822 3509 879 3556 586.
896 3509 951 3557 Iam
968 3509 1019 3557 sire
1036 3508 1153 3556 inertiam
1170 3513 1298 3572 sepultam

160 3584 203 3646 gil.
228 3586 261 3634 X.
288 3587 375 3650 Eclog.
400 3588 439 3636 59.
466 3591 567 3637 Partito
592 3594 707 3651 torquere
748 3584 788 3632 hic
805 3586 871 3633 dicas
888 3586 1010 3634 oblivione
1026 3590 1155 3647 obrutam,
1173 3590 1225 3639 sive
1233 3591 1299 3652 fiai·

162 3663 276 3726 deeuia
293 3682 370 3715 caruu
388 3668 501 3728 Spicula.
523 3668 597 3716 Talia
614 3666 704 3716 Gram·
749 3670 813 3721 taur,
824 3672 914 3712 neutra
925 3665 1070 3727 significatio
1082 3668 1211 3717 convenit:
1221 3685 1299 3732 quare

159 3743 255 3791 maticis
280 3750 351 3792 erant
372 3745 512 3802 notissima,
533 3746 706 3808 Panegyristis
747 3741 875 3791 Bentleius
896 3744 1007 3793 volebat:
1039 3748 1164 3796 Paullum
1183 3751 1299 3812 sepultae

159 3836 266 3884 quoque,
285 3840 308 3872 v.
320 3838 341 3872 c.
360 3825 484 3873 Eumenio
501 3825 531 3872 de
540 3823 706 3874 Constantino
747 3823 827 3871 dietat
859 3823 951 3872 luertid
990 3824 1080 3874 Celata
1107 3828 1200 3877 virtue.
1242 3829 1298 3877 Hac

157 3915 210 3964 cap.
228 3903 251 3950 8.
279 3904 337 3951 Nou
353 3905 419 3952 euim
435 3905 489 3951 ulla
499 3906 640 3951 Persarum
653 3903 703 3965 Cp·
747 3915 836 3963 nempe
852 3904 988 3951 sententia:
1006 3904 1298 3966 “VivavirtuS,inertie

158 3984 279 4030 deaurare
300 3983 351 4030 tela
376 3987 429 4030 tarn
445 3984 523 4031 certis
540 3983 649 4030 iactibus
666 3986 705 4032 de·
733 3983 876 4044 ›po'e'tarum
897 3983 989 4040 celat-a,
1010 3983 1126 4047 paullum
1150 3985 1228 4034 distat
1248 3988 1297 4035 vir·

156 4062 255 4109 situata
268 4061 395 4122 ficerunt.
747 4062 794 4109 tuli
803 4061 937 4125 sepultae.''
955 4063 985 4110 Iu
994 4077 1044 4125 qua
1054 4064 1227 4115 emendatione
1237 4067 1298 4115 mihi

192 4141 249 4187 Nou
266 4143 340 4188 reurel
357 4141 423 4189 Ilios
443 4146 542 4190 aearrtu.
573 4139 647 4190 Ovid.
668 4141 704 4190 II.
746 4153 796 4187 non
813 4142 895 4204 placet
912 4141 1004 4190 inertid
1025 4141 1060 4189 sic
1076 4142 1158 4190 solum
1174 4144 1296 4206 positum,

157 4215 305 4265 Tristem.
335 4221 434 4266 Vexata
450 4224 488 4267 ert
503 4221 596 4268 iterum
613 4223 704 4269 currui·
746 4221 797 4269 sine
827 4221 911 4268 addito
938 4223 1038 4278 nomine
1066 4227 1161 4271 auturu.
1209 4224 1297 4287 Neque

157 4311 187 4341 uc
208 4297 284 4343 Troia
301 4313 359 4345 rrreo.
746 4306 811 4347 recte
836 4314 934 4350 accusas
955 4307 1042 4349 vatum
1059 4301 1186 4359 inertiam,
1205 4303 1298 4367 quippe
