2916 5220
650 323 977 391 CARMINUM

429 514 580 578 Liberum
604 519 637 576 et
662 511 774 576 Musas
798 509 1038 592 Veneremque,
1064 510 1097 570 et
1120 505 1170 568 illi

426 617 561 702 Semper
583 616 771 680 haerentem
796 612 939 676 Puerum
963 610 1116 689 canebat,

424 720 470 784 Et
494 719 618 802 Lycum
642 716 746 802 nigris
771 714 875 781 oculis
900 713 1059 798 nigroque

515 822 613 887 Crine
637 821 799 886 decorum.

424 926 453 992 0
477 926 573 991 decus
599 924 723 990 Phoebi
747 929 780 988 et
803 921 942 1007 dapibus
966 917 1109 1004 supremi

423 1029 526 1094 Grata
549 1026 681 1092 testudo
705 1025 810 1106 Iovis,
835 1045 854 1087 0
877 1022 1027 1087 laborum

423 1129 526 1196 Dulce
549 1129 713 1211 lenimen,
739 1126 822 1191 mihi
846 1145 985 1210 cumque
1009 1122 1099 1189 salve

511 1231 588 1297 Rite
610 1230 749 1297 vocanti.

240 1415 352 1451 cormacus
371 1402 454 1463 peluqe'
479 1402 574 1449 labores
600 1399 722 1447 Barbara
741 1397 788 1459 su·
832 1395 955 1444 auxilium
972 1408 1038 1444 nunc
1054 1408 1105 1442 non
1120 1393 1269 1458 postulabat.
1306 1396 1382 1454 Quie-

240 1497 295 1530 nem
311 1481 427 1542 reliquerit
443 1495 496 1528 eru.
831 1489 891 1536 que,
911 1476 1059 1536 quandoque
1078 1471 1136 1536 poni
1156 1488 1202 1536 pro
1222 1474 1381 1538 quicumque,

272 1562 393 1610 Liberum
410 1566 434 1609 et
450 1560 551 1607 Musae.
573 1558 642 1606 Inter
653 1556 789 1612 Bacchum,
831 1555 1046 1615 quandocumque,
1062 1552 1137 1601 multi
1146 1553 1294 1610 docuerunt,
1304 1553 1331 1601 in
1343 1555 1382 1603 his

240 1639 365 1688 Venerem
387 1646 411 1686 et
429 1636 577 1700 Cupidinem
594 1636 673 1697 magis
690 1646 788 1696 exspec-
832 1631 975 1682 Gronovius
992 1631 1023 1680 ed
1039 1632 1125 1682 Liv.I.
1142 1632 1183 1681 24.
1203 1631 1316 1695 (lunaque
1335 1647 1381 1697 pro

239 1725 351 1765 tererem
370 1717 516 1777 Nymphas,
539 1728 613 1775 quem
624 1713 725 1760 Musae.
748 1711 789 1760 Sic
830 1713 1031 1774 quotiescumque
1059 1710 1135 1759 nullis
1165 1711 1285 1775 exemplis
1314 1726 1380 1761 com-

238 1794 273 1842 Π.
301 1793 384 1843 Carm.
402 1795 425 1842 8.
448 1793 555 1856 periuria
575 1791 692 1840 Barcines
709 1791 790 1839 rident
824 1789 963 1851 probatur,
992 1788 1039 1837 nisi
1067 1789 1141 1838 unico
1169 1788 1214 1838 illo
1238 1791 1381 1840 recentioris

243 1875 339 1935 Venae,
356 1873 492 1935 Nymphae
508 1877 532 1919 et
551 1871 658 1932 Cupido.
830 1868 929 1930 poitee,
950 1868 993 1931 qui
1014 1867 1129 1931 Dionysii
1153 1867 1254 1918 Catonis
1279 1871 1380 1920 nomine

271 1953 321 2000 Ille¹
330 1952 432 2013 Semper
440 1951 581 1999 mouentem
591 1950 712 1996 Puerum.
728 1946 789 1996 Per·
831 1945 909 1995 fertur
925 1947 946 1995 I.
969 1948 991 1993 9.
1028 1945 1140 2009 Cumque
1160 1960 1242 1995 umnec
1262 1948 1379 2010 aliquem.

238 2036 343 2091 petunm
356 2029 477 2076 comitem.
499 2026 560 2076 Vid.
577 2026 664 2074 Barth.
675 2025 706 2073 ad
716 2025 789 2074 Statii
831 2025 882 2075 Sed
898 2033 923 2074 et
939 2025 974 2074 ibi
989 2026 1087 2074 variant
1102 2025 1179 2076 MSS.
1198 2031 1223 2074 et
1238 2040 1327 2075 verum
1341 2029 1380 2076 vi·

238 2107 286 2154 IX.
305 2107 384 2156 Theb.
401 2106 459 2155 808.
830 2102 902 2152 detur
922 2104 987 2166 quod
1008 2102 1034 2150 in
1056 2117 1106 2151 uno
1125 2111 1235 2167 apparet.
1271 2106 1380 2164 Quaado

270 2188 368 2248 Lycum
380 2185 457 2236 Mss.
472 2187 552 2234 Licin.
571 2184 650 2247 Apud
662 2184 788 2231 Ionesium
830 2198 912 2234 nemaeo
941 2185 1062 2247 aliquem,
1090 2184 1138 2233 nisi
1167 2199 1271 2250 cunque
1298 2188 1329 2236 sit
1354 2194 1379 2238 et

237 2265 364 2312 coniicitur
383 2267 468 2327 Lycen
485 2266 607 2312 decoram.
829 2277 899 2319 cum,
917 2268 947 2309 ut
958 2268 1043 2311 auctor
1054 2277 1152 2313 versum
1163 2277 1222 2312 cum
1233 2267 1377 2317 anteceden·

273 2345 295 2391 0
321 2346 434 2393 laborum
459 2344 531 2392 dulce
556 2344 669 2392 lectionem.
711 2342 788 2391 Hunc
830 2339 896 2388 tibus
913 2342 1078 2392 coniunxerit.
1111 2343 1238 2392 InAetna
1254 2344 1285 2394 C.
1294 2344 1378 2395 Severi

235 2422 318 2470 locum
335 2422 434 2472 volebat
451 2421 534 2472 Schol.
554 2421 628 2471 Statii
639 2422 674 2470 11.
692 2422 786 2471 Achill.
829 2435 866 2469 rs.
879 2422 902 2469 5.
919 2427 1047 2484 tecumque
1055 2419 1187 2471 manifesto
1202 2428 1240 2471 est
1250 2428 1276 2471 et
1287 2428 1375 2472 tecum.

238 2501 292 2550 185.
342 2502 487 2550 Attonitum
521 2502 593 2550 vario
628 2502 788 2551 oblectamine
828 2499 871 2548 Ex
887 2499 934 2549 loci
950 2500 1074 2550 Ciceronis
1091 2499 1141 2549 III.
1161 2500 1224 2564 Leg.
1244 2503 1376 2564 &equita-

235 2582 345 2629 mulcene
362 2581 446 2629 Elicit
462 2585 572 2628 extremo
589 2581 688 2641 chelyn,
708 2587 733 2630 et
746 2596 784 2630 eo·
829 2583 1003 2643 {umerumque
1019 2581 1063 2642 qui
1079 2585 1162 2643 requt,
1177 2580 1241 2630 nihil
1257 2580 1376 2643 efficitur,

235 2660 318 2707 taretia
334 2673 410 2707 curas
446 2659 504 2706 Fila
526 2662 612 2706 orscuet.
646 2657 698 2706 Ubi
717 2673 786 2707 nunc
827 2664 944 2720 corrupto
960 2658 1064 2715 scilieet,
1085 2664 1115 2706 ut
1130 2673 1214 2708 omnes
1230 2659 1376 2724 interpretes

235 2736 327 2799 legitur
338 2738 384 2786 hoc
396 2737 525 2788 Scholion:
540 2738 704 2786 Ablatacum
715 2739 787 2788 dulce
826 2735 944 2785 iudicant.
982 2735 1110 2785 Bentleius
1127 2736 1284 2787 coniiciebet:
1301 2741 1376 2800 neiat,

234 2817 351 2864 lecaomn.
375 2815 479 2878 Corrigc
488 2816 580 2864 velzob
590 2817 703 2864 laborum
715 2818 786 2866 dulce
826 2818 915 2879 cuique
943 2818 1017 2866 celte.
1044 2815 1195 2866 salvemini
1210 2816 1251 2865 vel
1267 2817 1375 2866 cuicum-

235 2893 784 2953 lenlmen,vel:utLuborumdulcelenimen.
826 2910 875 2958 que
900 2895 943 2943 ulii
966 2895 1013 2944 rite
1037 2895 1142 2944 vocanti.
1179 2895 1239 2944 Non
1263 2897 1374 2946 multum

268 2974 339 3021 Mitt
364 2989 467 3036 cumque
490 2975 557 3022 ealce
590 2973 653 3022 Rite
676 2975 782 3022 uocanti.
826 2974 867 3023 isti
877 2974 1032 3023 coniecturae
1044 2973 1133 3023 tribuit
1143 2975 1182 3023 vir
1192 2977 1374 3039 sagacissimus.

234 3051 303 3099 Illud
320 3067 424 3115 cunique
439 3066 489 3101 non
506 3051 631 3114 intelligo,
648 3065 705 3109 nec,
717 3053 783 3115 quod
825 3053 879 3102 Nec
895 3066 955 3102 sene
971 3067 1018 3115 ego
1034 3066 1115 3112 meac,
1132 3068 1208 3116 qnam
1224 3060 1308 3105 tanim
1319 3072 1374 3121 pro

233 3131 394 3190 substituam,
419 3131 505 3180 habeo.
548 3130 645 3193 Ioseph.
672 3131 783 3194 Scaliger
825 3130 916 3190 feram,
933 3131 1080 3180 utaliorum
1094 3131 1373 3197 industriamexcitem,

234 3211 280 3259 hoc
297 3211 351 3260 loco
367 3210 404 3259 bis
421 3210 511 3267 utitur,
528 3207 660 3257 edLucilii
671 3210 782 3258 Aetnam
824 3210 845 3258 si
866 3209 985 3260 feliciores
1005 3225 1106 3260 versum
1127 3211 1285 3275 deploratum
1304 3215 1373 3263 resti-

232 3305 268 3339 vs.
286 3292 310 3339 5.
327 3296 353 3339 et
369 3289 470 3340 Catonis
487 3287 601 3338 Disticha
612 3288 633 3336 I.
645 3289 668 3336 9.
687 3288 782 3338 Graece
823 3296 903 3339 tuant.
928 3291 1044 3340 Fortasse
1060 3291 1137 3354 igitur
1150 3290 1297 3354 legendum:
1312 3297 1374 3344 mibi

233 3369 307 3418 etiam
329 3370 364 3417 sic
385 3368 478 3416 reddit:
499 3371 570 3432 χαῖρε
585 3384 628 3430 μοι
646 3367 707 3416 πότε
725 3368 781 3416 ἐπι·
823 3374 900 3431 tuque
915 3371 989 3419 ealce.
1023 3368 1174 3429 Ocithare,
1190 3384 1256 3433 quae
1271 3371 1373 3424 Phoebo

232 3448 359 3496 καλοῦντι.
386 3447 441 3495 Hoc
452 3445 499 3495 erit
509 3460 553 3508 pro
563 3447 780 3509 quandocumque:
823 3453 894 3496 tuam
915 3462 1015 3511 operam
1035 3455 1157 3512 praestes,
1177 3465 1242 3515 quae
1262 3459 1372 3515 praestes

232 3532 261 3574 ut
274 3525 359 3576 Sehol.
372 3526 588 3588 “quotiescumque
599 3538 718 3573 vocavero
732 3526 781 3574 te.”
823 3527 903 3576 Musis
920 3527 946 3575 in
963 3527 1074 3576 convivio
1091 3527 1215 3588 Deorum,
1226 3545 1291 3593 quae
1301 3547 1370 3595 pree·

231 3603 266 3652 Et
282 3604 317 3651 sic
332 3604 483 3665 interpretes.
517 3603 623 3651 Etiamsi
642 3603 690 3650 iste
706 3603 780 3666 signi-
822 3613 872 3654 stes
894 3606 990 3655 miseris
1011 3606 1141 3663 solatium,
1161 3612 1190 3655 tu
1211 3610 1289 3658 etiam
1309 3610 1371 3659 mihi

231 3683 316 3731 ficatio
344 3681 490 3730 testimoniis
519 3682 611 3730 idoneis
640 3681 781 3731 confirmari
822 3686 904 3745 salve,
936 3685 997 3734 mihi
1025 3700 1125 3749 operam
1158 3693 1229 3736 tuem
1260 3696 1370 3752 praesta,

231 3769 319 3825 posset,
328 3774 383 3809 eam
392 3766 476 3808 tamen
485 3759 516 3808 ab
529 3760 640 3808 hocloco
648 3774 699 3810 csse
708 3762 781 3811 credo
822 3778 901 3824 nunc,
919 3779 998 3827 quum
1014 3765 1097 3815 terite
1108 3779 1175 3814 voco.
1201 3767 1308 3817 Auctor.
1319 3769 1369 3817 111.

231 3841 346 3890 alienam.
380 3840 448 3888 Nam
473 3838 498 3886 in
523 3839 571 3886 hoe
594 3838 647 3902 ipso
672 3839 781 3889 carmine
821 3842 907 3893 Cerm.
936 3843 972 3891 ll.
1022 3845 1110 3908 Tuque
1133 3847 1232 3895 testudo
1256 3861 1371 3897 resonare

230 3917 780 3981 invocetbarbiton,utdicataliquid,quod
821 3928 915 3984 septem
949 3922 1052 3971 Callida
1072 3925 1162 3972 acreda
1201 3921 1271 3972 Mitt
1289 3927 1369 3986 ealce,

231 4000 311 4049 duret.
353 3999 442 4062 Itaque
472 3997 556 4046 minus
581 4003 646 4046 recte
671 3996 778 4046 diceret:
820 4008 848 4048 ut
864 4001 892 4049 in
909 3999 1009 4064 hymnis
1025 3999 1096 4066 χαῖρέ
1112 4019 1166 4066 μοις
1183 4016 1207 4050 v.
1218 4015 1240 4050 c.
1251 4003 1369 4054 Erinnae.

230 4080 324 4127 adiuva
345 4093 394 4134 nse,
416 4079 513 4140 quoties
538 4083 562 4126 te
587 4092 710 4126 uocauere.
745 4079 779 4127 Et
819 4077 891 4144 χαῖρέ
907 4097 950 4144 μοι
966 4076 1062 4142 Ῥώμη,
1079 4077 1302 4145 ἃνγάτηρἈρηος.
1330 4085 1369 4131 Tu

230 4158 302 4205 dulce
318 4158 423 4205 ladmen
440 4158 566 4215 laborum,
587 4162 624 4205 est
644 4171 702 4219 pars
724 4158 777 4206 uni-
819 4171 869 4206 non
886 4157 939 4207 sine
956 4157 1127 4207 blandimento
1140 4159 1259 4210 additum.
1281 4161 1368 4226 Eurip.

229 4249 315 4283 versae
335 4233 429 4292 laudis,
450 4249 526 4296 quem
547 4235 656 4283 citharae
677 4235 778 4294 tribuit,
819 4237 949 4287 Phoeniss.
969 4238 1026 4287 621.
1053 4241 1151 4304 Μῆτερ,
1176 4237 1244 4287 ἀλλά
1269 4257 1312 4303 μοι
1337 4242 1368 4290 σύ

229 4312 260 4360 ad
285 4311 462 4360 conciliandam
488 4314 540 4362 eius
565 4312 679 4375 gratiam.
714 4314 778 4366 Tele
819 4320 898 4381 χαῖρε.
917 4317 1018 4366 Terent.
1028 4316 1138 4380 Adelph.
1147 4315 1197 4365 ΠΙ.
1206 4319 1230 4366 2.
1239 4319 1281 4367 55.
1303 4321 1368 4368 Pro-
