2916 5220
560 315 736 379 LIBER
781 316 807 378 1.

206 500 356 574 Pulveris
380 501 492 585 exigui
512 524 612 587 prope
636 503 717 566 litus
741 524 840 586 parva
865 500 1028 566 Matinum

294 602 447 668 Munera:
473 626 532 668 nec
557 605 736 689 quidquam
761 605 822 669 tibi
846 605 979 689 prodest

205 704 319 768 Aerias
344 711 489 771 tentasse
512 707 645 789 domos,
671 707 844 792 animoque
868 707 1045 771 rotundum

295 808 496 873 Percurrisse
519 810 650 894 polum,
676 809 841 874 morituro.

207 909 393 975 0111111111
418 911 549 996 Pelopis
573 912 718 996 genitor,
744 913 882 977 conviva
906 914 1065 992 Deorum,

294 1012 518 1099 Tithonusque
540 1020 685 1080 remotus
709 1015 744 1079 in
768 1037 862 1080 auras

115 1156 157 1203 De
183 1156 311 1216 Archytae
338 1157 458 1217 colloquio
490 1158 664 1218 turpissimum

113 1238 152 1280 est
168 1238 337 1281 cummanum.
371 1231 458 1281 Aliam
475 1234 596 1284 rationem
608 1250 664 1284 car·

115 1310 189 1357 minis
217 1309 358 1372 explicandi
386 1325 465 1374 nuper
492 1313 547 1360 iniit
574 1314 605 1363 B.
631 1313 662 1364 G.

114 1388 250 1447 Weiskius,
262 1390 305 1451 qni
317 1404 416 1439 omnem
428 1404 565 1438 sermonem
578 1392 663 1440 tribuit

115 1466 219 1514 umbrae
235 1466 363 1530 naufragi,
380 1468 523 1530 Archytam
540 1482 615 1530 prope
627 1483 662 1518 se·

113 1546 215 1608 pultum
224 1546 388 1610 alloquentis,
403 1561 477 1609 seque
493 1546 567 1595 huius
580 1562 663 1597 exem·

114 1624 157 1687 plo
179 1625 335 1673 consolantis.
368 1626 517 1688 Elegantem
538 1627 583 1673 viri
604 1641 661 1675 eru·

115 1704 227 1752 ditissimi
249 1705 445 1753 dissertationem
467 1706 487 1753 1.
510 1705 538 1756 C.
560 1705 663 1753 Iahnius

115 1784 207 1847 recepit
227 1784 253 1832 in
275 1784 419 1833 Annalibus
440 1784 532 1833 Philol.
554 1792 579 1833 et
601 1784 663 1833 Pae-

115 1863 206 1925 dagog.
224 1878 245 1911 a.
264 1862 476 1913 MDCCCXXX.
510 1864 593 1913 Huius
610 1879 662 1912 sen·

115 1941 218 1988 tentiam
239 1940 311 1991 unice
326 1942 415 2004 probat
431 1943 578 1991 Meinekius.
613 1943 662 1991 Lu·

114 2019 215 2068 doricus
235 2020 421 2069 Doederlienius
443 2035 541 2068 carmen
567 2022 592 2069 in
614 2022 664 2070 duo

114 2097 662 2163 carminadivisit,fecitqueHoratiumipsum

113 2176 270 2239 loquentem,
295 2178 330 2225 ita
351 2185 380 2226 ut
402 2179 482 2227 1-28
502 2179 602 2226 adstans
627 2194 662 2226 se·

113 2257 202 2319 pulcro
211 2257 341 2320 Archytae
354 2262 445 2304 sortem
454 2255 589 2303 humanam
598 2271 663 2305 com-

114 2335 258 2395 miseretur,
274 2336 301 2383 in
322 2335 401 2383 altero
416 2335 503 2393 1-28,
521 2336 591 2396 qnasi
603 2350 663 2383 nau-

113 2413 195 2477 fragio
215 2428 344 2478 oppressus
360 2421 385 2462 et
401 2415 491 2462 eiectus
509 2414 663 2475 sepulturam

114 2500 236 2555 precetur.
278 2493 376 2542 Versus
406 2491 491 2541 Mista
519 2506 606 2541 senum
632 2521 663 2529 -

115 2574 273 2633 Proserpina
283 2571 356 2636 sapit
362 2609 369 2630 ,
390 2572 467 2628 eiicit,
484 2577 509 2620 et
525 2586 569 2633 pro
586 2575 664 2622 esitio

113 2656 153 2699 est
173 2653 275 2698 aridum
297 2667 368 2700 rnare
382 2653 470 2700 nautis
492 2650 589 2698 coniicit
606 2653 664 2700 alir's

114 2743 186 2776 rnare
203 2732 300 2786 nautis,
316 2729 363 2777 hoc
380 2735 429 2778 est:
447 2728 540 2777 inimici
552 2727 664 2777 Caesaris

114 2808 159 2855 alii
175 2808 201 2855 in
218 2808 270 2856 acie
286 2808 406 2864 cecidere,
424 2808 478 2865 alii,
496 2814 664 2869 1111111111-

114 2887 180 2949 fragi
196 2888 337 2950 peribimus.

149 2969 268 3015 Pulueris
276 2968 368 3029 eripui.
379 2965 512 3016 StatiusX.
523 2964 602 3013 Theb.
607 2964 663 3012 421.

114 3046 228 3107 Arrpusti
242 3060 320 3108 puero
337 3047 396 3092 aare
410 3045 525 3106 pulveris
542 3046 652 3091 haustas.

149 3125 268 3172 Munera.
294 3123 391 3171 Heiusii
401 3122 501 3184 funera
517 3120 596 3170 reiicit
610 3119 663 3169 Ou-

114 3203 232 3266 dendorp.
250 3203 332 3250 dicens
349 3216 454 3249 munera
470 3202 496 3248 in
514 3201 560 3247 hac
575 3213 601 3247 re
612 3213 665 3247 esso

115 3281 258 3342 cognitum,
280 3287 304 3329 et
325 3281 359 3327 sic
380 3278 549 3342 accipiendum
570 3277 662 3340 Virgil.

114 3359 164 3407 IV.
191 3358 280 3421 Georg.
298 3360 353 3408 520.
375 3374 423 3421 qao
439 3373 555 3416 prunae,
573 3371 607 3405 sc.
626 3360 663 3405 la-

114 3441 195 3498 pendt.
224 3439 281 3499 Qua
297 3438 391 3487 ratione
402 3442 488 3499 postea
499 3437 614 3500 Heynins
627 3437 664 3485 lo-

114 3529 174 3562 cum
186 3515 360 3564 difficillimum
373 3513 514 3577 explicavit.
533 3514 582 3564 Sed
594 3516 663 3564 locus

115 3594 162 3643 Iste
170 3594 274 3657 Virgilii
288 3601 340 3642 tam
353 3600 483 3656 corruptus
492 3600 537 3651 est,
548 3602 577 3641 ut
585 3594 663 3658 expli·

114 3675 167 3722 cari
175 3675 297 3723 sententia
305 3675 356 3723 eius
367 3687 417 3721 non
428 3673 510 3737 pessit.
520 3674 576 3736 Ego
585 3688 664 3736 nuper

115 3752 142 3799 111
153 3753 276 3802 Mnemos.
287 3753 357 3802 Leid.
374 3751 478 3801 conieci:
497 3759 581 3814 spreta
595 3753 664 3803 Oica-

114 3845 177 3878 nunr
185 3831 392 3895 quaquesoedere,
402 3837 495 3879 matres
508 3833 583 3880 Inter
591 3847 664 3880 sacra

115 3909 202 3958 Detirn
210 3910 557 3971 nocturniqueorpiaBaccbi
565 3911 664 3958 1111111-

112 3993 189 4048 ptam
204 3991 269 4036 latos
281 3990 394 4037 incertam
405 4002 518 4049 sparsere
526 4002 573 4049 per
586 4003 664 4050 apros.

150 4068 242 4115 Airias
259 4071 369 4115 tentasse
389 4068 479 4114 dorios.
513 4065 664 4115 Meinekius:

115 4145 199 4194 “Cum
209 4145 339 4193 manifesto
353 4146 383 4192 ad
395 4143 664 4208 astronomicaArchy-

116 4231 156 4272 tae
173 4224 255 4272 studia
274 4223 430 4274 referendum
452 4224 495 4280 sit,
519 4237 565 4285 pro
582 4223 664 4271 airias

116 4296 273 4352 scribendum
291 4308 344 4351 1111
355 4304 492 4361 aetherias,
510 4302 540 4351 de
555 4316 602 4364 quo
619 4301 663 4349 ad·

705 1159 791 1206 monui
815 1159 841 1206 in
866 1159 958 1207 Philol.
981 1157 1041 1206 Vol.
1058 1157 1092 1205 V.
1110 1172 1132 1219 p.
1154 1157 1253 1207 17111

705 1238 796 1299 recepit
812 1239 939 1286 aetherias
961 1235 1110 1297 Hauptius.’'
1144 1234 1209 1295 Quid
1226 1235 1252 1281 in

705 1314 796 1364 Philol.
815 1315 980 1374 admonuerit,
998 1323 1023 1363 et
1039 1329 1071 1361 111
1084 1313 1208 1376 Hauptius
1221 1313 1252 1360 ad

704 1393 925 1441 commendandam
943 1393 1139 1441 emendationem
1153 1390 1252 1439 addide-

705 1473 747 1528 rit,
764 1472 857 1533 ignoro.
893 1470 942 1520 Sed
964 1470 1018 1532 ipsa
1037 1471 1176 1519 emendatio
1191 1469 1252 1516 mihi

704 1557 755 1597 tam
772 1550 901 1612 praeclara
918 1550 1027 1607 videtur,
1044 1558 1073 1597 nt
1081 1562 1184 1596 manum
1193 1561 1249 1595 nos-

704 1629 738 1676 tri
752 1630 838 1691 poetae
855 1628 881 1675 in
899 1642 927 1676 ea
944 1628 1018 1691 plane
1035 1641 1174 1690 agnoscam.

732 1708 870 1770 Animaqae
881 1708 1019 1755 rotundam
1036 1707 1199 1756 Percurrrsse
1209 1722 1252 1768 pa-

704 1788 763 1833 lum.
788 1784 912 1834 Nonnulli
928 1786 1073 1834 decurrisse.
1098 1787 1254 1834 Percurrere

704 1870 752 1922 est,
769 1864 835 1926 quod
852 1862 938 1912 Cicero
955 1863 990 1911 11.
1008 1863 1039 1911 de
1055 1863 1110 1911 Fin.
1124 1864 1164 1910 31.
1179 1877 1252 1925 pera·

704 1957 778 2004 prare
794 1947 878 1990 vocat:
904 1942 956 2000 Qui
972 1942 1166 1990 innumerabiles
1182 1957 1253 1989 acun-

704 2022 746 2069 111
760 2021 923 2083 infinitasque
931 2022 1050 2082 regiones,
1062 2034 1171 2082 quarum
1180 2020 1252 2068 ncilla

704 2104 767 2148 esset
783 2114 827 2147 cra
834 2135 841 2160 ,
850 2099 922 2148 nulla
930 2099 1094 2158 extremitas,
1106 2104 1186 2146 niente
1195 2114 1251 2161 per-

703 2181 846 2240 aqracisset.
886 2178 993 2226 Pontius
1027 2177 1161 2226 Paullinus
1195 2194 1251 2241 pag.

704 2259 743 2305 44.
772 2260 908 2320 Spatiante
922 2257 1009 2318 polum
1026 2259 1070 2318 qui
1087 2263 1168 2305 mente
1179 2273 1252 2319 pera·

703 2343 769 2398 prat.
811 2337 846 2384 Et
868 2351 1017 2397 percurrere
1042 2335 1105 2383 vidit
1131 2334 1252 2383 Prudent.

704 2415 798 2477 Apoth.
825 2415 880 2463 805.
907 2415 991 2461 anima
1019 2413 1087 2463 mille
1105 2413 1200 2461 art-ibus
1217 2415 1252 2461 in·

704 2499 800 2541 structa
815 2494 908 2542 caelum
923 2507 996 2540 sunu
1010 2507 1156 2554 percurrere
1172 2493 1252 2540 docta.

742 2574 912 2633 Tithonusque
922 2576 1032 2620 remotus
1043 2573 1072 2618 in
1083 2585 1170 2618 auras.
1196 2571 1253 2633 Ego

704 2666 754 2700 non
776 2653 851 2700 miror
872 2650 948 2698 fuisse
967 2651 1125 2712 interpretes,
1147 2648 1189 2711 qni
1207 2664 1250 2698 ex-

704 2731 824 2792 plicarent
848 2733 876 2778 in
901 2744 978 2777 auras
998 2730 1107 2784 solutus,
1123 2729 1253 2792 evanidus,

707 2816 735 2857 111
751 2810 870 2858 Horatius
891 2809 920 2856 de
942 2810 1038 2857 eodem:
1062 2811 1147 2871 Lanpa
1167 2809 1253 2857 Titho-

705 2906 765 2939 num
782 2891 876 2938 minuit
886 2895 1006 2939 sanctus.
1031 2890 1098 2937 Nam
1110 2887 1175 2950 qnod
1187 2887 1253 2936 senio

705 2974 729 3016 et
746 2969 802 3017 tabe
818 2966 1058 3023 consumitur,illud
1067 2967 1093 3014 in
1102 2981 1176 3015 auras
1186 2968 1253 3016 abire

705 3045 809 3103 dicitur,
830 3047 902 3094 sicuti
922 3053 947 3094 et
972 3046 1057 3093 anima
1085 3047 1251 3096 morientium.

705 3122 777 3173 Ovid.
804 3125 880 3173 XIV.
907 3125 1009 3172 Metam.
1037 3126 1093 3173 431.
1135 3128 1254 3175 Luctibus

705 3210 842 3252 extractum
868 3209 952 3252 tennes
973 3203 1110 3265 liquefacta
1131 3205 1254 3253 medullas

708 3283 814 3342 Tabuit,
832 3284 906 3343 inque
923 3283 986 3329 leues
1000 3281 1140 3342 paullatim
1151 3284 1254 3330 evanuit

705 3375 791 3408 auras.
809 3359 858 3407 III.
877 3359 980 3406 Metam.
1003 3360 1060 3410 397.
1078 3361 1105 3407 in
1122 3360 1184 3408 aira
1200 3376 1252 3409 suc-

705 3454 747 3488 cus
766 3440 883 3500 Corporis
899 3440 979 3486 carinis
996 3440 1056 3486 abit.
1069 3436 1156 3486 Valer.
1168 3438 1252 3487 Flacc.

705 3517 754 3566 HI.
772 3517 828 3566 350.
846 3533 930 3580 repunt
948 3518 1018 3565 labor
1033 3519 1114 3564 onznia
1130 3518 1158 3564 in
1174 3533 1253 3566 auras

706 3597 827 3645 Solvitur.
863 3595 926 3645 Stat.
948 3593 998 3643 XI.
1020 3594 1101 3643 Theb.
1123 3598 1162 3644 55.
1178 3597 1254 3659 sapit

705 3678 733 3724 in
749 3691 840 3724 vacuas
856 3678 909 3724 iarn
925 3676 1034 3736 spiritns
1051 3689 1136 3722 auras.
1167 3675 1201 3722 Et
1219 3674 1253 3723 ita

706 3767 777 3816 saepe
794 3751 907 3802 Ovidius.
941 3753 990 3802 Sed
1007 3767 1037 3802 ea
1053 3751 1184 3814 explicatio
1200 3767 1252 3800 sen-

705 3832 796 3879 tentiae
812 3831 859 3879 Ioci
880 3838 917 3879 est
938 3831 1068 3879 contraria.
1102 3832 1190 3894 ltaque
1211 3847 1251 3880 co-

706 3909 788 3970 gimur
813 3911 918 3973 vulgata
942 3909 1107 3971 interpretari:
1130 3910 1253 3958 Tithonus

706 3987 737 4034 ab
762 3988 866 4036 Aurora
890 3989 916 4035 in
943 3986 1039 4035 coelum
1061 3992 1167 4035 evectus.
1203 3988 1252 4038 Sed

706 4065 752 4112 hoc
769 4064 857 4113 Latine
870 4066 958 4113 dicitur
966 4079 1013 4127 per
1024 4066 1141 4113 aurasia
1152 4069 1253 4126 coelunt,

705 4157 755 4190 non
771 4143 914 4205 simpliciter
931 4145 959 4192 in
973 4157 1058 4191 auras.
1083 4144 1150 4192 Nam
1166 4147 1192 4194 in
1208 4164 1253 4196 au·

705 4237 749 4270 ras
772 4223 852 4281 eceli,
878 4223 947 4282 tolli,
976 4221 1040 4270 idem
1067 4230 1104 4271 est
1128 4230 1202 4288 atque
1226 4230 1253 4276 in

706 4303 787 4350 altura
809 4302 877 4363 tolli,
898 4303 987 4350 volare.
1023 4299 1094 4350 Ovid.
1115 4301 1178 4354 VII.
1200 4307 1252 4355 Me·
