2916 5220
640 349 855 413 utana.

348 531 413 613 At,
439 554 541 616 quum
565 533 711 598 tonantis
735 556 841 599 onnus
866 535 1021 601 hibernus
1046 537 1134 602 Iovis

392 634 517 699 imbres
544 633 700 720 nivesque
723 644 912 722 comparat,

345 735 415 801 Aut
438 737 543 803 trudit
565 760 653 803 acres
676 739 754 804 hinc
778 747 811 804 et
833 741 911 806 hinc
934 741 1041 806 multa
1068 765 1149 808 cane

391 840 499 925 Apros
524 840 559 905 in
582 843 751 907 obstantes
774 844 908 928 plagas,

346 942 416 1007 Aut
439 944 539 1008 amite
562 944 627 1008 levi
650 967 723 1009 rara
746 946 853 1010 tendit
876 947 976 1028 retia,

391 1046 507 1110 Turdis
531 1047 685 1111 edacibus
710 1048 825 1130 dolos,

346 1148 572 1234 Pavidumque
594 1149 737 1235 leporem
753 1159 786 1216 et
811 1152 973 1217 advenam
990 1153 1107 1239 laqueo
1123 1177 1237 1240 gruem

390 1250 538 1316 Iucunda
561 1258 673 1337 captat
696 1253 858 1337 praemia,

346 1355 424 1434 Quis
449 1375 511 1418 nou
533 1354 708 1437 malarum,
732 1378 811 1441 quas
833 1379 922 1421 cruor
944 1379 1039 1424 curas
1061 1357 1170 1441 babet,

388 1458 479 1521 Haec
502 1461 514 1522 i
537 1468 585 1522 ter
607 1457 824 1524 obliviscitur?

342 1559 468 1640 Quodsi
491 1561 611 1645 pudica
634 1562 752 1626 mulier
777 1562 812 1626 in
837 1568 965 1647 partem
990 1564 1081 1629 iuvet

390 1663 535 1728 Domum
559 1669 657 1748 atque
681 1664 792 1730 dulces
817 1665 954 1748 liberos,

344 1766 465 1831 Sabina
489 1766 596 1851 qualis
621 1773 679 1831 aut
701 1775 834 1853 perusta
858 1769 982 1834 solibus

390 1868 538 1934 Pernicis
562 1891 644 1933 uxor
666 1869 790 1954 Apuli,

197 2044 320 2092 Tonantis
333 2059 414 2092 uuuus
427 2045 545 2093 hibernus
559 2046 635 2094 Iouis.
652 2043 710 2091 Ele·
750 2044 795 2092 tati
810 2048 880 2092 sunt:
898 2043 1004 2092 Lirinus
1021 2045 1140 2107 Meyerus
1159 2043 1232 2107 Eleg.
1250 2043 1300 2092 IV.

161 2135 224 2184 gans
246 2123 312 2184 apud
337 2122 399 2171 alios
424 2125 507 2186 imago
532 2126 624 2172 uultus.
649 2123 708 2172 val.
751 2124 774 2171 4.
796 2125 859 2182 Quis
869 2139 918 2171 uon
936 2125 975 2173 bic
989 2139 1112 2186 curasque
1128 2139 1215 2186 moues
1224 2129 1247 2172 et
1256 2140 1299 2185 pe·

160 2200 243 2250 Flacc.
265 2201 315 2250 111.
341 2203 398 2254 578.
424 2217 467 2251 ceu
492 2209 595 2264 pectora
620 2206 709 2251 uocas
749 2203 826 2250 ctoris
842 2205 912 2263 acori
925 2204 1037 2249 Vulnera
1054 2203 1173 2250 sollicitos
1189 2203 1299 2250 abiiciet·

162 2279 284 2342 Couqclut
309 2283 407 2330 hiberni
430 2283 517 2329 cultus
540 2283 617 2330 louis.
650 2281 709 2329 Non
749 2295 797 2342 que
807 2279 940 2328 metus?et
950 2280 980 2327 L.
991 2279 1125 2328 Sentenius
1134 2278 1218 2328 Carm.
1229 2281 1298 2341 p.67.

159 2365 244 2408 tamen
265 2359 417 2408 hicaunam
438 2367 533 2408 mntem
553 2360 579 2407 in
601 2363 707 2409 cultum.
753 2359 818 2417 Quis
840 2359 954 2419 sapietis,
979 2360 1037 2419 qicis
1062 2372 1111 2405 uon
1135 2360 1299 2406 obliviscatur

195 2436 284 2485 Multa
311 2454 378 2487 caue.
423 2439 479 2486 Hoc
503 2438 592 2486 melius
620 2454 708 2502 quam,
749 2451 857 2485 cruorem
876 2438 950 2484 Inter
965 2441 990 2484 et
1008 2437 1067 2484 boec
1087 2451 1163 2483 curus
1176 2451 1238 2497 quus
1252 2438 1297 2484 ba·

159 2516 226 2580 quod
250 2516 291 2565 alii
312 2516 420 2575 edidere,
438 2520 525 2565 uruito.
548 2517 666 2574 Veteres,
683 2518 709 2564 in
749 2516 789 2563 bet
805 2516 849 2562 ille
864 2516 967 2576 arares?
984 2514 1118 2570 Vitarunt,
1135 2514 1202 2576 quod
1220 2516 1298 2563 estin

161 2609 188 2644 re
201 2595 332 2658 praecipue
346 2595 471 2652 venatica,
484 2610 574 2658 genere
590 2595 709 2644 feminino
749 2593 853 2656 antiquo
875 2592 985 2641 carmine
1003 2593 1126 2641 vitiosum.
1162 2591 1212 2641 Sed
1229 2592 1298 2641 fictos

158 2677 229 2724 canis
249 2675 399 2737 praeterunt.
424 2675 483 2723 Vid.
509 2675 654 2738 interpretes
676 2677 707 2724 ad
748 2680 809 2735 puto
838 2687 922 2720 versus
948 2671 979 2719 ad
1004 2670 1233 2734 interpretationem
1261 2687 1297 2720 so·

159 2753 279 2815 Appuleii
296 2753 399 2801 Metam.
417 2767 473 2816 pag.
486 2754 542 2802 514.
569 2754 622 2802 Pro
637 2770 708 2804 acres
748 2751 890 2814 quentium:
913 2753 978 2813 quod
994 2752 1016 2798 si
1030 2753 1125 2811 pudica
1142 2764 1177 2813 sq.
1197 2751 1297 2801 Scilicet

158 2832 245 2880 vitiose
266 2832 293 2879 in
314 2832 371 2881 MS.
397 2831 513 2880 Leidensi
538 2836 614 2896 coris.
647 2834 708 2882 For·
749 2836 822 2878 “oum
845 2831 891 2879 tali
908 2845 986 2878 uxore
1004 2844 1077 2878 nemo
1094 2844 1190 2878 amores
1217 2832 1296 2889 leves,

158 2918 224 2959 tasse
241 2910 321 2958 voluit
337 2913 413 2959 acris.
696 2910 703 2931 ’
749 2924 798 2957 non
821 2909 959 2972 legitimos,
980 2908 1122 2970 cogitabit.”
1153 2910 1228 2959 Forte
1251 2926 1296 2958 uu·

193 2991 269 3037 Rara
286 2991 368 3037 tendit
385 2991 457 3038 retia.
486 2989 577 3039 Nestor
599 2991 624 3038 in
646 3006 708 3040 voce
748 2989 810 3037 otori
829 2990 927 3052 glossae
948 2991 974 3037 in
999 2995 1083 3036 mente
1100 2989 1148 3037 fuit
1164 2990 1232 3037 locus
1250 2991 1297 3039 Tc·

159 3069 260 3115 Homer
276 3067 338 3130 legit
352 3083 443 3130 parra.
748 3069 834 3127 rentii,
851 3068 969 3117 Eunuchi
985 3066 1006 3114 I.
1023 3069 1043 3114 l.
1054 3067 1093 3113 32.
1114 3069 1208 3130 Neque,
1222 3085 1297 3131 prae·

196 3147 261 3204 Quis
277 3161 327 3194 rrou
344 3147 483 3204 mularum,
501 3163 564 3210 quac
580 3163 651 3196 amor
667 3164 707 3197 cu·
750 3154 865 3209 terquaur
898 3160 963 3208 quas
995 3147 1049 3207 ipre
1073 3160 1144 3192 amor
1169 3149 1297 3197 molestius

160 3239 207 3272 ros
224 3227 306 3272 brrbet.
339 3223 436 3272 Versus
453 3224 589 3288 importuni
605 3227 709 3275 turbant
752 3228 848 3283 Habet,
866 3227 954 3272 adduc.
981 3222 1101 3271 Behotius
1122 3223 1149 3270 in
1166 3225 1295 3288 Apophor.

159 3310 256 3351 rectum
273 3303 384 3352 ordinem
402 3304 546 3354 sententiae.
568 3306 645 3354 Dictu
663 3306 708 3354 dif·
749 3306 770 3355 Ι.
787 3306 811 3356 7.
828 3304 949 3367 explicat:
967 3305 1041 3366 quia,
1062 3304 1106 3364 qui
1128 3319 1235 3352 amorem
1255 3320 1296 3353 sa·

158 3383 236 3439 ficile,
253 3383 312 3445 quid
329 3382 371 3430 hic
387 3381 419 3429 sit
436 3398 507 3431 umor
524 3390 549 3431 et
570 3385 591 3430 si
617 3385 708 3432 intelli·
748 3399 811 3431 aare
828 3384 988 3437 terrenam
1004 3383 1083 3429 ibunt.
1118 3380 1166 3431 Sed
1184 3380 1295 3430 foenera·

159 3461 255 3524 gendus
267 3476 338 3508 cruror
351 3461 443 3509 usitata
454 3462 646 3524 significatione,
657 3478 707 3512 non
749 3468 788 3509 tor
804 3475 854 3508 non
872 3474 955 3508 amare
972 3458 1047 3517 solet,
1059 3460 1126 3522 quod
1142 3460 1228 3523 magni
1239 3475 1295 3509 oon·

158 3540 322 3602 intelligimus
335 3539 394 3601 quid
408 3539 555 3589 foeneratori
568 3556 626 3589 cum
639 3557 706 3590 amo·
748 3546 804 3588 stat.
823 3539 951 3588 Sententia
967 3539 1038 3587 unice
1054 3540 1209 3601 postulabat:
1229 3541 1295 3599 Quis

158 3634 194 3669 re.
223 3619 278 3668 Iam
304 3618 461 3668 Graecismus
490 3633 539 3668 non
566 3626 604 3668 est
629 3621 706 3668 durus
747 3635 796 3667 uou
813 3620 920 3666 bubeudi
936 3633 999 3680 quas
1015 3631 1086 3665 curor
1111 3633 1187 3667 curus
1208 3621 1295 3680 babet,

157 3701 311 3755 “obliviscor,
337 3714 399 3760 urias
425 3714 500 3748 curus
527 3702 609 3748 malas
634 3703 706 3749 babet
748 3700 821 3746 Haec
842 3699 909 3746 iuter
934 3697 1109 3746 obliviscitur?
1142 3696 1221 3746 Amor
1247 3700 1292 3745 brr-

158 3778 259 3826 amor:”
282 3778 325 3827 sed
346 3777 396 3825 alis
419 3778 482 3825 ratio
502 3784 539 3825 est
560 3778 705 3836 verborum,
747 3779 824 3826 beuti,
844 3782 881 3824 est
902 3783 961 3824 nota
986 3775 1104 3833 formula,
1130 3781 1154 3822 et
1178 3776 1294 3838 proprius

158 3858 287 3905 obliviscor
304 3859 444 3913 caularum,
460 3871 523 3918 quas
543 3872 620 3904 curus
636 3874 707 3906 curor
746 3855 900 3904 foeneratori.
934 3855 1004 3902 Talis
1022 3868 1091 3901 amor
1112 3853 1205 3901 multas
1222 3869 1293 3903 cures

158 3938 242 3984 bubet.
260 3936 400 3985 Gronovius
409 3935 521 3984 adstatii
530 3936 551 3984 1.
561 3936 705 3986 Theb.ll2.
747 3933 825 3982 affert.
867 3933 979 3996 Alphius
1004 3934 1055 3995 ipse
1083 3931 1186 3989 fatetur,
1217 3948 1293 3995 quom

158 4014 241 4062 utitur
265 4015 311 4062 hoc
327 4014 453 4076 exemplo,
475 4018 503 4060 ut
528 4013 624 4072 doceat,
649 4015 705 4063 sub·
747 4013 835 4060 beatus
846 4017 910 4059 esset
920 4013 1016 4059 solutus
1025 4011 1092 4058 curui
1096 4010 1209 4071 foenore.
1227 4011 1291 4061 Con·

158 4091 296 4139 stantivum
317 4106 349 4140 ex
368 4091 481 4154 proximo
502 4091 613 4140 membro
634 4091 705 4141 intel·
746 4091 787 4138 iici
807 4096 832 4137 et
852 4096 944 4151 posset:
972 4091 1029 4137 Nou
1050 4089 1204 4137 turrinorum
1227 4105 1292 4153 quos

158 4170 212 4232 ligi.
246 4169 296 4220 Scd
312 4168 439 4231 exempla,
457 4182 521 4231 quae
537 4168 632 4226 attulit,
647 4170 705 4218 huic
746 4185 816 4218 amor
833 4183 909 4218 curas
925 4170 999 4216 babet
1018 4168 1089 4216 Haec
1108 4167 1177 4214 iuter
1193 4170 1291 4217 obliuis-

158 4253 245 4294 nostro
269 4261 320 4295 non
344 4253 403 4293 sunt
420 4245 516 4297 similia.
549 4250 608 4298 Duo
624 4251 705 4299 excel·
746 4249 843 4298 ciurur?
874 4246 923 4296 Sed
948 4261 998 4296 non
1023 4253 1084 4310 puto
1109 4259 1161 4294 esse
1184 4247 1289 4298 Horatii.

157 4325 290 4375 lentissimi
301 4327 387 4388 pobtae
397 4326 544 4375 recentiores
555 4327 638 4376 locum
650 4328 703 4376 imi·
782 4331 856 4388 Quod
879 4332 1011 4393 upudica
1036 4330 1127 4379 mittier
1148 4331 1291 4392 inparium

1115 4411 1155 4473 tt
