2916 5220
560 315 735 380 LIBER
782 316 808 380 I.

264 581 266 584 y
290 498 376 578 Quid
399 499 490 585 prius
515 499 621 565 dicam
646 499 753 565 solitis
777 506 951 584 parentum

288 602 479 668 Laudibus?
502 601 559 687 qui
582 623 633 667 res
657 601 828 667 hominum
852 625 888 668 ac
914 605 1072 688 Deorum,

103 759 282 820 pheameutee
291 766 358 808 runt.
393 757 660 809 InhIsrertefuerunt
703 753 777 803 allero
793 762 891 804 tantum
913 757 976 806 Stat.
996 758 1073 806 VIII.
1099 757 1177 808 Theb.
1193 761 1249 808 233.

105 852 223 899 quererer.
248 839 282 886 Et
298 843 382 888 tamen
400 852 466 887 nunc
483 837 598 901 Orpheus
615 834 658 881 ite·
703 834 783 881 durae
799 838 954 886 animantem
971 835 1113 900 Amphiona
1129 846 1223 889 cautes.

106 929 165 962 rum
186 931 290 978 querum
311 917 388 965 ducit.
424 917 473 967 Sed
495 916 607 971 arbores,
632 914 658 960 iu
740 914 811 970 Quid
829 917 904 977 prius
919 918 1002 964 dicam
1017 918 1100 965 aetitia
1115 923 1251 979 parentum

106 994 207 1043 Haemo
229 1001 335 1053 stantes,
359 1009 410 1044 non
435 1002 500 1043 reete
520 1009 536 1042 a
556 993 659 1056 rupibus
705 991 849 1041 Laudibus?
881 994 952 1044 Haec
973 995 1046 1044 lectio
1068 996 1155 1044 nititur
1175 998 1251 1060 pluri-

106 1086 216 1136 separes,
232 1073 301 1136 quin,
319 1075 423 1137 strapas
434 1074 542 1132 veniant,
559 1073 660 1121 veniant
704 1078 834 1118 moramet
848 1074 996 1135 optimorum
1003 1074 1082 1123 Oodd.
1092 1077 1250 1125 auctoritate:

107 1158 133 1200 et
150 1151 258 1202 arbores,
292 1152 361 1202 Bene
382 1159 466 1201 autem
487 1154 586 1201 arbores
608 1150 658 1213 pri-
704 1154 729 1196 et
750 1150 810 1197 mihi
830 1165 890 1199 vera
910 1153 1021 1210 videtur,
1042 1155 1085 1202 sod
1106 1154 1252 1217 explicanda

108 1245 181 1280 mum
197 1231 341 1293 relinquunt
357 1245 442 1293 rupes,
459 1230 547 1278 deinde
559 1236 583 1278 et
593 1229 659 1291 ipsae
704 1242 736 1276 ex
752 1228 887 1279 Latinitate
904 1245 953 1279 nou
970 1232 1076 1295 vulgari.
1110 1234 1205 1296 Iupiter
1217 1235 1251 1283 di·
1276 1250 1279 1256 ’

108 1323 184 1372 rupes
205 1309 329 1373 accipiunt
349 1311 420 1372 quasi
437 1324 520 1368 aures,
537 1322 611 1373 seque
628 1310 659 1356 ad
704 1308 768 1355 citur
785 1311 871 1358 lauder
887 1309 1058 1359 Romanorum
1074 1318 1198 1368 veterum,
1210 1314 1252 1374 qui

109 1387 213 1450 Orphea
224 1386 361 1437 conferunt.
378 1389 460 1437 Maius
472 1389 546 1437 etiam
558 1388 660 1451 aliquid,
705 1385 818 1434 laudibus
835 1386 1006 1435 Romanorum
1022 1388 1168 1437 celebratur.
1201 1391 1251 1440 Vc·

108 1481 187 1530 quam
204 1467 268 1528 quod
285 1468 427 1529 praecessit,
443 1475 568 1531 exspectes
579 1468 605 1516 iu
615 1468 660 1516 illo
705 1472 769 1515 teres
791 1465 899 1514 Romani
920 1467 1045 1516 habebant
1064 1483 1109 1516 sua
1125 1470 1251 1528 carmina,

109 1548 230 1596 blandum
251 1552 288 1605 et,
312 1547 337 1595 h.
359 1562 381 1596 e.
406 1553 458 1594 tam
475 1546 607 1606 blandum,
632 1554 661 1595 ut
705 1559 782 1607 eaque
807 1544 832 1590 in
856 1545 937 1593 coenis
963 1544 994 1592 ad
1016 1545 1101 1593 tibiam
1122 1546 1251 1595 canebant.

109 1624 177 1686 ipsas
197 1638 294 1688 quoque
312 1625 412 1673 duceret
428 1639 541 1687 quercus.
575 1626 661 1688 Atque
705 1623 866 1684 Argumenta
876 1624 1014 1671 carminum
1022 1630 1093 1671 erant
1103 1625 1189 1673 laudes
1201 1641 1251 1674 ma·

110 1704 136 1750 in
162 1703 242 1753 verbis
268 1706 344 1752 dumt
365 1705 441 1753 sileas
463 1709 488 1753 et
508 1707 660 1753 vernettum
704 1702 797 1749 iorum:
818 1717 843 1749 v.
860 1702 915 1750 loca
930 1702 1033 1750 classica
1049 1703 1114 1765 apud
1131 1704 1251 1755 Niebuhr.

110 1798 230 1845 qumana,
246 1796 296 1830 non
313 1789 350 1831 est
367 1783 488 1845 gradmm
511 1784 578 1832 Nam
591 1791 661 1833 tanto
705 1781 769 1829 Hist.
787 1781 860 1829 Rom.
878 1781 909 1829 T.
927 1780 949 1829 I.
966 1796 1024 1844 pag.
1036 1781 1092 1831 263.
1126 1782 1181 1830 Iam
1198 1785 1251 1833 lau-

110 1861 234 1918 duriores,
251 1875 326 1923 quam
344 1868 454 1909 caeterae
467 1861 573 1921 arbores,
591 1877 660 1926 quer·
705 1860 747 1908 des
764 1859 875 1908 omnium
888 1861 1010 1908 maiorum
1025 1876 1074 1909 non
1090 1863 1164 1911 simul
1181 1878 1251 1912 eane·

111 1954 156 1989 cus
177 1955 227 1989 nou
250 1947 315 1988 snut.
349 1940 377 1990 Si
397 1940 511 2003 legamus
528 1943 661 1990 Blandum
705 1939 808 1996 bantur,
831 1941 873 1987 sed
890 1940 963 1988 modo
979 1941 1092 1998 Romuli,
1109 1944 1182 1992 modo
1199 1944 1251 1992 Nu·

111 2027 137 2070 et
156 2018 472 2080 auritaefidibureanorir
489 2021 661 2069 Ducereean-
706 2033 773 2076 mae,
807 2019 880 2067 modo
914 2019 1027 2068 aliorum.
1079 2021 1253 2086 Quoscumque

112 2105 162 2158 ter,
187 2097 331 2146 habebimus
354 2097 420 2160 quod
440 2097 466 2145 iu
487 2097 566 2148 MSS.
587 2113 662 2162 prope
706 2105 789 2147 autem
806 2106 934 2158 canerent,
955 2116 971 2148 a
987 2101 1058 2157 Iove,
1080 2101 1176 2163 imperii
1192 2116 1249 2150 eon-

112 2178 146 2226 ad
166 2192 271 2240 quereres
291 2177 403 2234 accedat,
424 2177 489 2239 quod
510 2190 601 2225 novam
618 2178 659 2226 de·
706 2179 784 2227 ditore
799 2186 824 2227 et
840 2187 1026 2237 conservatore,
1044 2195 1140 2243 semper
1156 2182 1251 2243 incipie-

112 2257 195 2320 pictae
205 2256 662 2320 tabulaepartemrepraesentet,qnod
706 2257 773 2307 baut.
808 2262 848 2306 Ab
871 2261 931 2308 Ioue
953 2261 1115 2322 principium.
1153 2260 1252 2308 Laudes

112 2336 306 2402 deniqueartcm
314 2336 447 2400 Orphicum
458 2337 595 2385 clarissime
606 2343 663 2385 ante
706 2335 773 2384 Iovis
794 2338 819 2385 in
840 2338 957 2385 conviviis
973 2345 1045 2385 erant
1061 2337 1153 2386 solitae.
1187 2339 1251 2387 Eam

112 2417 200 2466 oculos
216 2422 304 2479 ponat,
321 2417 364 2480 qui
379 2421 464 2465 cautes
480 2416 563 2472 etiarn,
574 2417 662 2479 quibus
706 2416 907 2464 consuetudinem
925 2417 1021 2478 respicit
1037 2416 1088 2479 ipse
1104 2416 1193 2464 Horat.
1204 2417 1252 2470 IV.

113 2495 178 2544 nihil
195 2495 310 2558 rigidius,
326 2495 438 2543 moverit.
474 2493 592 2544 Carmina
607 2497 663 2558 po'e-
707 2491 790 2541 Carm.
810 2493 848 2540 15.
884 2495 983 2555 Nosque
1002 2499 1027 2541 et
1045 2495 1168 2558 profestis
1188 2499 1251 2546 luei-

113 2581 199 2623 tarum
211 2581 270 2622 sunt
282 2574 356 2637 plena
369 2572 489 2636 exemplis
500 2574 606 2625 musicae
617 2572 663 2623 Or·
707 2575 753 2620 bus
769 2576 794 2621 et
809 2574 890 2621 saurir
915 2574 990 2620 Inter
1007 2574 1080 2622 iocosi
1094 2591 1197 2624 munera
1210 2579 1253 2624 Li·

113 2654 246 2717 phicae,et
262 2652 342 2701 multa
357 2652 619 2715 indicaruntHeynius
633 2654 664 2701 ad
707 2654 760 2700 beri
791 2651 856 2700 Cum
874 2652 945 2712 prole
966 2655 1135 2715 matronisque
1159 2657 1254 2704 nostris

114 2733 208 2796 Virgil.
226 2733 274 2781 IV.
301 2731 390 2794 Georg.
408 2733 464 2780 493.
485 2738 510 2780 et
529 2732 614 2780 Burm.
633 2733 664 2780 ad
710 2731 772 2778 Rite
794 2731 861 2778 Deos
879 2733 954 2791 priua
974 2734 1117 2793 apprecati,
1152 2735 1254 2782 Virtute

114 2812 233 2875 Propert.
251 2812 286 2861 II.
306 2813 342 2859 lt).
360 2811 384 2859 ὅ.
419 2811 462 2859 Ad
474 2810 664 2873 intelligentiam
701 2808 818 2871 sanatos,
840 2825 907 2858 inore
926 2815 1044 2871 patrum,
1060 2813 1148 2871 duces,
1175 2814 1254 2874 Lydia

114 2891 163 2939 loci
179 2890 309 2939 Horatiani
319 2890 429 2954 inprimis
441 2889 534 2938 faciunt
545 2891 664 2953 Apollon.
708 2889 815 2935 rem-imo
832 2889 943 2936 carmine
965 2890 1035 2936 tibiis
1059 2891 1210 2952 Troiamque
1228 2897 1254 2939 et

114 2969 417 3033 Rhod.1,Arg0n,26
441 2984 477 3032 sq.
510 2970 595 3033 Αὐτὰρ
617 2970 665 3018 τόν
709 2967 836 3014 Anchisen
852 2970 877 3014 et
893 2967 975 3015 almae
988 2969 1136 3030 Propeniem
1152 2971 1254 3018 Veneria

115 3046 140 3112 γ’
165 3045 298 3097 ἐνέπουσιν
323 3047 434 3112 ἀτειρέας
460 3048 543 3112 οὔρεσι
569 3046 664 3112 πέτρας
708 3057 830 3092 canentia.
848 3046 1071 3108 Priusuppreeuti
1084 3047 1253 3105 Deos,lovem

116 3125 210 3181 θέλξαι
235 3125 346 3175 ἀοιδάων
371 3126 464 3190 ἐνοπῇ,
491 3130 617 3190 ποταμῶν
639 3144 665 3176 τε
708 3126 732 3168 et
749 3121 822 3176 alios,
839 3121 864 3169 in
880 3122 966 3170 iisdem
983 3124 1140 3173 carminibus.
1167 3127 1254 3190 Atque

115 3202 217 3268 ῥέεθρα.
243 3204 322 3268 Φηγοὶ
339 3202 359 3253 δ’
377 3203 494 3268 ἀγριάδες
511 3230 542 3240 -
560 3206 592 3262 ἃς
609 3207 623 3252 ὃ
641 3205 664 3270 γ’
708 3213 738 3247 ea
761 3198 847 3260 religio
868 3200 954 3248 animis
975 3202 1010 3248 ita
1030 3209 1082 3250 erat
1101 3203 1194 3262 infixa,
1212 3212 1253 3263 ut,

117 3281 212 3345 ἐπιπρὸ
230 3280 387 3346 Θελγομένας
402 3281 525 3347 φόρμιγγα
537 3282 664 3349 κατήγαγε
708 3285 824 3326 narrante
841 3278 923 3327 Plinio
940 3280 1065 3343 Panegyr.
1084 3283 1107 3330 3.
1124 3283 1163 3330 sui
1179 3285 1253 3332 maio·

116 3360 260 3424 Πιερίηθεν.
285 3360 373 3408 Manil.
386 3360 406 3408 Ι.
421 3361 477 3409 329.
506 3363 666 3412 Tunestlvag
708 3370 747 3404 res
764 3357 838 3404 etiam
855 3360 954 3407 dicendi
969 3359 1065 3407 initium
1083 3362 1251 3423 aprecationi·

116 3444 142 3488 et
163 3453 229 3486 αααα
250 3440 362 3488 trahem,
382 3440 416 3488 V,
434 3440 491 3488 322,
527 3441 565 3488 Et
580 3455 666 3490 ,mm
709 3434 754 3482 hus
780 3442 903 3498 caperent.
942 3436 1073 3487 Caeterum
1098 3442 1185 3489 lauder
1209 3457 1254 3505 pro

116 3518 233 3581 seopulis,
248 3523 273 3565 et
289 3520 361 3567 silvis
378 3521 570 3569 addiditaurea.
588 3519 665 3580 Quin·
708 3516 823 3563 carmina
843 3515 869 3563 in
890 3529 939 3577 (1¹10
958 3517 1013 3579 quis
1035 3518 1162 3577 laudatur,
1179 3523 1254 3570 etiam

117 3594 156 3643 til.
182 3593 204 3642 Ι.
228 3594 264 3643 10.
302 3596 404 3658 Orplwa
428 3613 477 3646 ααα
495 3598 571 3660 feras
596 3600 665 3647 produ
709 3599 813 3656 usurpat
837 3594 930 3644 Tibull.
955 3595 991 3645 11.
1019 3599 1042 3646 5.
1067 3599 1091 3648 3.
1133 3602 1210 3650 Nune
1231 3609 1255 3650 te

117 3676 161 3723 aad
176 3688 241 3722 aare
258 3675 334 3722 etiam
350 3676 474 3738 siluasque
489 3679 596 3733 inaure,
610 3692 665 3739 poa·
711 3672 823 3736 (Apollo)
840 3677 934 3724 uocales
946 3677 1072 3740 impellere
1086 3681 1174 3741 polliae
1186 3681 1254 3730 ehor-

119 3754 234 3802 teritatis
256 3754 387 3802 memoriae
403 3756 529 3804 traditum
544 3761 589 3805 est.
623 3755 666 3806 Se·
710 3756 767 3814 das,
794 3757 870 3804 Nunc
888 3771 977 3816 praem
998 3758 1033 3804 nd
1052 3758 1137 3806 laudes
1151 3758 1256 3818 flectere

119 3845 182 3879 neca
201 3830 276 3879 Herc.
293 3831 354 3880 Fur.
372 3831 428 3884 573.
465 3832 533 3885 Quae
547 3837 625 3884 silens
642 3841 667 3884 et
709 3835 784 3882 rerba
794 3849 869 3882 meaa
886 3834 917 3882 Id
928 3841 976 3884 est:
993 3835 1078 3884 Flecte
1089 3850 1173 3884 vocem
1187 3844 1254 3883 tuam

119 3927 177 3961 uvea
192 3926 303 3974 auraque
315 3918 433 3962 traxerat
450 3919 510 3973 Ars,
520 3931 584 3976 qnae
592 3931 666 3978 prae·
710 3912 741 3960 ad
758 3913 843 3961 modos
859 3913 975 3960 carminis
992 3913 1049 3960 mei.
1076 3912 1144 3962 Cane
1157 3928 1255 3961 mecum

119 3991 467 4053 buerntfluminibuemoraa.
490 3993 666 4058 SidonApol-
710 3991 880 4040 Messalinum.
922 3990 1017 4038 Eadem
1047 3991 1141 4039 ratione
1169 3992 1256 4054 ahquis

120 4069 171 4118 lon
196 4069 280 4120 Carm.
299 4071 335 4120 H.
352 4071 393 4124 71.
429 4072 477 4125 Qui
497 4080 574 4123 cantu
588 4075 668 4137 fleuit
710 4070 798 4117 dieitur
809 4082 861 4117 esse
871 4083 979 4126 carmen,
983 4069 1069 4131 faena,
1080 4077 1142 4119 caet.
1159 4072 1257 4121 Auctor

119 4150 244 4212 scopulos,
261 4150 395 4212 dipitiaque
410 4153 511 4201 canaria
539 4152 668 4214 Compulit
711 4149 768 4199 Gul.
790 4149 848 4198 361.
885 4147 990 4196 Curtius
1015 4173 1046 4184 —
1073 4152 1154 4198 Fama
1180 4158 1257 4201 aetra.

120 4229 223 4276 auritus
246 4230 283 4276 ad
307 4229 433 4290 plectrum
460 4245 561 4279 currere
583 4233 667 4280 silvae
711 4229 825 4292 Propert.
842 4228 877 4277 II.
897 4229 918 4277 l.
952 4231 1079 4291 Perperna
1095 4245 1183 4280 nomeu
1202 4233 1255 4281 Ho-

121 4306 163 4354 De
187 4309 302 4356 cauimus
326 4313 408 4356 autern
434 4308 540 4368 nequis
562 4308 668 4367 dubitet,
711 4310 782 4359 meri.
824 4307 932 4357 Martial.
957 4308 1034 4358 VIII.
1059 4310 1099 4360 73.
1146 4311 1258 4359 Nemesis
