2916 5220
598 328 773 391 LIBER
819 329 863 391 ll.

343 514 553 580 Sumnrovere
576 514 688 596 litora,

383 616 505 680 Parum
529 616 675 701 locuples
700 615 888 681 continente
911 615 990 700 ripn.

343 718 446 801 Quid,
472 719 559 803 quod
582 741 685 803 usque
708 718 875 804 proximos

385 822 530 886 Revellis
555 822 625 907 egri
648 821 825 904 terminos,
850 827 883 886 et
906 821 993 885 ultra

341 925 480 990 Limites
504 925 674 991 clientium

384 1028 469 1093 Solis
493 1031 631 1093 avarus?
679 1028 818 1093 Pellitur
842 1036 994 1112 paternos

340 1132 378 1194 In
404 1131 480 1196 sinu
502 1131 608 1196 ferens
634 1131 719 1196 Deos

387 1234 433 1298 Et
456 1256 537 1298 uxor
565 1240 599 1299 et
622 1234 672 1298 vir
702 1234 913 1319 sordidosque
936 1240 1040 1298 natos

340 1338 442 1403 Nulla
465 1338 582 1403 certior
606 1344 715 1403 tumen

384 1440 524 1526 Rapacis
549 1440 625 1506 Orci
648 1439 714 1504 fine
739 1441 904 1505 destinata

160 1563 184 1604 et
204 1572 275 1606 errare
294 1561 442 1607 submovere.
476 1555 556 1605 Rutil.
578 1556 663 1604 itiner.
685 1556 707 1604 Ι.
748 1555 887 1604 vicinorum
897 1556 945 1604 viu
960 1556 1055 1605 Duker.
1068 1555 1099 1603 nd
1116 1554 1246 1604 Flenlll.
1261 1556 1297 1604 14.

160 1636 215 1686 527.
249 1637 316 1685 Iade
341 1637 514 1685 Triturritam
532 1637 654 1697 petimus,
674 1636 709 1683 ric
750 1632 852 1683 Sueten.
865 1634 890 1681 in
910 1633 1009 1684 Othone
1020 1635 1042 1683 4.
1071 1635 1184 1683 Instant.
1202 1634 1237 1684 V.
1257 1635 1298 1683 In-

160 1715 221 1763 ciila
237 1720 355 1771 vocatur,
375 1715 447 1773 Quae
463 1717 528 1764 iacet
544 1715 706 1775 expuuoen-
748 1713 798 1760 stit.
815 1715 840 1762 2.
879 1715 917 1762 Ut
936 1715 1044 1778 conflare
1063 1728 1134 1775 eaor,
1155 1729 1216 1776 qam
1235 1717 1298 1763 sedi-

159 1795 216 1841 rnla
238 1808 319 1856 paene
336 1793 425 1856 sectis.
472 1791 583 1842 Cassiod.
608 1791 657 1840 IX.
684 1792 707 1840 6.
749 1793 796 1840 bur
813 1793 927 1855 aquisque
941 1793 1064 1855 pellebat,
1081 1809 1097 1841 α
1113 1807 1158 1842 erro
1168 1794 1299 1855 repetendo

160 1872 262 1921 Verior.
292 1874 403 1931 Quantis
428 1874 465 1921 ibi
488 1873 595 1920 molibus
616 1874 710 1920 marini
749 1873 901 1920 retardaret.
931 1871 1006 1920 Adde
1016 1869 1188 1933 Capitolinum
1200 1871 1226 1919 in
1238 1871 1298 1920 Per-

162 1953 264 2001 termini
279 1953 393 2000 decenter
409 1953 491 1999 iuvari
501 1953 577 1998 ruat?
599 1951 709 2009 Quantis
750 1948 830 1999 tinace
839 1951 862 1999 9.
871 1950 1020 2001 Ambrosius
1038 1949 1112 2013 Oper.
1118 1945 1197 2000 Tem.
1208 1951 1231 2000 Ι.
1240 1966 1297 2014 png.

159 2031 434 2094 epatiaiarisceribce
445 2029 708 2091 morabimini-o·
749 2028 806 2078 565.
843 2031 907 2089 Quia
926 2030 1172 2091 opahntirsimorum
1192 2044 1242 2078 aaa
1256 2046 1298 2079 ea-

160 2115 226 2159 moio
242 2111 295 2159 eet?
329 2108 424 2158 Seneca
444 2107 549 2170 Thyest.
568 2108 624 2156 460.
641 2113 710 2156 retro
750 2111 853 2158 turbare
872 2110 1000 2158 contendit
1020 2109 1126 2172 apellatio
1146 2123 1190 2158 eno
1205 2124 1297 2171 paupe-

159 2204 229 2236 mare
258 2189 336 2236 Iacto
358 2184 484 2248 supremus
514 2188 583 2235 mole.
622 2185 708 2235 Sidon.
749 2202 815 2243 rem,
836 2194 912 2251 atque
931 2190 1028 2250 inopem
1049 2189 1114 2237 aviti
1133 2191 1204 2237 ruris
1220 2191 1297 2238 elimi-

159 2265 273 2328 Apollin.
290 2263 326 2313 11.
345 2263 431 2314 Curm.
444 2265 485 2315 57.
502 2267 558 2314 itur
574 2267 602 2314 ia
618 2279 709 2326 aequor
748 2266 934 2327 aarefinibne?
968 2267 1026 2315 Hoc
1036 2272 1104 2316 metu
1114 2269 1239 2328 percitum
1249 2271 1296 2317 bu·

159 2344 285 2403 Molibus,
310 2350 336 2394 et
354 2349 450 2393 reterre
471 2345 545 2393 telino
566 2360 630 2393 noca
652 2359 707 2393 eon·
749 2360 851 2393 amarem
876 2360 953 2407 peace
976 2346 1042 2394 cedit
1062 2347 1114 2394 iam
1132 2348 1187 2395 mir
1208 2349 1297 2406 terris,

159 2426 243 2472 trabit
259 2425 349 2473 undae.
382 2423 458 2472 Adde
478 2422 632 2473 Gronovium
648 2422 708 2471 Din-
749 2424 843 2484 miprat
859 2438 916 2472 cnm
931 2425 1048 2486 parvalis
1062 2438 1174 2486 pauper,
1193 2432 1298 2473 canctus

158 2503 221 2552 tribe
237 2502 302 2553 star.
319 2503 368 2552 IV.
389 2517 448 2566 pag.
472 2503 530 2552 253.
556 2502 599 2565 qui
624 2507 708 2550 tamen
748 2501 850 2562 piqaore
874 2516 925 2551 rao.
961 2504 1084 2564 Sequitur
1108 2518 1172 2552 neor
1195 2505 1297 2567 illacry-

155 2582 213 2631 vloen
232 2583 333 2632 Horatii
352 2583 417 2630 iuter
434 2581 517 2631 aliene
531 2579 648 2643 exempla
663 2594 707 2642 po·
749 2595 833 2637 aram,
851 2586 980 2643 tamquam
997 2583 1031 2629 ad
1047 2583 1147 2629 bartam
1161 2597 1296 2645 prosequa-

158 2661 218 2718 suit,
235 2666 260 2710 et
276 2659 389 2710 Oortinm
407 2659 438 2707 ad
460 2659 537 2708 Plinii
558 2659 637 2722 Epist.
659 2659 707 2708 VI.
749 2662 794 2705 iar
810 2660 940 2706 maritum.
975 2660 1017 2708 Ex
1033 2660 1178 2722 Augustino
1191 2661 1297 2712 decivi-

158 2739 197 2788 20.
215 2744 240 2787 et
256 2736 334 2787 vm.
351 2737 392 2786 20.
426 2737 466 2787 cl.
487 2738 601 2787 Moserus
619 2737 708 2799 vulge-
748 2742 799 2786 tete
823 2738 872 2787 Dei
892 2739 968 2787 XXI.
990 2741 1013 2787 4.
1038 2739 1154 2787 discimus
1177 2754 1231 2798 eos,
1256 2743 1298 2804 qui

159 2822 214 2865 tum
231 2822 323 2865 tuetur.
350 2815 455 2879 Collega
470 2816 538 2865 illius
551 2815 707 2866 Schwurzius
748 2815 839 2866 limites
859 2817 980 2881 figebant,
997 2821 1153 2869 rubetmwre
1169 2823 1297 2880 carbrias,

158 2895 262 2957 putabet
282 2910 435 2944 summovere
459 2894 609 2956 significare,
634 2897 708 2957 quari
749 2895 781 2943 ed
810 2896 1006 2946 convincendum
1032 2896 1190 2960 litigatorem.
1232 2898 1298 2960 Quin

159 2989 295 3030 renrovere,
311 2972 459 3035 prolatando
468 2972 630 3036 litore‚quod
640 2974 708 3035 prius
748 2975 866 3024 carbones
888 2990 934 3025 nec
954 2975 1058 3024 humore
1078 2989 1124 3024 nec
1144 2982 1224 3026 aetate
1245 2991 1297 3026 cor-

158 3057 224 3109 emt,
239 3050 310 3101 iactis
337 3052 364 3100 in
387 3052 468 3100 ultum
489 3051 603 3100 molibus.
636 3051 707 3101 Idem
748 3061 910 3117 rumpuntur.

157 3130 299 3179 conserebat
315 3129 428 3179 Plinium
445 3129 497 3178 111.
513 3131 579 3179 Hist.
596 3131 707 3180 Nalm.
782 3133 818 3180 Ia
833 3135 892 3181 aaa
902 3133 1000 3197 fereris.
1033 3132 1137 3181 Tacitus
1154 3132 1175 3180 I.
1201 3133 1296 3183 Annei.

158 3208 326 3258 Germaniam
345 3211 378 3257 ab
400 3210 483 3257 Italia
509 3211 587 3272 Alpes
610 3212 706 3259 enimo-
748 3210 787 3258 40.
822 3212 958 3260 Incedebat
981 3211 1094 3273 prosopa
1120 3212 1192 3260 ducis
1219 3227 1295 3268 uxor,

157 3293 224 3336 veni.
747 3293 884 3352 pare-aium
900 3293 958 3339 aare
966 3291 1056 3352 filium
1072 3303 1165 3350 cerere.

192 3365 303 3414 Revellis
319 3366 511 3428 opritmaiaor.
537 3362 648 3414 Clientes
664 3366 707 3414 hc·
782 3370 895 3432 Raparia
915 3371 975 3418 Orci
984 3368 1040 3430 fiae
1052 3367 1186 3416 manaae.
1214 3369 1296 3417 Orenr

158 3441 250 3491 bebunt
271 3457 346 3491 sunm
371 3443 475 3506 quisque
499 3457 597 3506 agrum.
631 3444 709 3494 Porri
748 3447 773 3495 h.
791 3447 808 3496 1.
825 3454 862 3496 est
879 3450 961 3503 Deus,
979 3448 1067 3495 Plato.
1100 3445 1189 3508 Itaque
1206 3447 1296 3495 dicitur

158 3521 212 3584 agri
229 3535 280 3570 non
296 3521 329 3570 nb
345 3536 397 3571 unu
406 3528 477 3585 perte
488 3522 563 3570 ricini
574 3528 645 3573 erent
655 3537 707 3572 mc
747 3540 844 3587 ropac,
864 3531 889 3575 et
905 3540 964 3574 mox
980 3527 1079 3575 satelles
1099 3527 1161 3574 Orci
1178 3540 1296 3575 memora-

157 3601 213 3663 gnis
224 3601 450 3664 patroniopnlenti.
475 3600 579 3650 Malim:
597 3602 708 3651 Rebellis
748 3609 797 3653 tur.
830 3603 959 3654 Bentleius
975 3603 1037 3667 legit
1048 3605 1162 3666 caparis,
1179 3605 1250 3668 eique
1261 3607 1296 3654 vi-

157 3681 362 3742 ameminor.
379 3679 457 3731 Recte
465 3679 649 3742 Quinctilicnur
658 3680 707 3731 De·
748 3682 822 3733 detur
845 3683 928 3732 favere
952 3685 1118 3734 Ruhnkenius
1143 3684 1175 3732 nd
1200 3685 1296 3748 Hymn.

156 3757 231 3807 clnm.
248 3757 327 3807 XIII.
343 3774 367 3822 p.
384 3759 441 3810 272.
480 3759 553 3817 Quod
567 3759 633 3807 cicer
648 3775 706 3823 pns-
748 3761 844 3812 Cereris
869 3777 905 3811 vs.
926 3764 950 3812 9.
984 3764 1059 3813 Sedes
1084 3769 1109 3813 et
1129 3763 1214 3812 omnin
1238 3762 1296 3813 Orci

154 3839 242 3898 cebet,
265 3852 333 3886 acac
357 3839 445 3887 dicitis
466 3838 543 3885 unius
560 3839 647 3887 bertin
663 3843 706 3888 eet.
748 3845 773 3889 et
789 3840 840 3902 ipse
856 3838 936 3889 Orcus
954 3840 1043 3901 (loom,
1063 3855 1113 3890 non
1129 3842 1243 3903 persone)
1261 3842 1296 3889 di·

159 3919 301 3980 Poetqnam
314 3919 440 3980 proximor
454 3919 708 3980 qaorquereveiieado
747 3918 812 3968 citur
832 3934 928 3982 capae,
952 3918 995 3966 sed
1016 3918 1116 3981 quando
1136 3919 1224 3980 ingens
1243 3933 1296 3967 um·

158 3999 278 4045 termitem
294 4012 354 4058 aper
371 3998 500 4059 locupletis
516 3998 658 4046 inundavit.
670 3997 708 4047 At
747 3996 850 4045 brorum
858 3995 995 4044 multitudo
1003 4003 1161 4053 memoratur,
1174 3997 1224 4044 sive
1233 3997 1295 4045 Plu-

158 4075 280 4125 Prudent.
297 4075 413 4124 Hemnrt.
432 4077 488 4125 433.
521 4078 574 4124 Iiie
589 4091 707 4139 superva-
749 4075 812 4123 tonis
829 4076 937 4137 potentin
953 4075 1114 4137 intelligitur,
1135 4076 1178 4137 qui
1198 4081 1296 4124 tontum

157 4157 211 4204 creir
231 4170 323 4218 auocat
340 4157 499 4218 patrimonia
514 4155 620 4218 suado,
638 4158 708 4205 Fiai·
749 4153 838 4203 habent
853 4154 992 4216 imperium.
1016 4153 1104 4202 Horat.
1115 4155 1165 4204 111.
1179 4154 1263 4206 Germ.
1277 4159 1296 4206 l.

157 4235 275 4296 timeque
283 4235 528 4292 inuiamcontemn
540 4235 705 4297 limitanea·
752 4235 830 4282 Omne
845 4250 928 4296 capax
944 4240 1024 4283 enaret
1040 4249 1107 4283 urna
1123 4250 1217 4286 norrea.
1252 4237 1296 4287 Sil.

159 4315 206 4361 lis:
224 4325 275 4360 non
292 4314 378 4376 apello.
403 4314 443 4362 De
460 4311 644 4375 expulsionibus
655 4314 707 4363 istis
748 4314 806 4364 Ital.
824 4313 886 4363 XII.
907 4315 964 4366 761.
1003 4316 1157 4366 Umbrarum
1179 4318 1227 4366 bac
1245 4319 1295 4380 api-
