2916 5220
627 303 941 367 CARlllNUM

398 489 454 552 Nil
478 490 575 574 pictis
600 490 736 554 timidus
762 491 873 555 navita
896 488 1061 573 puppibus

443 592 541 657 Fidis.
590 594 653 675 Tu,
679 593 743 658 nisi
767 594 874 658 ventis

484 696 590 761 Debes
615 696 807 779 ludibrium,
832 697 926 761 cavel

395 799 512 882 Nuper
534 799 699 863 sollicitum
721 798 898 884 quaemihi
921 801 1075 883 taedium,

217 976 269 1024 lilia
298 982 322 1024 et
347 977 443 1024 iactes.''
487 975 542 1024 Alii
572 975 703 1037 “quamvis
734 976 766 1022 sis
810 975 876 1024 Sunt
893 978 1113 1036 aliahuiusmodi,
1131 977 1263 1041 inquibus
1281 977 1358 1035 εἶναι,

217 1055 323 1103 Pontica
347 1062 372 1103 et
396 1055 430 1104 sis
456 1056 508 1103 filia
524 1055 613 1113 silvae,
632 1061 716 1104 tamen
732 1056 765 1102 ia·
808 1054 858 1116 ὢν,
884 1056 1070 1120 intelliguntur3
1093 1064 1118 1106 et
1138 1057 1241 1114 Latina,
1264 1062 1292 1102 ut
1307 1056 1359 1118 ipse

217 1135 299 1182 ctes.''.
333 1134 387 1182 Alii
411 1135 486 1183 etiam
507 1134 591 1193 aliter,
613 1148 662 1181 non
683 1133 766 1181 minus
808 1134 896 1183 Horat.
905 1135 956 1184 III.
965 1137 1049 1186 Curru.
1062 1139 1098 1185 16.
1099 1136 1359 1200 fullitsorteoeotior:

218 1221 301 1261 tamen
318 1213 428 1262 obscure.
455 1214 571 1276 Vulgata
586 1226 661 1262 sanae
678 1212 767 1261 rationi
809 1213 920 1262 Martial.
937 1216 1001 1264 VII.
1019 1217 1059 1266 58.
1085 1216 1358 1266 Dirooter'thoroeelus.

217 1294 340 1341 contraria
356 1299 422 1341 sunt.
456 1293 525 1341 Dicit
541 1293 606 1341 enim
623 1295 706 1356 pocta:
731 1293 767 1341 Di
808 1291 880 1340 Cous.
898 1299 923 1342 et
940 1295 1033 1343 Marlrl.
1051 1293 1177 1345 adStatii
1193 1293 1227 1341 V.
1253 1291 1314 1342 Silv.
1334 1293 1359 1339 3.

218 1378 242 1420 te
267 1384 316 1419 non
342 1372 488 1429 servabunt,
513 1373 625 1436 quumvis
646 1373 721 1421 iactes
742 1378 767 1420 et
808 1373 847 1420 69.
882 1372 964 1422 Schol.
986 1375 1062 1425 MSS.
1085 1373 1192 1423 Frauek.
1210 1385 1291 1419 meam
1308 1370 1359 1432 opi-

217 1457 324 1500 ostcntes
345 1450 427 1499 sutilis
444 1457 468 1500 et
485 1451 528 1498 tibi
545 1466 595 1499 non
612 1450 765 1514 profutura.''
808 1452 907 1501 uionem
929 1453 1096 1512 confirmavit,
1122 1452 1216 1501 diceus:
1241 1452 1361 1509 “Iuetes,

217 1528 313 1578 Debuit
329 1536 412 1578 autern
429 1530 520 1578 dicere:
543 1530 594 1578 “Di
612 1535 635 1578 te
652 1544 701 1577 non
718 1544 766 1577 ser·
808 1529 900 1578 scilicet
917 1532 964 1579 te.”
998 1534 1068 1580 Filia
1090 1533 1177 1588 siluae,
1198 1536 1227 1576 ut
1247 1527 1360 1575 Pindaro

217 1609 325 1667 rabunt,
343 1610 456 1672 quamvis
473 1615 497 1658 te
514 1608 599 1658 efferas
615 1609 687 1657 rebus
698 1622 766 1670 prae-
809 1610 894 1671 pluvia
918 1612 980 1666 ταῖς
1003 1609 1117 1673 νεφέλας.
1152 1607 1265 1658 Oudend.
1284 1620 1359 1654 anno·

216 1687 296 1736 claris.
324 1688 392 1736 Nam
409 1688 456 1737 hae
472 1701 510 1736 res
524 1688 677 1749 praeclarae,
688 1701 766 1749 genus
809 1690 871 1737 terit
894 1694 942 1754 γῆς
962 1690 1078 1753 θνγατήρ
1099 1687 1214 1753 ῥάφανος
1230 1688 1256 1735 in
1273 1687 1358 1748 Epigr.

217 1775 241 1816 et
258 1782 359 1829 nomen,
381 1769 406 1816 in
427 1775 572 1832 tempestate
589 1784 638 1817 non
655 1767 766 1816 iurant.''
810 1771 875 1831 apud
896 1769 1015 1817 Vossium
1037 1767 1068 1814 ad
1089 1766 1183 1816 Catull.
1202 1780 1259 1828 pag.
1277 1765 1316 1812 48.
1334 1771 1359 1812 et

217 1849 355 1910 Legamus:
385 1850 519 1909 Quantula,
541 1851 651 1897 Pontico
677 1847 766 1909 pireus,
809 1846 924 1895 Lactant.
944 1847 1058 1910 Sympos.
1076 1860 1128 1908 cap.
1150 1847 1186 1893 13.
1204 1846 1274 1892 navis
1290 1847 1360 1892 velox

218 1927 300 1975 Silvae
313 1927 375 1989 filio
395 1929 484 1976 nobilia
507 1929 604 1977 Ineter:
632 1931 657 1973 et
677 1938 769 1988 penus,
803 1925 934 1988 sornmeoe
953 1926 1015 1988 filio
1042 1928 1126 1974 eilroe.
1170 1923 1298 1973 Ausonius
1329 1923 1360 1970 de

216 2011 241 2054 et
253 2021 339 2055 consen
353 2007 451 2054 inutile.
469 2005 637 2066 Quantumvis
652 2011 767 2066 tu‚quae
809 2004 892 2051 Echo:
906 2005 982 2052 A'e're'e
991 2010 1016 2052 et
1027 2007 1127 2066 linquae
1134 2018 1189 2050 εννι
1190 2002 1259 2065 filiu.
1277 2000 1360 2060 Quem

217 2098 242 2132 cs
259 2084 333 2147 pinus
349 2083 467 2143 Pontica,
488 2085 563 2132 iactes
580 2091 604 2133 te
621 2098 674 2133 essa
690 2083 767 2130 filiam
809 2081 892 2129 locum
903 2082 1038 2130 illustravit
1050 2083 1087 2130 M.
1101 2080 1255 2130 Schoockius
1267 2081 1297 2128 de
1309 2081 1361 2128 Na-

218 2163 305 2211 nobilis
320 2162 409 2221 silvae,
422 2176 512 2211 nomen
522 2165 646 2212 Ponticae
659 2168 696 2211 est
712 2162 767 2209 inu·
809 2167 866 2210 tura
882 2162 942 2211 Soni
959 2168 983 2209 et
999 2161 1097 2218 Echus,
1113 2175 1171 2222 pag.
1190 2160 1229 2207 42.

218 2242 269 2299 tile,
286 2242 375 2290 inutile
393 2243 662 2304 genusesr'loonobilr‘.
684 2243 769 2290 Genus
845 2242 961 2288 Tinzidua
978 2241 1073 2288 nocito.
1111 2241 1245 2303 Praesidae,
1266 2247 1295 2287 ut
1318 2254 1359 2288 vo-

217 2329 241 2369 ct
249 2336 336 2371 uoneen
344 2322 370 2369 in
379 2323 426 2369 hec
434 2336 461 2370 re
470 2336 542 2384 saepe
552 2322 700 2384 iunguntur.
705 2320 766 2369 Vid.

216 2402 304 2449 Burm.
322 2401 352 2448 ad
370 2400 462 2464 Virgil.
471 2401 505 2449 V.
519 2402 584 2450 Aen.
594 2401 650 2449 621.
666 2402 716 2449 Cui
726 2415 765 2462 pe·

216 2495 265 2528 νινε
282 2486 308 2528 et
324 2494 411 2528 νισνιινι
433 2481 557 2542 quondum
579 2482 682 2542 notique
696 2479 766 2542 suie-

216 2564 278 2607 sent.
314 2559 406 2621 Sulpit.
433 2557 485 2607 Sat.
511 2560 551 2610 37.
595 2561 701 2621 Sapiens
727 2559 766 2605 lw-

217 2637 313 2684 uu'raum
340 2651 474 2699 coercereque
494 2651 624 2699 penusque.
662 2636 767 2683 Formu-

217 2715 256 2763 lae
280 2717 363 2763 metus
380 2716 453 2777 filia,
484 2714 571 2762 similis
596 2714 661 2776 apud
688 2713 767 2761 Tacit.

217 2793 265 2841 IV.
282 2793 349 2841 Hist.
367 2795 406 2842 55.
435 2794 564 2843 creemus
575 2794 706 2842 nobilitate
717 2793 767 2855 opi·

217 2874 308 2934 corque
324 2878 384 2920 unte
399 2874 469 2920 ole'oa.
504 2873 612 2934 Repr'em
627 2873 667 2919 illi
682 2885 768 2933 penus,

218 2956 243 2998 et
266 2965 328 3012 paee
352 2952 460 3012 belloque
486 2952 557 2998 eluro
577 2951 651 3013 oripo.
673 2953 735 3012 Ipse
751 2967 768 2998 α

217 3030 353 3078 maioribus
368 3029 422 3076 soie
439 3030 517 3077 rueris
533 3044 610 3091 quum
626 3030 706 3078 socius
722 3045 766 3091 po·

215 3109 273 3169 puli
296 3108 406 3154 Romorre‘
427 3109 548 3156 iactabat.
583 3107 718 3156 Poteratne
735 3108 766 3156 si-

217 3184 308 3242 miliuS,
318 3184 382 3248 filio
393 3186 684 3244 deterreremus?
700 3188 767 3235 Vide

217 3263 284 3326 Lips.
308 3263 353 3326 qui
369 3264 419 3311 ism
432 3279 464 3313 ex
478 3265 574 3315 Graeco
590 3266 693 3314 Homeri
709 3265 766 3313 illu-

217 3344 305 3390 stravit
330 3343 360 3392 dc
385 3343 501 3403 Hectore,
526 3346 555 3402 ’ὸς
580 3345 639 3402 Διὸς
668 3345 767 3407 εὔχεται

216 3421 352 3485 ἐρισθενέος
371 3424 433 3481 πάϊς
445 3424 515 3472 εἶναι.
539 3423 610 3471 Illud
622 3426 683 3473 εἶναι
695 3438 767 3486 sacpc

216 3501 345 3547 omittitur.
379 3490 485 3549 'Pindum
511 3502 572 3550 VII.
599 3501 700 3565 Olymp.
727 3504 766 3550 40.

217 3580 245 3627 τὸ
270 3580 317 3641 μὲν
340 3582 389 3644 γὰρ
411 3580 539 3643 πατρόθεν
556 3582 582 3629 ἐκ
600 3582 659 3638 Διὸς
677 3581 765 3644 εὔχον-

217 3675 268 3705 ται.
297 3656 428 3706 Plutarch.
447 3658 477 3706 T.
496 3658 546 3705 III.
562 3674 619 3720 pag.
637 3660 693 3707 422.
712 3659 766 3706 lau-

218 3737 260 3784 dat
277 3735 413 3784 Herculem
430 3735 456 3782 in
468 3735 555 3783 fabula
564 3737 697 3785 dicentem:
710 3737 766 3801 'Ap-

166 3862 170 3868 ,
217 3818 282 3878 γεῖος
299 3814 315 3873 ὴ
333 3813 455 3876 Θηβαῖος.
468 3815 497 3862 οὐ
514 3816 561 3880 γὰρ
573 3815 677 3880 εὔχομαι
689 3818 766 3874 Μιᾶς.

216 3894 287 3949 ἅπας
312 3911 354 3956 μοι
378 3892 474 3957 πύργος
497 3891 642 3956 Ἑλλήνων,
665 3896 766 3960 πατρίς.

216 3971 366 4033 Apollonius
399 3972 479 4021 Rhod.
510 3972 546 4020 ΙΙ.
583 3973 694 4036 Argon„
709 3973 766 4022 359.

217 4055 304 4114 πρῶτα
326 4049 428 4114 Πέλοψ,
456 4053 501 4098 τοῦ
527 4052 570 4100 καί
593 4069 640 4116 περ
662 4051 703 4117 ἀφ’
725 4053 766 4101 u'r'-

215 4145 296 4189 ματος
314 4129 490 4191 εὐχετόωνται,
512 4130 599 4193 Epigr.
617 4130 643 4177 in
661 4132 766 4180 Anthol.

217 4206 275 4253 min.
294 4206 396 4253 Iacobsii
413 4223 436 4269 p.
454 4207 511 4255 281.
540 4207 617 4256 Ἀλλὰ
635 4212 675 4258 καὶ
692 4211 766 4270 ἡνίκα

215 4287 277 4345 μαῖα
305 4285 348 4330 rui
375 4284 504 4332 ὠδίνεσσιν
528 4286 639 4349 ἀπήμων
665 4291 764 4353 Αιίχεῖς.

808 2318 876 2368 lebat
893 2317 1019 2387 Scaliger,
1042 2319 1114 2366 etiam
1141 2324 1242 2382 apparet
1262 2320 1289 2367 in
1309 2333 1360 2366 uuo

809 2398 877 2446 Laid.

842 2479 933 2539 Nuper
944 2478 1078 2525 sollicitum
1090 2493 1154 2539 qaue
1164 2480 1227 2526 resilii
1241 2479 1359 2526 taedium.

808 2557 906 2605 Horum
928 2569 1046 2603 versuum
1063 2557 1209 2604 sententiam
1228 2570 1299 2604 uerno
1317 2571 1358 2604 ex-

808 2635 918 2698 plicavit,
936 2633 1060 2696 usqimai,
1078 2635 1169 2682 omissa
1185 2636 1236 2682 iam
1253 2635 1359 2697 Allego-

809 2715 856 2771 ria,
874 2714 905 2761 ed
926 2713 1005 2775 ipsam
1026 2714 1207 2776 rempublicam
1225 2728 1360 2762 accommo-

808 2792 910 2840 daverit.
951 2793 1058 2853 Quando
1083 2793 1233 2856 respublica,
1259 2793 1299 2840 cui
1325 2800 1360 2840 ta-

808 2886 865 2919 men
883 2870 1016 2932 Augustus
1032 2872 1157 2933 prae'e‘ret,
1174 2873 1196 2920 ei
1207 2871 1253 2919 fuit
1264 2872 1361 2919 taedio?

808 2952 877 3013 Quid
894 2965 961 2999 nunc
977 2950 1144 3008 desiderabat,
1162 2957 1207 2998 aut
1223 2965 1274 3014 quo
1285 2964 1360 3011 nego·

808 3031 843 3077 tio
859 3028 973 3076 carebat?
1007 3029 1062 3076 Iam
1079 3029 1187 3086 dixerat,
1198 3044 1292 3092 occupo
1301 3045 1360 3090 por-

809 3114 875 3164 tum,
896 3106 1002 3171 periisti,
1028 3107 1048 3154 si
1065 3113 1090 3155 te
1106 3108 1195 3156 iterum
1213 3108 1277 3156 mari
1294 3122 1359 3156 com-

808 3186 915 3245 miseris,
936 3200 1024 3234 rursus
1045 3202 1061 3234 a
1081 3194 1167 3249 portu,
1188 3201 1238 3250 quo
1259 3201 1361 3234 cursum

808 3265 907 3327 dirigis,
928 3265 1073 3324 removeris,
1096 3272 1121 3313 et
1142 3265 1194 3314 ulto
1214 3268 1278 3315 mari
1295 3282 1360 3316 com·

808 3346 909 3393 miseris·
944 3345 1061 3406 Ineptum
1077 3345 1154 3406 igitur
1175 3360 1288 3406 mouere,
1309 3347 1360 3395 Ae-

808 3439 883 3486 geum
903 3437 972 3470 mare
993 3425 1093 3480 vitaret,
1114 3430 1213 3486 propter
1236 3425 1360 3488 Cycladas

807 3503 979 3566 periculosum.
1024 3501 1149 3552 Gesncrus
1179 3504 1219 3551 hic
1243 3506 1360 3567 strophcn

808 3583 927 3645 explieat:
945 3583 1105 3645 “Allegorice
1122 3591 1203 3647 potest
1219 3586 1360 3644 ostendere,

808 3661 854 3709 sibi
879 3662 1001 3724 quaedam
1027 3676 1076 3710 non
1105 3663 1225 3725 placuisse
1254 3665 1279 3711 in
1310 3664 1360 3712 illis

808 3740 931 3801 partibus.
959 3742 1120 3789 Desideriuur
1136 3748 1174 3790 est
1189 3742 1284 3799 eorum,
1301 3758 1359 3805 quo·

808 3833 864 3866 rum
886 3818 1023 3867 absentium
1044 3819 1169 3877 dolemus,
1190 3821 1231 3868 vel
1254 3827 1359 3870 mortem

808 3898 891 3946 ade0.''
902 3898 972 3947 Idem
984 3900 1015 3946 ad
1024 3898 1214 3961 QuintilVIII.
1220 3901 1243 3948 6.
1254 3901 1359 3964 “Suspe-

808 3983 874 4025 ctam
887 3977 1045 4040 Allegorium
1060 3978 1120 4025 mihi
1134 3977 1192 4027 iacit
1200 3979 1243 4027 ille
1251 3994 1360 4042 praeser-

808 4057 852 4104 tim
866 4071 950 4105 versus
965 4060 1056 4119 Nuper
1068 4059 1202 4106 sollicitum
1218 4074 1282 4121 qrtue
1299 4060 1362 4106 milri

809 4137 920 4184 taedium
928 4137 1003 4184 Nune
1007 4137 1165 4184 deoderici-ru..
1175 4136 1283 4185 Videtur
1287 4138 1360 4196 euim,

808 4215 827 4261 si
849 4214 889 4261 hic
910 4214 1043 4276 Allcgorie
1062 4221 1111 4274 est,
1133 4231 1222 4279 parum
1244 4230 1361 4279 generose

808 4294 973 4354 Pompeianas
990 4293 1107 4356 reliquias
1125 4301 1222 4353 notare,
1241 4309 1270 4342 uc
1286 4311 1312 4344 se
1325 4297 1360 4342 in-
