2916 5220
402 325 810 387 GNOlllCl'll.

242 513 340 584 Atqui
361 513 494 571 sciebat.
516 531 595 585 quae
617 514 675 569 sibi
697 514 845 571 barbarus

244 607 356 663 Tortor
376 622 514 681 pararet:
536 626 597 663 non
618 608 710 664 aliter
729 620 831 664 tamen

282 702 416 758 Dimorit
438 704 598 758 obstantes
618 703 806 777 propinquos

215 821 220 827 ·
323 797 362 852 Et
386 797 534 871 populum
554 798 671 854 reditus
691 812 871 857 morantem.

245 892 345 964 Quam
367 893 392 947 si
413 894 560 949 clientum
580 892 670 967 longa
692 895 814 968 negotia

243 987 417 1044 Diiudieata
439 989 492 1044 lite
515 989 718 1061 relinqueret,

282 1084 426 1140 Tendens
446 1083 639 1141 Venafranos
661 1085 692 1140 in
714 1103 818 1158 agree.

323 1184 387 1236 Aut
408 1179 682 1237 Lacedaemonium
703 1181 881 1237 Tarentum.

242 1371 350 1426 Virtus
370 1371 512 1444 repulsae
533 1371 636 1426 nescia
658 1371 812 1433 sordidae,

242 1465 434 1522 Intaminatis
455 1465 550 1540 fulget
575 1467 757 1525 honoribus,

282 1561 348 1617 Nee
377 1562 468 1617 sumit
490 1570 542 1617 aut
563 1562 648 1635 ponit
669 1579 791 1618 secures

322 1657 460 1713 Arbitrio
481 1657 638 1731 popularis
658 1675 761 1712 aurae.

243 1750 364 1819 Virtus,
386 1751 548 1808 recludens
567 1751 724 1807 immeritis
744 1752 820 1808 mori

246 1844 388 1916 Ocelum,
411 1856 522 1920 negata
543 1856 641 1903 tentat
661 1846 721 1902 iter
741 1847 807 1915 via,

284 1940 458 2014 Coetusque
480 1943 620 2017 vulgares
642 1951 673 1998 et
692 1942 783 1999 udam

323 2036 447 2112 Spernit
467 2039 590 2095 humum
611 2037 745 2112 fugiente
766 2057 877 2113 penna.

243 2131 314 2187 Hac
336 2140 401 2188 arte
421 2133 535 2189 Pollux
557 2142 587 2188 et
608 2152 705 2207 vagus
725 2133 874 2190 Hercules

244 2228 356 2283 Enisus
379 2247 464 2285 arces
486 2230 589 2303 attigit
607 2229 729 2302 igneaS,

286 2322 369 2394 Quos
391 2324 471 2380 inter
490 2325 649 2398 Augustus
670 2325 848 2381 recumbens

325 2418 485 2493 Purpureo
506 2421 592 2477 bibet
613 2438 664 2476 ore
687 2428 799 2476 nectar.

244 2513 311 2570 Hac
333 2524 362 2570 te
384 2524 565 2586 merentem,
587 2516 708 2572 Bacche
728 2524 829 2590 pater,
852 2525 920 2573 tuae

243 2609 365 2666 Vexere
387 2611 494 2684 tigres,
516 2611 642 2668 indocili
663 2612 767 2685 iugum

286 2702 372 2761 Collo
393 2705 560 2762 trahentes.
601 2705 671 2763 Hac
692 2705 838 2779 Quirinus

324 2801 435 2858 Martis
457 2802 542 2873 equis
563 2801 741 2858 Acheronta
761 2800 848 2876 fugit.

245 2992 301 3047 Est
322 3001 352 3048 et
373 2993 455 3049 fideli
477 3001 545 3050 tuta
565 2993 686 3050 silentio

245 3087 379 3143 Merces:
401 3089 524 3158 vetabo,
547 3088 600 3161 qui
622 3086 742 3145 Cereris
763 3105 882 3144 sacrum

286 3183 430 3257 Vulgarit
450 3200 595 3253 arcanae,
617 3184 673 3240 sub
693 3183 788 3239 isdem

327 3277 374 3337 Sit
394 3279 533 3334 trabibus
553 3278 749 3352 fragilemque
770 3295 887 3333 mecum

246 3373 350 3429 Solvet
371 3374 538 3447 phaselum.
581 3372 678 3448 Saepe
700 3372 855 3447 Diespiter

245 3468 410 3542 Neglectus
432 3469 546 3525 incesto
569 3469 686 3525 addidit
706 3468 870 3542 integrum:

285 3563 366 3619 Raro
388 3565 616 3620 antecedentem
637 3563 797 3620 scelestum

324 3657 469 3714 Deseruit
489 3659 566 3733 pede
587 3657 694 3714 Poena
714 3658 831 3714 claudo.

245 3844 361 3900 Iustum
382 3863 418 3901 ac
439 3853 576 3902 tenacem
596 3845 743 3920 propositi
764 3847 861 3902 virum

245 3940 316 3997 Non
338 3941 448 3997 civium
470 3942 560 3998 ardor
580 3959 675 4016 prava
696 3941 877 4010 iubentium,

286 4036 356 4092 Non
378 4037 479 4093 vultus
500 4037 639 4094 instantis
660 4037 782 4113 tyranni

325 4131 430 4188 Mente
454 4133 552 4205 quatit
572 4132 684 4202 solida,
707 4149 804 4204 neque
827 4131 951 4200 Auster,

247 4223 319 4280 llnx
339 4225 467 4298 inquieti
488 4226 626 4283 turbidus
648 4225 796 4295 Hadriae,
