2916 5220
498 1154 945 1230 ADDENDA.

207 1830 247 1878 Ita
264 1830 325 1878 mihi
341 1831 457 1893 contigit,
474 1838 502 1878 ut
519 1831 622 1880 alterum
635 1832 732 1881 Horatii
749 1832 894 1890 editionem,
911 1847 951 1881 me
970 1832 1117 1881 emendante
1132 1838 1157 1880 et
1172 1839 1290 1895 augente,

157 1910 241 1958 videre
257 1911 386 1973 potuerim.
421 1911 518 1972 Quodsi
534 1926 563 1959 ea
579 1912 664 1974 paucis
682 1912 866 1975 typothetarum
887 1912 1011 1960 erroribus
1033 1913 1064 1960 sit
1084 1910 1186 1971 infecta,
1207 1911 1291 1960 nullos

157 1989 224 2037 enim
249 2004 299 2037 non
324 1997 491 2052 praestamus,
517 1992 563 2038 hoc
588 1991 709 2054 imprimis
735 1998 862 2054 acceptum
888 1991 967 2040 refero
994 1991 1138 2053 diligentiae
1163 1997 1187 2039 et
1215 2005 1291 2039 curae

158 2068 242 2116 eximii
260 2069 420 2117 adolescentis
437 2069 521 2117 Iaoobi
538 2071 669 2134 Koningii,
686 2071 736 2119 Lit.
754 2071 831 2119 Hnm.
841 2069 920 2120 Cond.
937 2071 980 2132 qui
1002 2071 1029 2118 in
1046 2070 1144 2118 Illustri
1161 2071 1291 2118 Athenaeo

159 2146 398 2206 Amstelodamensi,
408 2148 544 2214 discipulus
558 2148 627 2198 cl.1.
636 2149 665 2198 C.
679 2149 708 2198 G.
721 2149 812 2208 Bootii,
831 2149 985 2211 praeclaram
1003 2147 1080 2196 literis
1098 2149 1288 2196 humanioribus

159 2240 259 2288 operam
277 2233 363 2284 navat,
376 2241 543 2289 magnamque
560 2242 627 2290 spem
644 2229 767 2291 promittit
784 2242 812 2276 oc
829 2229 944 2291 spondet,
961 2227 1012 2277 fore
1029 2232 1057 2274 ut
1065 2226 1149 2275 Iombi
1158 2226 1291 2288 Koningii,

160 2304 201 2351 avi
223 2304 398 2363 laudatissimi,
416 2313 556 2354 accuratam
574 2307 711 2354 doctrinam
729 2317 753 2355 et
770 2307 916 2355 industriam
934 2307 960 2353 in
978 2320 1022 2354 suo
1040 2306 1181 2354 studiorum
1199 2319 1288 2368 genero
1347 2296 1350 2300 ’

159 2384 191 2430 sit
217 2385 427 2447 aequiperatnrus.
461 2385 533 2434 Idem
563 2387 704 2449 Koningins
733 2387 830 2435 Indices
855 2387 1026 2434 concinnavit:
1057 2385 1095 2444 bi,
1118 2391 1146 2432 ut
1170 2385 1290 2432 iudicium

160 2464 266 2511 auctoris
280 2471 305 2511 et
321 2464 490 2513 libriornnndi
508 2466 618 2515 studium
636 2474 767 2525 testantur,
784 2467 831 2525 ita,
849 2481 923 2529 quam
942 2467 991 2514 siut
1005 2464 1294 2523 commodi,consnlenti·

160 2544 207 2590 bus
224 2558 271 2590 usu
290 2544 422 2606 apparebit.

210 2622 240 2669 In
258 2621 338 2684 priore
363 2623 469 2671 editione
495 2624 593 2672 adiutor
618 2625 677 2673 mihi
695 2625 799 2686 contigit
815 2625 836 2673 Ι.
855 2625 886 2673 Τ.
904 2625 1091 2687 Bergmannus,
1117 2623 1184 2671 Phil.
1203 2623 1294 2671 Tbeor.

161 2703 230 2763 Mag.
248 2701 298 2749 Lit.
311 2701 387 2749 Hum.
399 2709 423 2750 et
435 2703 522 2751 Theoi.
540 2704 641 2760 Doctor,
655 2704 785 2752 Praefecto
801 2704 971 2752 Bibliothecae
979 2704 1059 2752 Acad.
1069 2703 1138 2752 Leid.
1157 2703 1295 2761 adiunctus,

161 2796 236 2843 quom
253 2781 346 2840 Musis,
364 2782 459 2839 amicis,
477 2783 571 2845 sibique
588 2783 662 2830 etiam
681 2784 763 2831 vivere
780 2799 811 2831 ex
829 2784 912 2831 animo
929 2783 1014 2831 laetor.

211 2860 243 2907 In
268 2860 314 2907 hac
331 2861 437 2908 editione
458 2862 554 2918 omnia,
576 2863 660 2924 paucis
682 2864 803 2925 exceptis,
827 2878 858 2911 ex
880 2864 961 2924 priore
983 2869 1041 2910 suut
1062 2861 1181 2924 repetita:
1203 2861 1245 2909 sed
1266 2875 1296 2908 ea

162 2939 218 3001 plus
236 2946 326 3002 quarta
342 2946 412 3002 parte
434 2941 500 2989 auxi.
534 2941 590 2989 Hoc
607 2942 698 3004 quivis,
724 2942 829 2990 alteram
851 2956 908 2989 cnm
926 2942 1006 2990 altera
1021 2955 1178 3003 comparans,
1196 2939 1295 2989 videbit.
1327 2962 1329 2966 ¹

162 3021 292 3068 Librarius
308 3022 372 3068 illud
387 3025 448 3082 plus
465 3029 559 3083 quarto
575 3024 692 3084 partein
709 3023 781 3070 titulo
798 3024 905 3085 conspici
921 3022 1038 3071 malebat.
1055 3024 1111 3083 Ego
1127 3021 1217 3078 malui,
1231 3023 1296 3083 quod

164 3100 294 3150 videbatur
312 3099 454 3161 simplicius.
488 3099 587 3149 Invitus
604 3108 687 3150 tamen
703 3101 806 3149 librario
823 3116 872 3149 non
890 3101 1009 3156 concessi,
1032 3101 1097 3162 quod
1118 3101 1172 3148 iure
1189 3101 1295 3163 quodam

165 3193 209 3226 suo
226 3186 362 3240 optaverat.

213 3257 315 3306 interim
333 3257 394 3304 mibi
410 3272 466 3305 mea
482 3258 599 3320 relegenti
621 3260 742 3307 nonnulla
765 3261 789 3308 in
812 3268 913 3322 promtu
935 3266 1018 3316 erant,
1039 3273 1103 3322 quae
1123 3258 1297 3318 subiungendu

165 3337 266 3396 putavi,
284 3337 358 3398 plura
375 3337 564 3395 subiuncturus,
581 3339 724 3400 praesertim
741 3354 772 3387 ex
790 3339 890 3397 Satiris,
901 3338 948 3386 nisi
965 3346 989 3386 et
1009 3338 1053 3385 hos
1064 3338 1164 3386 editioni
1181 3337 1295 3384 haberem

166 3423 271 3478 paratas.

215 3494 244 3541 P.
262 3493 336 3553 21,b.
361 3496 407 3542 Nil
424 3498 573 3544 mortalitas
590 3499 697 3545 arduum
715 3504 759 3546 est.
782 3495 908 3559 ‚Verbum
924 3497 951 3545 iu
968 3497 1094 3545 sententiis
1111 3509 1183 3558 saepe
1198 3496 1297 3557 elegan-

166 3572 215 3619 tius
232 3573 360 3619 omittitur.
398 3573 438 3620 Ita
454 3574 542 3623 Horat.
560 3574 643 3625 Carm.
661 3577 682 3624 I.
709 3576 749 3624 24,
782 3580 899 3625 Durum!
933 3579 983 3626 Sed
1008 3577 1085 3624 leuius
1103 3576 1139 3637 fit
1164 3576 1296 3636 patientia.

167 3651 217 3699 Ubi
234 3652 357 3698 nonnulla
374 3653 498 3701 annotavi.
522 3654 556 3701 Iit
572 3655 701 3704 Bentleius
719 3656 750 3703 ad
768 3656 841 3706 Satir.
860 3656 881 3704 l.
900 3657 922 3704 9.
941 3656 980 3703 42.
999 3661 1028 3703 ut
1048 3655 1193 3703 contendere
1205 3656 1297 3701 darum
1350 3684 1352 3689 -

166 3737 204 3778 est
239 3730 305 3778 Cum
321 3732 427 3788 uiatore,
444 3746 475 3779 ex
492 3733 558 3781 MM.
576 3734 693 3795 praetulit
709 3739 802 3784 durum
838 3735 902 3783 Cura
920 3738 1018 3784 victore.

217 3809 246 3856 P.
264 3809 303 3856 36.
335 3811 442 3858 amando
466 3813 576 3871 perdere.
612 3812 706 3862 Seneca
732 3815 762 3861 dc
779 3813 864 3862 Benef.
887 3813 921 3860 II.
943 3814 979 3860 l4.
1007 3814 1065 3861 Nora
1085 3812 1298 3864 comminuerunt

166 3891 247 3948 possit
264 3890 411 3951 quandoque
428 3891 524 3938 dicere:
542 3893 595 3940 Ide
611 3896 718 3941 coenredo
736 3909 774 3941 me
790 3895 887 3941 oceidit.
1216 3895 1219 3900 '

217 3966 247 4013 Ρ.
266 3967 306 4023 44,
321 3981 343 4013 a.
361 3969 422 4015 Iam
432 3967 531 4029 fuerit,
548 3972 600 4020 iam
618 3972 728 4034 feeerit.
764 3972 800 4021 Ut
816 3972 904 4020 Horat.
922 3971 995 4020 Satir.
1013 3971 1048 4019 11.
1070 3970 1094 4018 6.
1112 3969 1151 4017 40.
1171 3970 1306 4032 Septimus.

167 4051 254 4094 octauo
268 4047 374 4107 propior
391 4045 442 4094 iam
453 4048 556 4112 fugerit
573 4066 662 4100 onnus.
698 4051 740 4101 Sic
756 4051 841 4101 Carm.
858 4051 879 4099 Ι.
896 4051 919 4098 8.
940 4051 995 4099 Cur
1011 4052 1099 4098 oderit.

217 4124 247 4170 P.
266 4123 306 4181 44,
319 4138 341 4171 a.
376 4125 448 4172 Dum
465 4126 564 4187 loquor,
586 4131 648 4178 horo
668 4130 749 4193 sapit.
784 4129 877 4179 Seneca
903 4128 983 4191 Epist.
1008 4127 1047 4175 58.
1076 4125 1189 4188 Corpora
1213 4129 1300 4172 nostro

168 4204 308 4255 ’'adiuntur
319 4202 459 4263 flandriam
480 4220 553 4254 more.
586 4210 718 4272 Quidquid
737 4211 818 4267 vides,
844 4209 926 4257 currit
951 4224 1006 4256 crura
1025 4213 1139 4267 tempore.
1175 4204 1250 4251 Nihil
1269 4216 1300 4250 ee

170 4282 220 4336 his,
238 4282 439 4342 praevidemus,
457 4290 548 4332 resonet.
583 4289 638 4350 Epo
654 4290 719 4350 ipae,
735 4290 794 4337 doru
812 4289 897 4350 loquor
915 4289 1011 4334 mrrturi
1028 4288 1091 4342 istu,
1104 4287 1218 4332 rrerrtctus
1236 4296 1300 4329 sacru.
