2916 5220
518 321 692 384 LIBER
738 322 795 383 lV.

270 513 400 576 Drusus
428 511 615 593 Genaunes,
640 511 844 596 implacidum
863 533 960 596 oenus

312 617 515 700 Breunosque
537 613 651 680 oeloms
678 623 709 678 et
731 635 820 679 orces

358 716 493 802 Abritus
516 721 680 801 impositus

703 717 871 782 tremendis

269 823 393 887 Deiecit
415 843 488 886 acer
510 820 590 905 plus
613 823 677 885 oice
699 821 854 905 simplici:

268 926 377 990 Maior
398 924 562 990 Neronum
583 944 656 988 mou
675 945 774 1010 urnoe
790 924 950 1008 proelium

90 1075 134 1124 sed
150 1075 218 1123 illius
238 1075 331 1137 potius,
352 1075 395 1138 qui
415 1088 505 1137 parum
525 1075 636 1137 cogitans

91 1154 158 1202 unda
174 1154 206 1201 sit
221 1152 345 1217 profectus
360 1162 385 1202 et
405 1153 499 1202 oblitus
516 1167 567 1215 quo
583 1167 636 1201 rem

90 1232 152 1281 velit
168 1233 300 1291 deducere,
317 1232 343 1280 in
354 1232 434 1281 medio
446 1231 545 1280 interim
556 1231 637 1280 multa

89 1310 172 1360 diana
186 1310 291 1360 effundit
311 1317 336 1360 et
354 1310 427 1374 pueri
451 1311 529 1359 instar
551 1311 636 1373 garrit.

89 1391 209 1440 Horatius
226 1390 335 1438 dixerat:
359 1389 438 1448 Quem
459 1390 583 1438 Vindelici
599 1392 636 1439 di-

89 1474 171 1522 dieere
187 1487 275 1533 nuper.
313 1470 509 1519 Aceommodata
528 1470 559 1518 ad
576 1470 601 1518 h.
618 1470 636 1519 l.

88 1557 127 1600 est
143 1551 237 1613 glossa:
263 1550 346 1599 “Nam
363 1550 463 1598 Drusus
479 1556 504 1596 et
520 1547 636 1597 Tiberim

89 1628 234 1678 Vindelicos
252 1636 276 1678 et
296 1636 382 1692 gentes
398 1628 506 1691 Alpinas
524 1627 636 1689 auspiciis

89 1709 202 1772 Augusti
218 1710 354 1758 vicerant.”
371 1709 538 1756 Hocnorerat
548 1706 636 1756 Gram-

89 1789 194 1837 maticus
211 1804 243 1838 ex
258 1788 356 1838 Horatii
367 1788 416 1836 IV.
433 1786 517 1836 Carm.
531 1787 555 1835 4.
572 1785 635 1836 Cae·

90 1873 171 1916 terum
188 1867 255 1915 color
266 1865 384 1914 orationis
393 1864 480 1913 similis
491 1864 564 1912 estin
573 1864 636 1912 Am·

90 1945 173 1994 miano
197 1944 344 1994 Marcellino
372 1943 476 1992 XXXI.
500 1957 557 2007 pag.
579 1944 635 1994 476.

91 2027 157 2073 Post
173 2025 287 2088 inflictos
303 2026 342 2073 rei
354 2025 484 2072 Romanae
494 2024 578 2071 clades
587 2024 634 2071 im-

90 2119 201 2162 mensus,
218 2105 314 2151 ultimis
329 2103 432 2166 proeliis
442 2117 488 2165 per
503 2103 576 2150 duces
586 2117 637 2149 om·

88 2185 215 2246 piissimos
231 2184 353 2245 annunti,
369 2183 431 2245 quid
440 2187 549 2243 potestus
561 2182 636 2229 Mur-

90 2263 129 2309 tia
146 2264 176 2310 de
197 2263 284 2310 babitu
303 2262 454 2324 prudentiae
473 2247 570 2319 ualeat,
591 2276 634 2309 ru·

89 2341 186 2388 elicitus
201 2341 351 2402 exstirpati,
368 2341 552 2389 diemirninibue
568 2341 634 2388 didi·

89 2433 145 2467 cere
159 2420 291 2480 caproneis.

126 2499 228 2545 Drusus
251 2498 400 2552 Genaunes,
420 2497 583 2558 implacidum
598 2512 636 2559 pe·

90 2589 146 2624 uua.
168 2574 196 2625 Si
211 2576 320 2625 didicere
335 2590 413 2637 supra
426 2575 584 2638 interpretari
596 2589 636 2623 ve-

90 2653 133 2712 lis,
150 2659 179 2701 ut
195 2654 248 2702 sine
258 2654 334 2703 dubie
343 2653 463 2703 Horatius
473 2654 581 2716 intelligi
594 2669 636 2703 vo-

90 2734 150 2793 luit,
175 2749 276 2793 nouere,
299 2749 396 2784 seuere
419 2750 475 2784 cum
499 2735 590 2782 damae
611 2740 637 2782 et

89 2813 162 2861 clade
185 2828 245 2874 suu,
268 2813 329 2862 haec
354 2813 384 2861 de
411 2812 481 2861 victis
507 2811 635 2862 Genaunis

89 2905 141 2939 non
157 2891 293 2954 patiuntur.
326 2892 402 2940 Nunc
424 2891 492 2940 enim
514 2891 637 2940 sententia

90 2971 125 3018 ita
140 2969 300 3032 concipienda
319 2978 368 3020 est:
394 2970 536 3020 “Vindelici
553 2985 636 3034 ,nuper

89 3047 196 3096 didicere
215 3048 276 3110 quid
292 3049 358 3098 bello
374 3063 467 3112 posses;
488 3064 546 3097 nam
569 3051 636 3099 Dru·

90 3143 133 3176 sus
150 3127 284 3178 Genaunes
306 3131 389 3179 ricit.”
409 3131 538 3180 Vindelici
559 3131 637 3194 igitur

89 3222 142 3256 non
156 3208 203 3270 ipsi
219 3209 278 3257 victi
293 3209 477 3273 intelliguntur,
493 3211 536 3258 sed
553 3225 635 3259 exem·

89 3286 132 3348 plo
148 3287 260 3349 gentium
281 3288 431 3347 vicinarum,
453 3305 515 3353 quas
536 3291 636 3339 Drusus

89 3365 159 3424 vicit,
181 3366 299 3424 didicere,
324 3368 451 3426 viderunt,
472 3370 532 3432 quid
553 3370 636 3418 Marte

89 3456 179 3507 posses.
209 3444 392 3494 Grammaticus
417 3454 501 3497 autem
526 3448 566 3496 hic
586 3463 636 3496 me·

89 3538 145 3572 mor
160 3530 214 3573 erat
236 3539 322 3573 versus
343 3524 471 3576 Ouidiani:
500 3529 571 3586 Quid
586 3544 634 3577 me-

89 3604 179 3651 ruistis
195 3618 262 3661 ouer,
277 3606 407 3665 placidum
423 3621 507 3667 uenus.
592 3649 593 3652 ,

123 3683 203 3730 Aroes
231 3684 340 3744 Alpibus
369 3685 509 3745 irrrpoeitus.
553 3685 634 3733 Hera-

89 3760 139 3808 tius
160 3760 196 3810 H.
218 3761 297 3824 Epist.
322 3763 342 3811 1.
363 3763 422 3812 252.
452 3766 638 3827 Terrarumque

87 3840 155 3888 situs
171 3846 196 3888 et
206 3841 321 3902 flumina
340 3844 423 3891 dicere
439 3849 463 3891 et
480 3859 550 3892 arces
563 3845 637 3893 Mon-

88 3920 156 3968 tibus
171 3921 312 3982 impositas.
345 3920 395 3983 Qui
416 3922 484 3970 locus
505 3920 636 3972 Gramma-

89 4000 138 4048 tico
154 4007 212 4050 anta
228 4002 312 4049 oculos
328 4001 481 4050 versabatur.

124 4081 223 4128 Deiecit
253 4095 311 4129 acer
337 4082 399 4141 plus
431 4082 484 4130 eice
519 4081 636 4143 simplici.

88 4157 156 4217 Quid
173 4158 204 4205 sit
219 4161 278 4222 plue
294 4162 348 4208 uice
367 4160 490 4222 simplici,
511 4174 585 4208 neme
601 4160 635 4208 fa·

87 4236 135 4284 cile
152 4236 223 4285 diuet.
244 4237 299 4285 Alii
314 4240 373 4299 plus
389 4240 473 4295 renui,
490 4253 540 4287 non
554 4240 635 4288 cernel.

88 4315 137 4364 Sed
154 4316 201 4364 hoc
217 4316 314 4365 Latinis
331 4317 432 4365 auribus
449 4316 591 4367 inauditum
603 4324 636 4376 et,

678 1075 699 1122 si
715 1075 841 1133 auditum,
858 1073 904 1123 boc
920 1075 976 1124 loco
997 1075 1071 1139 plane
1091 1089 1163 1138 presa
1180 1080 1224 1122 est.

678 1152 733 1202 Alii
756 1156 880 1215 proelium
903 1170 948 1218 per
971 1157 1048 1204 uicem
1072 1154 1224 1216 intelligunt.

679 1231 741 1292 Sed,
758 1247 790 1280 ne
800 1232 851 1281 alia
861 1234 954 1292 dicam,
967 1240 1021 1282 tum
1033 1233 1140 1283 Romam
1152 1241 1224 1280 utun-

678 1316 718 1357 tur
744 1309 847 1373 plurali:
880 1313 981 1362 Serrius
1007 1315 1038 1362 ad
1066 1313 1159 1375 Virgil.
1188 1312 1224 1360 ΙΙ.

677 1389 743 1438 Aen.
761 1391 817 1438 433.
839 1393 931 1441 “Vicae
947 1393 1086 1455 significant
1101 1408 1225 1455 paenam,

677 1468 737 1531 quia
752 1483 796 1532 per
813 1469 1006 1520 vicissitudinem
1016 1471 1184 1535 pugnabatur,
1196 1478 1225 1518 ut

677 1547 758 1611 iuquit
775 1548 916 1599 Sallustius.
942 1550 1062 1612 Legimus
1079 1549 1153 1597 etiam
1170 1566 1225 1612 rrec-

678 1642 725 1675 nas
742 1629 806 1677 uices
823 1627 878 1678 dici.
896 1628 1028 1678 Horatius:
1050 1631 1168 1692 Vtcmque
1184 1644 1224 1677 eu·

676 1709 768 1768 perbae
776 1713 801 1756 te
810 1714 928 1756 niunennt
939 1709 1044 1770 iprum.''
1062 1709 1149 1772 Atque
1160 1708 1225 1755 hauc

677 1785 880 1847 significationem
895 1802 989 1849 poenae
1004 1788 1109 1836 ultionis
1125 1787 1168 1835 alii
1185 1787 1225 1834 hic

677 1863 827 1926 praeferunt.
862 1865 911 1915 Sed
928 1868 993 1914 vices
1009 1879 1054 1927 pro
1072 1865 1225 1914 ultionefere

677 1950 812 2005 ponuntur,
837 1945 937 2007 quando
961 1959 1006 2007 par
1032 1944 1085 2007 pari
1111 1943 1224 1993 refertur.

677 2022 778 2071 Drusus
798 2023 885 2073 deiecit
901 2024 1034 2075 Genaunes
1058 2039 1091 2072 ex
1115 2024 1224 2086 Alpibus

677 2100 733 2163 plus
750 2101 803 2151 vice
819 2102 936 2166 simplici;
953 2118 1014 2166 ergo
1035 2103 1150 2153 Genauni
1166 2118 1223 2151 eum

677 2186 750 2229 antea
769 2181 920 2239 deiecerant,
942 2188 972 2229 ut
987 2195 1053 2229 nanc
1073 2181 1152 2228 ricem
1171 2181 1223 2229 red-

677 2259 753 2308 deret.
787 2258 859 2319 Quod
884 2273 934 2308 non
954 2273 1043 2307 rerum
1060 2265 1104 2308 est.
1137 2259 1172 2306 Et
1189 2257 1224 2305 sic

676 2338 841 2387 instituendus
856 2345 910 2386 erat
926 2337 981 2386 talis
998 2337 1130 2386 verborum
1151 2337 1223 2384 ordo:

677 2417 777 2465 Drusus
810 2418 896 2466 deiecit
924 2416 1057 2466 Genaunes
1086 2416 1140 2464 rice
1167 2416 1223 2478 plus

677 2494 791 2558 simplici,
807 2497 855 2546 hoe
871 2503 919 2555 est,
936 2497 996 2559 plus
1012 2511 1088 2558 quam
1104 2498 1222 2557 sirnplici.

677 2575 750 2636 Quod
773 2581 836 2624 esset
860 2575 992 2624 obscurum
1019 2581 1043 2623 et
1068 2573 1222 2635 ambiguum.

677 2654 830 2703 Addeudum
843 2654 870 2702 in
882 2654 926 2702 tali
938 2669 964 2702 re
973 2669 1056 2716 quent.
1074 2652 1115 2700 Ita
1127 2653 1223 2701 Lucan.

676 2733 698 2781 1.
716 2732 806 2781 Phars.
828 2735 846 2782 Ι.
873 2734 949 2781 Bello
962 2734 1023 2796 plus
1039 2748 1115 2794 quum
1132 2733 1223 2780 ciuilia.

677 2812 758 2862 Credo
784 2813 984 2863 Grammaticum
1008 2815 1067 2874 plus
1091 2814 1143 2861 uice
1164 2812 1223 2859 sirrr·

675 2897 739 2955 plici
755 2907 799 2956 pro
812 2897 913 2957 saepius
925 2893 1074 2942 adhibuisse.
1091 2893 1146 2942 Hae
1158 2899 1223 2941 certe

678 2987 728 3021 aen
744 2973 825 3035 magis
837 2974 949 3036 pedestre
961 2980 998 3022 est
1014 2988 1089 3037 quam
1102 2973 1169 3037 quod
1186 2988 1222 3022 se·

677 3051 769 3113 quitur:
780 3053 813 3099 M
814 3055 869 3101 aior
876 3055 1004 3101 Neronum
1014 3067 1223 3114 nrouuraoeproe-

677 3132 740 3178 lium
748 3133 878 3180 commisit.
895 3131 967 3191 Quae
977 3130 1052 3178 verba
1058 3132 1178 3193 Eutropio
1187 3131 1223 3178 hi·

677 3209 1222 3271 storicodigniorasunt,quampoitaLyrico.

711 3287 800 3337 Maior
827 3291 955 3338 Neronum
980 3303 1036 3336 neoc
1060 3304 1135 3349 mave
1151 3304 1222 3350 proe-

678 3369 749 3416 lium.
775 3368 923 3417 Sanadonus
939 3374 1011 3431 putat
1029 3369 1089 3415 haec
1100 3381 1151 3415 esse
1163 3380 1221 3415 con-

678 3453 717 3494 tra
726 3447 992 3496 narrationemVelleii
1001 3446 1128 3494 Paterculi
1137 3446 1173 3494 11.
1182 3448 1222 3496 95.

677 3524 704 3572 in
720 3540 771 3588 qua
786 3526 886 3574 Drusus
906 3525 996 3574 dicitur
1011 3528 1113 3576 adiutor
1129 3529 1225 3590 operia,

678 3605 744 3667 quod
764 3604 898 3667 Augustus
913 3604 1013 3654 Tiberio
1025 3604 1181 3654 iniunxerat:
1198 3612 1223 3655 et

677 3684 755 3732 credit
771 3684 898 3733 Velleium
915 3684 975 3734 haec
992 3686 1114 3749 scripsisse
1130 3687 1156 3734 in
1168 3701 1223 3748 gra·

678 3763 740 3812 tiam
757 3764 850 3812 'liberii
875 3773 935 3812 tunc
952 3765 1070 3823 virentis,
1094 3771 1119 3813 et
1139 3764 1223 3812 Druso

677 3842 727 3890 iam
752 3850 857 3892 mortuo.
895 3844 943 3893 Sed
969 3858 1019 3891 nou
1044 3843 1141 3901 dubita,
1165 3858 1224 3892 vera

677 3921 807 3970 tradidisse
835 3922 1006 3970 Paterculum.
1049 3922 1090 3972 Sic
1117 3929 1143 3971 et
1167 3922 1222 3970 Liv.

678 4001 744 4063 Epit.
770 4000 922 4050 CXXXVI.
949 4001 1063 4049 Rhaetica
1088 4017 1104 4048 u
1124 4003 1224 4050 Tiberio

680 4082 779 4128 Nerone
803 4084 828 4127 et
852 4081 938 4127 Druso
962 4077 1079 4127 Caesaris
1099 4081 1224 4141 priuignis

677 4161 778 4207 dornito.
805 4157 937 4206 Suetonius
954 4171 1050 4220 queque
1066 4157 1093 4204 in
1103 4157 1165 4207 Vita
1173 4157 1224 4207 Ho-

677 4238 733 4286 ratii
756 4243 827 4286 vocat
850 4239 1004 4286 Vindelicum
1027 4239 1158 4288 uictoriam
1182 4240 1224 4287 Ti-

655 4364 656 4377 ,
678 4320 739 4368 terii
754 4318 888 4379 Drusique.
901 4317 1040 4367 Dicendum
1054 4326 1145 4382 tamen,
1156 4320 1223 4368 Dru·
