2916 5220
551 336 725 399 LIBER
771 336 833 398 lll.

517 575 761 641 OARMEN
807 577 868 640 ΙΙΙ.

302 732 439 812 lustum
464 771 500 813 ac
525 754 673 812 tenacem
697 748 859 832 propositi
883 749 988 813 virum

306 851 382 916 Non
405 851 526 916 civium
552 852 647 916 ardor
670 874 772 936 praua
795 852 998 935 iubentium,

343 955 418 1019 Non
441 956 555 1020 uultus
580 956 737 1020 instantis
762 956 894 1040 tyranni

349 1108 353 1113 -
389 1060 503 1125 Mente
526 1060 634 1145 quatit
658 1060 780 1142 solida,
807 1082 911 1145 neque
935 1061 1066 1143 Auster,

301 1165 377 1227 Dux
402 1163 542 1248 inquieti
566 1164 718 1228 turbidus
744 1163 902 1246 Hadriae,

298 1266 366 1332 Neo
389 1265 600 1331 fulminantis
624 1288 747 1351 magna
769 1289 887 1331 manus
913 1266 1019 1330 lovis:

347 1368 382 1434 Si
407 1368 529 1434 fractus
555 1369 711 1434 illabatur
735 1369 841 1451 orbis,

390 1471 600 1556 Impavidunr
624 1471 743 1536 ferient
767 1472 889 1537 ruinae.

305 1575 377 1639 Hac
402 1580 471 1639 arte
496 1575 617 1639 Pollux
642 1580 675 1639 et
699 1597 802 1660 vagus
828 1574 985 1639 Hercules

283 1755 435 1805 CARMEN
453 1755 502 1802 ΠΙΙ
706 1727 812 1775 certem
833 1727 938 1790 inuenit,
959 1728 1004 1775 sed
1025 1727 1089 1775 iusti
1106 1734 1215 1778 tenacem
1232 1736 1257 1779 et

706 1807 778 1854 recti.

149 1851 265 1934 Iustum
277 1899 307 1934 uc
319 1890 429 1934 tenacem
438 1887 564 1948 propositi
575 1887 664 1933 etrum.
741 1882 838 1946 Mapnu
863 1899 954 1932 menne
973 1886 1051 1933 Iera.
1085 1884 1126 1932 Ita
1149 1892 1175 1934 et
1199 1887 1255 1936 MS.

116 1965 221 2014 Decima
232 1978 289 2028 pars
300 1964 416 2012 carminis
426 1962 542 2027 gnomici.
560 1962 664 2012 Constat
705 1962 813 2011 Franek.
824 1969 849 2011 et
860 1961 1019 2011 Mirandulae
1027 1962 1190 2014 Viriderium.
1202 1966 1257 2014 Alii

116 2059 149 2094 ex
168 2049 222 2093 octo
245 2043 364 2092 versibus.
399 2043 539 2093 Sententia:
566 2042 666 2090 “Homo
706 2057 797 2103 mopere
813 2044 882 2091 Iovis
899 2058 995 2091 manne.

115 2123 196 2171 iustus
216 2128 242 2172 et
262 2128 377 2170 constans
397 2121 470 2169 nulla
490 2135 517 2169 re
538 2121 666 2183 perturba·
739 2123 877 2170 Iltnbatur.
903 2121 1010 2170 Franek.
1027 2123 1153 2172 illabetur.

115 2203 181 2251 tur.”
216 2202 288 2264 Quod
305 2207 388 2250 autem
401 2199 510 2264 opinioni
526 2214 606 2256 meae,
624 2215 664 2248 su·
739 2202 902 2262 Impositum
920 2201 1020 2263 ferient
1046 2203 1143 2250 ruinae.
1181 2201 1256 2250 Silius

114 2296 162 2345 pra
182 2282 331 2344 propositae,
352 2279 430 2336 favet,
453 2279 528 2327 etiam
550 2278 597 2326 hoc
613 2285 666 2336 est,
707 2280 764 2328 Ital.
782 2281 857 2330 XIV.
867 2282 923 2330 681.
952 2281 1004 2329 Nec
1022 2283 1256 2338 inremuneratum

115 2361 182 2424 quod
208 2359 348 2424 Porphyrio
372 2358 510 2407 annotavit:
547 2360 604 2407 Non
629 2366 667 2407 est
707 2364 782 2406 tanta
792 2359 905 2421 feriente
920 2361 1003 2407 rainu.
1021 2359 1188 2423 Hieronymus
1204 2361 1256 2410 lau·

115 2441 170 2488 alin
187 2441 248 2487 leuec
263 2439 322 2495 oda,
339 2454 415 2501 qaum
431 2438 555 2499 serenior,
572 2440 616 2486 sed
627 2440 667 2487 illi
708 2437 775 2485 davit
792 2438 817 2484 in
836 2437 914 2500 Epist.
933 2437 957 2483 6.
976 2437 1015 2485 92.
1033 2442 1058 2484 et
1074 2438 1113 2488 97.

116 2521 245 2568 adhaeret.
287 2519 322 2566 Et
346 2516 473 2579 Cruquius
498 2522 615 2575 testatur,
640 2517 665 2565 in
742 2518 801 2565 Huc
817 2523 874 2564 orte
896 2517 991 2563 Pollux
1012 2520 1037 2562 et
1059 2531 1137 2577 usipus
1157 2517 1254 2566 Heren-

116 2597 288 2661 antiquissimo
309 2596 370 2646 Cod.
392 2595 482 2643 Bland.
504 2608 549 2642 nec
565 2595 666 2658 inscrip-
707 2595 748 2642 les.
767 2594 819 2642 Pro
835 2600 859 2643 et
872 2608 950 2655 euque
962 2591 1087 2655 Cuningh.
1104 2601 1129 2643 et
1141 2594 1184 2642 alii
1200 2609 1256 2644 oon-

116 2677 183 2725 tione
207 2690 254 2724 nee
270 2675 348 2724 literis
369 2673 512 2722 maiusculis
534 2689 549 2721 a
569 2689 666 2736 praece·
707 2673 794 2721 iioiunt
812 2676 952 2735 naevoque.
977 2673 1018 2720 Ita
1034 2673 1084 2720 iam
1101 2675 1256 2724 attulitvver·

116 2755 190 2803 dente
206 2769 258 2803 esse
279 2759 425 2818 separatam.
451 2753 510 2801 Ideo
531 2759 556 2802 et
572 2753 667 2802 librarii
708 2766 763 2798 sum
785 2752 936 2815 Salvagnius
961 2754 992 2800 ad
1014 2753 1069 2802 Ibin
1092 2755 1131 2803 83.
1165 2755 1256 2805 Nescio

116 2835 199 2882 varios
215 2834 300 2882 titulos
317 2833 407 2882 fecere:
425 2829 559 2880 udMusae
575 2835 667 2881 ueta-
706 2831 780 2881 unde.
807 2832 857 2881 Sed
874 2848 924 2894 qua
940 2833 1040 2881 taudem
1053 2837 1124 2882 orte?
1142 2834 1255 2884 Sinedu·

114 2919 196 2975 9usto.
230 2914 266 2961 In
290 2915 389 2961 laudern
415 2913 532 2973 Anquete'.
565 2913 667 2960 Virtute
707 2909 748 2958 bio
764 2909 822 2972 quia
838 2918 909 2960 orant
926 2913 1030 2960 taeter
1051 2918 1149 2961 tenaces
1168 2929 1256 2976 propo-

117 2993 236 3040 adacende'
251 2993 288 3039 cd
301 2993 402 3047 coetum,
418 2995 443 3037 rt
460 2991 490 3038 de
502 2991 606 3038 Rornute'
622 3007 668 3039 nu·
706 2991 759 3046 siti,
776 2992 879 3038 notitia
895 2992 955 3040 adeo
970 2996 996 3039 et
1013 2993 1093 3039 rrnirnr'
1104 2995 1254 3041 constantin.

116 3071 192 3119 retine.
224 3070 301 3118 Multi
325 3071 386 3118 adeo
410 3068 457 3117 hoc
481 3083 580 3117 carmen
608 3083 666 3117 oum
707 3069 788 3131 Igitur
813 3069 886 3117 scribi
910 3069 1059 3132 oportuisset
1084 3071 1122 3117 bis
1147 3072 1255 3119 entitur.

116 3149 277 3211 praecedente
285 3149 449 3210 coniungunt,
464 3147 591 3210 Hauptius
608 3162 666 3210 quo
707 3148 741 3195 Et
754 3148 839 3197 heroes
856 3148 895 3195 illi
911 3149 1008 3197 coelum
1026 3155 1171 3196 meruerunt
1184 3150 1255 3198 bene·

116 3242 166 3290 que
186 3233 211 3276 et
231 3227 420 3287 Lachmannus3
445 3227 587 3276 Meinekius
608 3227 667 3275 dicit
707 3226 767 3276 ficiis
783 3228 868 3290 generi
884 3227 993 3276 humano
1008 3227 1137 3290 praestitis.
1159 3229 1199 3275 Es
1215 3228 1255 3277 be-

116 3319 144 3354 se
160 3304 204 3353 hos
220 3304 291 3368 sequi
313 3304 431 3353 debuisse.
461 3305 547 3354 Verba
566 3305 666 3353 nobilis·
706 3305 794 3353 neficia
809 3312 893 3364 erant,
908 3305 1028 3354 immanes
1044 3303 1107 3353 feras
1124 3304 1214 3352 bestias
1230 3313 1256 3355 et

116 3385 181 3432 sima
191 3383 357 3432 laudaverunt
373 3384 518 3432 Lactantius
531 3384 613 3432 Instit.
632 3384 665 3434 V.
706 3384 818 3433 crudeles
834 3384 995 3448 robustosque
1010 3384 1120 3432 homines
1137 3384 1255 3442 occidere,

118 3465 157 3513 1³.
172 3463 367 3512 etHildebertus
385 3461 480 3512 Philos.
494 3464 559 3512 Mor.
572 3480 595 3526 p.
609 3465 665 3515 978.
707 3476 744 3510 res
765 3462 909 3510 utilissimas
930 3463 1030 3519 docere,
1051 3475 1126 3524 agros
1146 3467 1172 3510 et
1192 3462 1256 3510 vitea

116 3543 190 3591 nulla
209 3544 351 3592 mutatione.
376 3542 523 3591 Lactantius
543 3542 603 3591 haec
623 3543 665 3591 sd-
705 3541 792 3590 colere.
831 3542 862 3590 In
892 3542 930 3589 his
954 3540 1070 3589 faciendis
1098 3538 1255 3602 spectabatur

116 3625 189 3673 didit:
218 3625 259 3673 Ee
274 3626 340 3673 nibil
360 3625 445 3672 verius
461 3625 512 3673 dici
528 3629 623 3686 potest,
643 3626 666 3672 si
705 3623 789 3671 virtus
810 3628 834 3671 et
855 3623 966 3678 benitas,
987 3634 1037 3669 uon
1053 3619 1098 3668 illa
1118 3618 1214 3667 iustitia
1231 3628 1255 3667 ct

116 3706 161 3752 hec
177 3706 212 3754 ud
227 3715 267 3753 ωε
286 3703 425 3766 reseratur,
448 3704 493 3764 qni
512 3703 593 3751 nullos
608 3718 664 3752 cru·
704 3702 843 3749 constantia
857 3701 984 3764 sapientis,
996 3700 1026 3748 de
1042 3698 1132 3762 quibus
1149 3699 1189 3746 hic
1205 3714 1254 3748 ser-

115 3784 211 3840 enetur,
227 3783 324 3830 nultum
340 3787 444 3832 mortem
460 3787 592 3838 recusant,
603 3797 634 3830 ne
649 3797 665 3829 α
705 3793 746 3828 mo
763 3787 807 3829 est.
836 3779 896 3843 Ipsa
916 3779 960 3827 illa
980 3778 1081 3826 nomina
1101 3777 1175 3823 nirnis
1196 3783 1255 3824 sunt

108 3862 165 3924 fide
180 3861 328 3923 iustitiaque
344 3857 479 3917 declinent,
499 3861 544 3922 qui
559 3875 609 3908 non
625 3866 663 3922 ty·
704 3860 885 3924 philosophica,
901 3865 926 3907 et
943 3873 1031 3921 parum
1048 3863 1107 3918 apta
1122 3855 1197 3904 aetati
1213 3855 1254 3904 hc-

115 3942 235 3991 rnnnicuc
250 3942 381 3998 iussimus,
398 3954 447 3988 nen
457 3940 602 4002 praesidum
611 3942 663 4002 yla·
705 3939 792 3988 roicac.
819 3938 925 3996 Pollux,
942 3935 1075 3991 Hercules,
1096 3934 1209 3982 Bacchus
1229 3940 1254 3980 ot

116 4024 169 4070 dios
186 4026 309 4078 tranunt,
330 4020 462 4082 quomam
482 4033 567 4067 vnum
587 4024 612 4066 et
629 4034 663 4067 eo·
705 4019 829 4067 Romulus
854 4031 904 4064 non
929 4021 999 4063 erant
1024 4015 1082 4061 iusti
1107 4020 1131 4061 et
1156 4020 1254 4061 tenaces

115 4103 195 4149 leuem
216 4103 355 4149 libertatern
376 4099 501 4148 constanti
521 4103 602 4146 mente
625 4099 664 4146 de-
705 4095 822 4160 propositi
839 4100 926 4142 contra
942 4093 1033 4140 civium
1050 4093 1163 4139 ardorem
1176 4106 1252 4153 prava

108 4180 230 4242 sendunt.
261 4178 349 4227 valer.
372 4177 441 4225 Max.
459 4177 508 4226 VI.
529 4178 552 4225 3.
581 4179 666 4238 Aeque
705 4174 856 4229 iubentium,
877 4186 923 4220 nec
944 4176 1029 4218 contra
1046 4171 1144 4218 vultum
1161 4170 1253 4218 instan-

115 4258 322 4320 tenanprepositi
334 4258 364 4303 L.
383 4258 517 4304 Domitiae.
536 4256 662 4305 Ammian.
705 4255 736 4301 tis
753 4253 865 4316 tyranni,
882 4266 961 4314 neque
978 4249 1006 4297 iis
1015 4249 1108 4297 artibus
1120 4250 1145 4296 in
1157 4250 1252 4298 coelum

115 4335 231 4385 Marcell.
256 4334 373 4385 XXVII.
401 4350 459 4397 pau.
483 4336 540 4385 372.
576 4337 664 4383 Virmn
705 4333 783 4383 erecti
799 4339 864 4380 sunt.
903 4332 990 4378 Virtus
1006 4335 1031 4377 ot
1048 4331 1163 4392 beneficia
1181 4329 1252 4376 cosin
