<?xml version="1.0" encoding="UTF-8"?>
<!DOCTYPE html PUBLIC "-//W3C//DTD XHTML 1.0 Transitional//EN"
    "http://www.w3.org/TR/xhtml1/DTD/xhtml1-transitional.dtd">
<html xmlns="http://www.w3.org/1999/xhtml" xml:lang="en" lang="en">
 <head>
  <title>
</title>
<meta http-equiv="Content-Type" content="text/html;charset=utf-8" />
  <meta name='ocr-system' content='tesseract 3.04.00' />
  <meta name='ocr-capabilities' content='ocr_page ocr_carea ocr_par ocr_line ocrx_word'/>
</head>
<body>
  <div class='ocr_page' id='page_1' title='image "./qhoratiiflaccic00horagoog_0393.png"; bbox 0 0 2916 5220; ppageno 0'>
   <div class='ocr_carea' id='block_1_1' title="bbox 566 307 855 370">
    <p class='ocr_par' dir='ltr' id='par_1_1' title="bbox 566 307 855 370">
     <span class='ocr_line' id='line_1_1' title="bbox 566 307 855 370; baseline 0.003 -1"><span class='ocrx_word' id='word_1_1' title='bbox 566 307 855 370; x_wconf 75' lang='lat' dir='ltr'>lll‘OllllN</span> 
     </span>
    </p>
   </div>
   <div class='ocr_carea' id='block_1_2' title="bbox 332 492 1057 1486">
    <p class='ocr_par' dir='ltr' id='par_1_2' title="bbox 380 492 883 572">
     <span class='ocr_line' id='line_1_2' title="bbox 380 492 883 572; baseline -0.004 -15"><span class='ocrx_word' id='word_1_2' title='bbox 380 493 442 572; x_wconf 75' lang='lat' dir='ltr'>Qui</span> <span class='ocrx_word' id='word_1_3' title='bbox 467 493 571 558; x_wconf 84' lang='lat' dir='ltr'>nraior</span> <span class='ocrx_word' id='word_1_4' title='bbox 593 493 744 558; x_wconf 88' lang='lat' dir='ltr'>absentes</span> <span class='ocrx_word' id='word_1_5' title='bbox 768 492 883 556; x_wconf 88' lang='lat' dir='ltr'>habet:</span> 
     </span>
    </p>

    <p class='ocr_par' dir='ltr' id='par_1_3' title="bbox 341 595 986 784">
     <span class='ocr_line' id='line_1_3' title="bbox 341 595 986 682; baseline -0.003 -22"><span class='ocrx_word' id='word_1_6' title='bbox 341 599 380 661; x_wconf 83' lang='lat' dir='ltr'>l&#39;t</span> <span class='ocrx_word' id='word_1_7' title='bbox 403 597 547 662; x_wconf 73' lang='lat' dir='ltr'>assidens</span> <span class='ocrx_word' id='word_1_8' title='bbox 570 595 769 682; x_wconf 78' lang='lat' dir='ltr'>inplumibus</span> <span class='ocrx_word' id='word_1_9' title='bbox 786 595 891 681; x_wconf 84' lang='lat' dir='ltr'>pullis</span> <span class='ocrx_word' id='word_1_10' title='bbox 917 600 986 660; x_wconf 79' lang='lat' dir='ltr'>auis</span> 
     </span>
     <span class='ocr_line' id='line_1_4' title="bbox 379 698 860 784; baseline -0.004 -21"><span class='ocrx_word' id='word_1_11' title='bbox 379 699 580 784; x_wconf 77' lang='lat' dir='ltr'><em>Serpentium</em></span> <span class='ocrx_word' id='word_1_12' title='bbox 603 698 753 784; x_wconf 73' lang='lat' dir='ltr'>allapsus</span> <span class='ocrx_word' id='word_1_13' title='bbox 775 702 860 762; x_wconf 85' lang='lat' dir='ltr'>limet</span> 
     </span>
    </p>

    <p class='ocr_par' dir='ltr' id='par_1_4' title="bbox 333 799 1025 989">
     <span class='ocr_line' id='line_1_5' title="bbox 333 799 1025 889; baseline -0.003 -24"><span class='ocrx_word' id='word_1_14' title='bbox 333 804 440 889; x_wconf 60' lang='lat' dir='ltr'>iliapls</span> <span class='ocrx_word' id='word_1_15' title='bbox 460 801 598 883; x_wconf 77' lang='lat' dir='ltr'>relictis,</span> <span class='ocrx_word' id='word_1_16' title='bbox 623 823 703 882; x_wconf 88' lang='lat' dir='ltr'>uon,</span> <span class='ocrx_word' id='word_1_17' title='bbox 727 811 762 864; x_wconf 86' lang='lat' dir='ltr'>ul</span> <span class='ocrx_word' id='word_1_18' title='bbox 784 800 893 882; x_wconf 81' lang='lat' dir='ltr'>adsit,</span> <span class='ocrx_word' id='word_1_19' title='bbox 917 799 1025 865; x_wconf 73' lang='lat' dir='ltr'>auelli</span> 
     </span>
     <span class='ocr_line' id='line_1_6' title="bbox 379 903 850 989; baseline -0.004 -20"><span class='ocrx_word' id='word_1_20' title='bbox 379 907 505 969; x_wconf 85' lang='lat' dir='ltr'>Latara</span> <span class='ocrx_word' id='word_1_21' title='bbox 523 905 602 989; x_wconf 89' lang='lat' dir='ltr'>plus</span> <span class='ocrx_word' id='word_1_22' title='bbox 619 903 850 988; x_wconf 81' lang='lat' dir='ltr'>praesentibus.</span> 
     </span>
    </p>

    <p class='ocr_par' dir='ltr' id='par_1_5' title="bbox 335 1005 971 1194">
     <span class='ocr_line' id='line_1_7' title="bbox 335 1005 971 1073; baseline -0.008 0"><span class='ocrx_word' id='word_1_23' title='bbox 335 1008 489 1073; x_wconf 82' lang='lat' dir='ltr'>Libenter</span> <span class='ocrx_word' id='word_1_24' title='bbox 511 1006 572 1072; x_wconf 92' lang='lat' dir='ltr'>hoc</span> <span class='ocrx_word' id='word_1_25' title='bbox 595 1012 629 1071; x_wconf 91' lang='lat' dir='ltr'>et</span> <span class='ocrx_word' id='word_1_26' title='bbox 652 1028 748 1071; x_wconf 91' lang='lat' dir='ltr'>omne</span> <span class='ocrx_word' id='word_1_27' title='bbox 771 1005 971 1070; x_wconf 81' lang='lat' dir='ltr'>militabitur</span> 
     </span>
     <span class='ocr_line' id='line_1_8' title="bbox 378 1109 954 1194; baseline -0.002 -20"><span class='ocrx_word' id='word_1_28' title='bbox 378 1111 510 1176; x_wconf 89' lang='lat' dir='ltr'>Bellum</span> <span class='ocrx_word' id='word_1_29' title='bbox 534 1110 568 1173; x_wconf 92' lang='lat' dir='ltr'>in</span> <span class='ocrx_word' id='word_1_30' title='bbox 593 1117 669 1175; x_wconf 89' lang='lat' dir='ltr'>tuae</span> <span class='ocrx_word' id='word_1_31' title='bbox 693 1131 785 1194; x_wconf 90' lang='lat' dir='ltr'>spem</span> <span class='ocrx_word' id='word_1_32' title='bbox 808 1109 954 1193; x_wconf 85' lang='lat' dir='ltr'>gratiae,</span> 
     </span>
    </p>

    <p class='ocr_par' dir='ltr' id='par_1_6' title="bbox 332 1212 967 1397">
     <span class='ocr_line' id='line_1_9' title="bbox 332 1212 967 1297; baseline -0.005 -18"><span class='ocrx_word' id='word_1_33' title='bbox 332 1216 408 1279; x_wconf 90' lang='lat' dir='ltr'>Non</span> <span class='ocrx_word' id='word_1_34' title='bbox 431 1221 469 1279; x_wconf 90' lang='lat' dir='ltr'>ut</span> <span class='ocrx_word' id='word_1_35' title='bbox 492 1213 637 1278; x_wconf 88' lang='lat' dir='ltr'>iuvencis</span> <span class='ocrx_word' id='word_1_36' title='bbox 662 1213 794 1297; x_wconf 80' lang='lat' dir='ltr'>illigata</span> <span class='ocrx_word' id='word_1_37' title='bbox 817 1212 967 1297; x_wconf 90' lang='lat' dir='ltr'>pluribus</span> 
     </span>
     <span class='ocr_line' id='line_1_10' title="bbox 378 1317 787 1397; baseline -0.002 -16"><span class='ocrx_word' id='word_1_38' title='bbox 378 1317 499 1382; x_wconf 85' lang='lat' dir='ltr'>Aratra</span> <span class='ocrx_word' id='word_1_39' title='bbox 523 1317 673 1380; x_wconf 85' lang='lat' dir='ltr'>nitantur</span> <span class='ocrx_word' id='word_1_40' title='bbox 696 1337 787 1397; x_wconf 85' lang='lat' dir='ltr'>mea,</span> 
     </span>
    </p>

    <p class='ocr_par' dir='ltr' id='par_1_7' title="bbox 333 1417 1057 1486">
     <span class='ocr_line' id='line_1_11' title="bbox 333 1417 1057 1486; baseline -0.008 0"><span class='ocrx_word' id='word_1_41' title='bbox 333 1423 477 1486; x_wconf 88' lang='lat' dir='ltr'>Pecusvc</span> <span class='ocrx_word' id='word_1_42' title='bbox 501 1419 649 1485; x_wconf 80' lang='lat' dir='ltr'>Calabris</span> <span class='ocrx_word' id='word_1_43' title='bbox 674 1424 751 1483; x_wconf 88' lang='lat' dir='ltr'>ante</span> <span class='ocrx_word' id='word_1_44' title='bbox 776 1417 867 1482; x_wconf 89' lang='lat' dir='ltr'>sidus</span> <span class='ocrx_word' id='word_1_45' title='bbox 892 1417 1057 1481; x_wconf 80' lang='lat' dir='ltr'>fervidum</span> 
     </span>
    </p>
   </div>
   <div class='ocr_carea' id='block_1_3' title="bbox 235 1525 1042 1813">
    <p class='ocr_par' dir='ltr' id='par_1_8' title="bbox 235 1525 1042 1813">
     <span class='ocr_line' id='line_1_12' title="bbox 377 1525 802 1606; baseline -0.009 -18"><span class='ocrx_word' id='word_1_46' title='bbox 377 1525 510 1588; x_wconf 92' lang='lat' dir='ltr'>Lucana</span> <span class='ocrx_word' id='word_1_47' title='bbox 532 1528 639 1587; x_wconf 88' lang='lat' dir='ltr'>mutet</span> <span class='ocrx_word' id='word_1_48' title='bbox 661 1542 802 1606; x_wconf 84' lang='lat' dir='ltr'>pascua,</span> 
     </span>
     <span class='ocr_line' id='line_1_13' title="bbox 235 1623 1042 1711; baseline -0.007 -18"><span class='ocrx_word' id='word_1_49' title='bbox 235 1673 238 1679; x_wconf 66' lang='lat'><em>,</em></span> <span class='ocrx_word' id='word_1_50' title='bbox 333 1627 400 1692; x_wconf 89' lang='lat' dir='ltr'>Nec</span> <span class='ocrx_word' id='word_1_51' title='bbox 423 1633 462 1691; x_wconf 91' lang='lat' dir='ltr'>ut</span> <span class='ocrx_word' id='word_1_52' title='bbox 486 1626 618 1711; x_wconf 82' lang='lat' dir='ltr'>superni</span> <span class='ocrx_word' id='word_1_53' title='bbox 641 1625 722 1690; x_wconf 87' lang='lat' dir='ltr'>villa</span> <span class='ocrx_word' id='word_1_54' title='bbox 744 1623 886 1689; x_wconf 88' lang='lat' dir='ltr'>candens</span> <span class='ocrx_word' id='word_1_55' title='bbox 910 1623 1042 1688; x_wconf 84' lang='lat' dir='ltr'>Tusculi</span> 
     </span>
     <span class='ocr_line' id='line_1_14' title="bbox 377 1726 811 1813; baseline -0.007 -19"><span class='ocrx_word' id='word_1_56' title='bbox 377 1730 510 1794; x_wconf 81' lang='lat' dir='ltr'>Circaea</span> <span class='ocrx_word' id='word_1_57' title='bbox 534 1734 650 1813; x_wconf 81' lang='lat' dir='ltr'>tangat</span> <span class='ocrx_word' id='word_1_58' title='bbox 672 1726 811 1791; x_wconf 89' lang='lat' dir='ltr'>moenia.</span> 
     </span>
    </p>
   </div>
   <div class='ocr_carea' id='block_1_4' title="bbox 150 1928 1286 4361">
    <p class='ocr_par' dir='ltr' id='par_1_9' title="bbox 153 1928 1284 2231">
     <span class='ocr_line' id='line_1_15' title="bbox 190 1928 1284 2027; baseline 0 -48"><span class='ocrx_word' id='word_1_59' title='bbox 190 1933 243 1990; x_wconf 81' lang='lat' dir='ltr'>Qui</span> <span class='ocrx_word' id='word_1_60' title='bbox 268 1933 347 1979; x_wconf 80' lang='lat' dir='ltr'>nmiar</span> <span class='ocrx_word' id='word_1_61' title='bbox 364 1934 474 1978; x_wconf 80' lang='lat' dir='ltr'>absentes</span> <span class='ocrx_word' id='word_1_62' title='bbox 490 1931 572 1978; x_wconf 81' lang='lat' dir='ltr'>babet.</span> <span class='ocrx_word' id='word_1_63' title='bbox 606 1928 698 1978; x_wconf 86' lang='lat' dir='ltr'>Caesar</span> <span class='ocrx_word' id='word_1_64' title='bbox 717 1929 720 2027; x_wconf 46' lang='lat' dir='ltr'><strong>i</strong></span> <span class='ocrx_word' id='word_1_65' title='bbox 739 1935 763 1976; x_wconf 88' lang='lat' dir='ltr'>et</span> <span class='ocrx_word' id='word_1_66' title='bbox 789 1930 855 1977; x_wconf 87' lang='lat' dir='ltr'>male</span> <span class='ocrx_word' id='word_1_67' title='bbox 880 1928 1067 1977; x_wconf 78' lang='lat' dir='ltr'>cohaerentibus</span> <span class='ocrx_word' id='word_1_68' title='bbox 1096 1929 1222 1992; x_wconf 82' lang='lat' dir='ltr'>explicata</span> <span class='ocrx_word' id='word_1_69' title='bbox 1244 1937 1284 1980; x_wconf 88' lang='lat' dir='ltr'>est.</span> 
     </span>
     <span class='ocr_line' id='line_1_16' title="bbox 153 2006 1284 2070; baseline -0.003 -12"><span class='ocrx_word' id='word_1_70' title='bbox 153 2011 183 2059; x_wconf 89' lang='lat' dir='ltr'>B.</span> <span class='ocrx_word' id='word_1_71' title='bbox 202 2009 268 2060; x_wconf 83' lang='lat' dir='ltr'>Gall.</span> <span class='ocrx_word' id='word_1_72' title='bbox 286 2008 348 2057; x_wconf 88' lang='lat' dir='ltr'>VH.</span> <span class='ocrx_word' id='word_1_73' title='bbox 365 2008 405 2056; x_wconf 76' lang='lat'>84.</span> <span class='ocrx_word' id='word_1_74' title='bbox 435 2009 528 2057; x_wconf 85' lang='lat' dir='ltr'>Omnia</span> <span class='ocrx_word' id='word_1_75' title='bbox 544 2010 698 2069; x_wconf 84' lang='lat' dir='ltr'>plerumque,</span> <span class='ocrx_word' id='word_1_76' title='bbox 717 2038 719 2053; x_wconf 85' lang='grc'>.</span> <span class='ocrx_word' id='word_1_77' title='bbox 739 2006 876 2070; x_wconf 75' lang='lat' dir='ltr'>Praecipue</span> <span class='ocrx_word' id='word_1_78' title='bbox 900 2010 1012 2056; x_wconf 76' lang='lat' dir='ltr'>assidens</span> <span class='ocrx_word' id='word_1_79' title='bbox 1040 2009 1121 2070; x_wconf 83' lang='lat' dir='ltr'>pallis</span> <span class='ocrx_word' id='word_1_80' title='bbox 1151 2013 1178 2056; x_wconf 86' lang='lat' dir='ltr'>et</span> <span class='ocrx_word' id='word_1_81' title='bbox 1213 2010 1284 2070; x_wconf 56' lang='lat' dir='ltr'>nram</span> 
     </span>
     <span class='ocr_line' id='line_1_17' title="bbox 154 2086 1284 2152; baseline -0.004 -15"><span class='ocrx_word' id='word_1_82' title='bbox 154 2105 217 2152; x_wconf 83' lang='lat' dir='ltr'>quae</span> <span class='ocrx_word' id='word_1_83' title='bbox 245 2091 348 2146; x_wconf 82' lang='lat' dir='ltr'>absunt,</span> <span class='ocrx_word' id='word_1_84' title='bbox 377 2088 543 2137; x_wconf 79' lang='lat' dir='ltr'>uebennentius</span> <span class='ocrx_word' id='word_1_85' title='bbox 572 2089 698 2135; x_wconf 74' lang='lat' dir='ltr'>buzninum</span> <span class='ocrx_word' id='word_1_86' title='bbox 737 2089 834 2135; x_wconf 82' lang='lat' dir='ltr'>relictis</span> <span class='ocrx_word' id='word_1_87' title='bbox 864 2087 924 2134; x_wconf 87' lang='lat' dir='ltr'>adeo</span> <span class='ocrx_word' id='word_1_88' title='bbox 953 2086 1148 2148; x_wconf 85' lang='lat' dir='ltr'>intelligentiam</span> <span class='ocrx_word' id='word_1_89' title='bbox 1180 2092 1284 2134; x_wconf 81' lang='lat' dir='ltr'>nostram</span> 
     </span>
     <span class='ocr_line' id='line_1_18' title="bbox 154 2165 1284 2231; baseline -0.003 -16"><span class='ocrx_word' id='word_1_90' title='bbox 154 2174 248 2217; x_wconf 85' lang='lat' dir='ltr'>urentes</span> <span class='ocrx_word' id='word_1_91' title='bbox 261 2170 424 2231; x_wconf 83' lang='lat' dir='ltr'>perturbant.</span> <span class='ocrx_word' id='word_1_92' title='bbox 739 2165 853 2228; x_wconf 84' lang='lat' dir='ltr'>fugiunt,</span> <span class='ocrx_word' id='word_1_93' title='bbox 870 2175 899 2213; x_wconf 87' lang='lat' dir='ltr'>ut</span> <span class='ocrx_word' id='word_1_94' title='bbox 914 2180 966 2213; x_wconf 92' lang='lat' dir='ltr'>non</span> <span class='ocrx_word' id='word_1_95' title='bbox 981 2165 1030 2213; x_wconf 86' lang='lat' dir='ltr'>nisi</span> <span class='ocrx_word' id='word_1_96' title='bbox 1045 2165 1123 2228; x_wconf 83' lang='lat' dir='ltr'>longo</span> <span class='ocrx_word' id='word_1_97' title='bbox 1140 2166 1227 2214; x_wconf 85' lang='lat' dir='ltr'>labore</span> <span class='ocrx_word' id='word_1_98' title='bbox 1245 2165 1284 2212; x_wconf 86' lang='lat' dir='ltr'>ali·</span> 
     </span>
    </p>

    <p class='ocr_par' dir='ltr' id='par_1_10' title="bbox 150 2245 1286 4361">
     <span class='ocr_line' id='line_1_19' title="bbox 191 2245 1285 2308; baseline -0.003 -12"><span class='ocrx_word' id='word_1_99' title='bbox 191 2249 229 2296; x_wconf 83' lang='lat' dir='ltr'>Ul</span> <span class='ocrx_word' id='word_1_100' title='bbox 246 2250 359 2296; x_wconf 66' lang='lat' dir='ltr'>manaem</span> <span class='ocrx_word' id='word_1_101' title='bbox 368 2246 531 2308; x_wconf 80' lang='lat' dir='ltr'>inplumibus</span> <span class='ocrx_word' id='word_1_102' title='bbox 542 2245 621 2306; x_wconf 86' lang='lat' dir='ltr'>pallis</span> <span class='ocrx_word' id='word_1_103' title='bbox 637 2245 698 2292; x_wconf 86' lang='lat' dir='ltr'>auls.</span> <span class='ocrx_word' id='word_1_104' title='bbox 739 2258 814 2306; x_wconf 88' lang='lat' dir='ltr'>quem</span> <span class='ocrx_word' id='word_1_105' title='bbox 840 2259 941 2292; x_wconf 87' lang='lat' dir='ltr'>sensum</span> <span class='ocrx_word' id='word_1_106' title='bbox 958 2251 1114 2308; x_wconf 86' lang='lat' dir='ltr'>extorqueas.</span> <span class='ocrx_word' id='word_1_107' title='bbox 1148 2245 1186 2293; x_wconf 85' lang='lat' dir='ltr'>Et</span> <span class='ocrx_word' id='word_1_108' title='bbox 1202 2259 1285 2308; x_wconf 83' lang='lat' dir='ltr'>parum</span> 
     </span>
     <span class='ocr_line' id='line_1_20' title="bbox 154 2320 1284 2387; baseline -0.004 -13"><span class='ocrx_word' id='word_1_109' title='bbox 154 2327 247 2375; x_wconf 77' lang='lat' dir='ltr'>Poetae</span> <span class='ocrx_word' id='word_1_110' title='bbox 271 2327 336 2374; x_wconf 91' lang='lat' dir='ltr'>hanc</span> <span class='ocrx_word' id='word_1_111' title='bbox 356 2325 490 2387; x_wconf 81' lang='lat' dir='ltr'>imaginem</span> <span class='ocrx_word' id='word_1_112' title='bbox 507 2324 582 2371; x_wconf 81' lang='lat' dir='ltr'>variis</span> <span class='ocrx_word' id='word_1_113' title='bbox 599 2329 623 2370; x_wconf 89' lang='lat' dir='ltr'>et</span> <span class='ocrx_word' id='word_1_114' title='bbox 639 2320 696 2385; x_wconf 92' lang='lat' dir='ltr'>pul·</span> <span class='ocrx_word' id='word_1_115' title='bbox 739 2323 818 2381; x_wconf 84' lang='lat' dir='ltr'>iuvat,</span> <span class='ocrx_word' id='word_1_116' title='bbox 831 2324 852 2370; x_wconf 87' lang='lat' dir='ltr'>si</span> <span class='ocrx_word' id='word_1_117' title='bbox 863 2337 921 2370; x_wconf 91' lang='lat' dir='ltr'>cum</span> <span class='ocrx_word' id='word_1_118' title='bbox 934 2322 1048 2385; x_wconf 84' lang='lat' dir='ltr'>Gogavio</span> <span class='ocrx_word' id='word_1_119' title='bbox 1059 2323 1202 2372; x_wconf 83' lang='lat' dir='ltr'>Praeterm.</span> <span class='ocrx_word' id='word_1_120' title='bbox 1215 2339 1239 2385; x_wconf 91' lang='lat' dir='ltr'>p.</span> <span class='ocrx_word' id='word_1_121' title='bbox 1248 2323 1284 2371; x_wconf 82' lang='lat'>33.</span> 
     </span>
     <span class='ocr_line' id='line_1_21' title="bbox 154 2400 1285 2465; baseline -0.003 -12"><span class='ocrx_word' id='word_1_122' title='bbox 154 2406 280 2455; x_wconf 79' lang='lat' dir='ltr'>uberrimis</span> <span class='ocrx_word' id='word_1_123' title='bbox 297 2405 420 2453; x_wconf 88' lang='lat' dir='ltr'>coloribus</span> <span class='ocrx_word' id='word_1_124' title='bbox 437 2408 628 2451; x_wconf 85' lang='lat' dir='ltr'>exornaverunt.</span> <span class='ocrx_word' id='word_1_125' title='bbox 654 2400 697 2450; x_wconf 89' lang='lat' dir='ltr'>So·</span> <span class='ocrx_word' id='word_1_126' title='bbox 739 2408 764 2449; x_wconf 91' lang='lat' dir='ltr'>et</span> <span class='ocrx_word' id='word_1_127' title='bbox 781 2401 836 2449; x_wconf 87' lang='lat' dir='ltr'>aliis</span> <span class='ocrx_word' id='word_1_128' title='bbox 853 2401 966 2464; x_wconf 85' lang='lat' dir='ltr'>legamus</span> <span class='ocrx_word' id='word_1_129' title='bbox 984 2404 1070 2450; x_wconf 88' lang='lat' dir='ltr'>minus</span> <span class='ocrx_word' id='word_1_130' title='bbox 1079 2404 1186 2452; x_wconf 76' lang='lat' dir='ltr'>relictis.</span> <span class='ocrx_word' id='word_1_131' title='bbox 1203 2403 1285 2465; x_wconf 67' lang='lat' dir='ltr'>Neque</span> 
     </span>
     <span class='ocr_line' id='line_1_22' title="bbox 153 2480 1286 2548; baseline -0.004 -16"><span class='ocrx_word' id='word_1_132' title='bbox 153 2484 253 2548; x_wconf 88' lang='lat' dir='ltr'>phccles</span> <span class='ocrx_word' id='word_1_133' title='bbox 270 2483 295 2530; x_wconf 93' lang='lat' dir='ltr'>in</span> <span class='ocrx_word' id='word_1_134' title='bbox 313 2482 439 2533; x_wconf 77' lang='lat' dir='ltr'>Oenomao</span> <span class='ocrx_word' id='word_1_135' title='bbox 461 2482 563 2544; x_wconf 85' lang='lat' dir='ltr'>Fragm.</span> <span class='ocrx_word' id='word_1_136' title='bbox 581 2496 637 2543; x_wconf 81' lang='lat' dir='ltr'>pag.</span> <span class='ocrx_word' id='word_1_137' title='bbox 657 2480 697 2528; x_wconf 83' lang='lat'>68.</span> <span class='ocrx_word' id='word_1_138' title='bbox 739 2480 852 2542; x_wconf 82' lang='lat' dir='ltr'>castigati</span> <span class='ocrx_word' id='word_1_139' title='bbox 874 2481 959 2544; x_wconf 65' lang='lat' dir='ltr'>poetae</span> <span class='ocrx_word' id='word_1_140' title='bbox 979 2488 1038 2528; x_wconf 88' lang='lat' dir='ltr'>sunt</span> <span class='ocrx_word' id='word_1_141' title='bbox 1058 2481 1286 2544; x_wconf 63' lang='lat' dir='ltr'>reparationemque·</span> 
     </span>
     <span class='ocr_line' id='line_1_23' title="bbox 154 2559 1286 2628; baseline -0.002 -19"><span class='ocrx_word' id='word_1_142' title='bbox 154 2563 322 2628; x_wconf 66' lang='grc' dir='ltr'><strong>Λήθουσιγάρ</strong></span> <span class='ocrx_word' id='word_1_143' title='bbox 334 2581 375 2611; x_wconf 81' lang='grc' dir='ltr'>τοι</span> <span class='ocrx_word' id='word_1_144' title='bbox 389 2561 505 2626; x_wconf 81' lang='grc' dir='ltr'>κάνέμων</span> <span class='ocrx_word' id='word_1_145' title='bbox 521 2559 626 2616; x_wconf 77' lang='grc' dir='ltr'>διέξοδοι</span> <span class='ocrx_word' id='word_1_146' title='bbox 646 2559 697 2619; x_wconf 69' lang='lat' dir='ltr'>Oi]-</span> <span class='ocrx_word' id='word_1_147' title='bbox 739 2561 813 2608; x_wconf 81' lang='lat' dir='ltr'>nala</span> <span class='ocrx_word' id='word_1_148' title='bbox 829 2562 954 2618; x_wconf 82' lang='lat' dir='ltr'>absentes,</span> <span class='ocrx_word' id='word_1_149' title='bbox 975 2561 1108 2615; x_wconf 66' lang='lat' dir='ltr'>assim,</span> <span class='ocrx_word' id='word_1_150' title='bbox 1128 2562 1240 2616; x_wconf 81' lang='lat' dir='ltr'>relictis,</span> <span class='ocrx_word' id='word_1_151' title='bbox 1259 2565 1286 2607; x_wconf 82' lang='lat' dir='ltr'>ut</span> 
     </span>
     <span class='ocr_line' id='line_1_24' title="bbox 153 2637 1285 2705; baseline -0.001 -17"><span class='ocrx_word' id='word_1_152' title='bbox 153 2642 226 2689; x_wconf 86' lang='grc' dir='ltr'>λειαν</span> <span class='ocrx_word' id='word_1_153' title='bbox 242 2641 326 2705; x_wconf 84' lang='grc' dir='ltr'><strong><em>ὄρνιν,</em></strong></span> <span class='ocrx_word' id='word_1_154' title='bbox 346 2642 416 2699; x_wconf 83' lang='grc' dir='ltr'>πλὴν</span> <span class='ocrx_word' id='word_1_155' title='bbox 437 2640 502 2689; x_wconf 83' lang='grc' dir='ltr'>ὅταν</span> <span class='ocrx_word' id='word_1_156' title='bbox 522 2640 596 2696; x_wconf 80' lang='grc' dir='ltr'><em>τόκος</em></span> <span class='ocrx_word' id='word_1_157' title='bbox 618 2640 697 2702; x_wconf 79' lang='grc' dir='ltr'>παρῇ.</span> <span class='ocrx_word' id='word_1_158' title='bbox 739 2639 820 2695; x_wconf 82' lang='lat' dir='ltr'>adsit,</span> <span class='ocrx_word' id='word_1_159' title='bbox 836 2640 1019 2700; x_wconf 82' lang='lat' dir='ltr'>praesentibus.</span> <span class='ocrx_word' id='word_1_160' title='bbox 1053 2637 1094 2686; x_wconf 90' lang='lat' dir='ltr'>Ibi</span> <span class='ocrx_word' id='word_1_161' title='bbox 1110 2639 1237 2686; x_wconf 88' lang='lat' dir='ltr'>notionem</span> <span class='ocrx_word' id='word_1_162' title='bbox 1248 2642 1285 2687; x_wconf 85' lang='lat' dir='ltr'>al·</span> 
     </span>
     <span class='ocr_line' id='line_1_25' title="bbox 155 2717 1286 2780; baseline -0.003 -12"><span class='ocrx_word' id='word_1_163' title='bbox 155 2719 217 2768; x_wconf 82' lang='lat' dir='ltr'>Stat.</span> <span class='ocrx_word' id='word_1_164' title='bbox 235 2719 269 2767; x_wconf 91' lang='lat' dir='ltr'>V.</span> <span class='ocrx_word' id='word_1_165' title='bbox 281 2719 360 2768; x_wconf 86' lang='lat' dir='ltr'>Theb.</span> <span class='ocrx_word' id='word_1_166' title='bbox 370 2721 426 2768; x_wconf 83' lang='lat'><strong>599.</strong></span> <span class='ocrx_word' id='word_1_167' title='bbox 449 2723 487 2767; x_wconf 82' lang='lat' dir='ltr'>Ac</span> <span class='ocrx_word' id='word_1_168' title='bbox 504 2720 572 2767; x_wconf 86' lang='lat' dir='ltr'>uelut</span> <span class='ocrx_word' id='word_1_169' title='bbox 589 2720 698 2780; x_wconf 76' lang='lat' dir='ltr'>aliperae</span> <span class='ocrx_word' id='word_1_170' title='bbox 738 2719 815 2765; x_wconf 82' lang='lat' dir='ltr'>sentis</span> <span class='ocrx_word' id='word_1_171' title='bbox 840 2717 889 2774; x_wconf 85' lang='lat' dir='ltr'>bis,</span> <span class='ocrx_word' id='word_1_172' title='bbox 913 2719 1052 2778; x_wconf 67' lang='lat' dir='ltr'>praesentes</span> <span class='ocrx_word' id='word_1_173' title='bbox 1081 2723 1119 2764; x_wconf 86' lang='lat' dir='ltr'>ter</span> <span class='ocrx_word' id='word_1_174' title='bbox 1144 2724 1199 2764; x_wconf 87' lang='lat' dir='ltr'>tam</span> <span class='ocrx_word' id='word_1_175' title='bbox 1223 2717 1286 2765; x_wconf 69' lang='lat' dir='ltr'>brea</span> 
     </span>
     <span class='ocr_line' id='line_1_26' title="bbox 152 2794 1160 2860; baseline -0.004 -14"><span class='ocrx_word' id='word_1_176' title='bbox 152 2801 233 2846; x_wconf 81' lang='lat' dir='ltr'>sedem</span> <span class='ocrx_word' id='word_1_177' title='bbox 243 2799 378 2860; x_wconf 83' lang='lat' dir='ltr'>scelusque</span> <span class='ocrx_word' id='word_1_178' title='bbox 392 2802 510 2860; x_wconf 83' lang='lat' dir='ltr'>parentis</span> <span class='ocrx_word' id='word_1_179' title='bbox 546 2799 610 2846; x_wconf 87' lang='lat' dir='ltr'>Cum</span> <span class='ocrx_word' id='word_1_180' title='bbox 627 2799 699 2859; x_wconf 74' lang='lat' dir='ltr'>piper</span> <span class='ocrx_word' id='word_1_181' title='bbox 739 2795 872 2843; x_wconf 85' lang='lat' dir='ltr'>intervallo</span> <span class='ocrx_word' id='word_1_182' title='bbox 888 2796 993 2858; x_wconf 86' lang='lat' dir='ltr'>positam</span> <span class='ocrx_word' id='word_1_183' title='bbox 1009 2794 1160 2842; x_wconf 85' lang='lat' dir='ltr'>invenimus.</span> 
     </span>
     <span class='ocr_line' id='line_1_27' title="bbox 153 2876 1285 2938; baseline 0.001 -16"><span class='ocrx_word' id='word_1_184' title='bbox 153 2879 269 2924; x_wconf 79' lang='lat' dir='ltr'>rnrribrasa</span> <span class='ocrx_word' id='word_1_185' title='bbox 292 2879 430 2938; x_wconf 86' lang='lat' dir='ltr'>populatus</span> <span class='ocrx_word' id='word_1_186' title='bbox 454 2880 482 2924; x_wconf 84' lang='lat' dir='ltr'>iu</span> <span class='ocrx_word' id='word_1_187' title='bbox 507 2878 564 2924; x_wconf 76' lang='lat' dir='ltr'>allae</span> <span class='ocrx_word' id='word_1_188' title='bbox 587 2891 698 2938; x_wconf 84' lang='lat' dir='ltr'>serpeus,</span> <span class='ocrx_word' id='word_1_189' title='bbox 774 2878 936 2938; x_wconf 79' lang='lat' dir='ltr'>Serpentium</span> <span class='ocrx_word' id='word_1_190' title='bbox 952 2876 1066 2936; x_wconf 79' lang='lat' dir='ltr'>allapsus</span> <span class='ocrx_word' id='word_1_191' title='bbox 1087 2876 1167 2923; x_wconf 83' lang='lat' dir='ltr'>timet.</span> <span class='ocrx_word' id='word_1_192' title='bbox 1204 2876 1285 2923; x_wconf 82' lang='lat' dir='ltr'>Allali</span> 
     </span>
     <span class='ocr_line' id='line_1_28' title="bbox 153 2953 1284 3016; baseline 0.002 -16"><span class='ocrx_word' id='word_1_193' title='bbox 153 2955 209 3000; x_wconf 90' lang='lat' dir='ltr'>Illa</span> <span class='ocrx_word' id='word_1_194' title='bbox 225 2955 303 3011; x_wconf 83' lang='lat' dir='ltr'>redit,</span> <span class='ocrx_word' id='word_1_195' title='bbox 320 2956 485 3016; x_wconf 80' lang='lat' dir='ltr'>querulaeque</span> <span class='ocrx_word' id='word_1_196' title='bbox 500 2956 586 3002; x_wconf 75' lang='lat' dir='ltr'>danaus</span> <span class='ocrx_word' id='word_1_197' title='bbox 604 2955 698 3001; x_wconf 71' lang='lat' dir='ltr'>nstrata</span> <span class='ocrx_word' id='word_1_198' title='bbox 739 2960 764 3002; x_wconf 90' lang='lat' dir='ltr'>et</span> <span class='ocrx_word' id='word_1_199' title='bbox 789 2957 903 3015; x_wconf 81' lang='lat' dir='ltr'>allapsus</span> <span class='ocrx_word' id='word_1_200' title='bbox 927 2953 1027 3016; x_wconf 86' lang='lat' dir='ltr'>propria</span> <span class='ocrx_word' id='word_1_201' title='bbox 1046 2953 1203 3015; x_wconf 86' lang='lat' dir='ltr'>serpentibus</span> <span class='ocrx_word' id='word_1_202' title='bbox 1218 2966 1284 3002; x_wconf 77' lang='lat' dir='ltr'>vocs·</span> 
     </span>
     <span class='ocr_line' id='line_1_29' title="bbox 152 3031 1284 3094; baseline 0 -14"><span class='ocrx_word' id='word_1_203' title='bbox 152 3034 258 3094; x_wconf 83' lang='lat' dir='ltr'>quietem</span> <span class='ocrx_word' id='word_1_204' title='bbox 293 3035 354 3081; x_wconf 83' lang='lat' dir='ltr'>Stat</span> <span class='ocrx_word' id='word_1_205' title='bbox 377 3033 626 3094; x_wconf 70' lang='lat' dir='ltr'>superimpendam,</span> <span class='ocrx_word' id='word_1_206' title='bbox 651 3033 696 3079; x_wconf 88' lang='lat' dir='ltr'>ad-</span> <span class='ocrx_word' id='word_1_207' title='bbox 740 3032 849 3091; x_wconf 88' lang='lat' dir='ltr'>bula‚in</span> <span class='ocrx_word' id='word_1_208' title='bbox 860 3031 934 3080; x_wconf 87' lang='lat' dir='ltr'>celeri</span> <span class='ocrx_word' id='word_1_209' title='bbox 946 3038 970 3080; x_wconf 86' lang='lat' dir='ltr'>et</span> <span class='ocrx_word' id='word_1_210' title='bbox 979 3031 1095 3080; x_wconf 85' lang='lat' dir='ltr'>insidioso</span> <span class='ocrx_word' id='word_1_211' title='bbox 1104 3039 1183 3082; x_wconf 88' lang='lat' dir='ltr'>motu.</span> <span class='ocrx_word' id='word_1_212' title='bbox 1201 3033 1284 3082; x_wconf 81' lang='lat' dir='ltr'>Valet.</span> 
     </span>
     <span class='ocr_line' id='line_1_30' title="bbox 152 3112 1284 3175; baseline -0.001 -15"><span class='ocrx_word' id='word_1_213' title='bbox 152 3119 279 3175; x_wconf 71' lang='lat' dir='ltr'>erectosque</span> <span class='ocrx_word' id='word_1_214' title='bbox 296 3115 400 3162; x_wconf 71' lang='lat' dir='ltr'>manaa</span> <span class='ocrx_word' id='word_1_215' title='bbox 420 3118 511 3161; x_wconf 79' lang='lat' dir='ltr'>niaeslo</span> <span class='ocrx_word' id='word_1_216' title='bbox 528 3113 638 3160; x_wconf 76' lang='lat' dir='ltr'>Eanum</span> <span class='ocrx_word' id='word_1_217' title='bbox 656 3127 698 3161; x_wconf 89' lang='lat' dir='ltr'>are</span> <span class='ocrx_word' id='word_1_218' title='bbox 740 3112 846 3160; x_wconf 84' lang='lat' dir='ltr'>Maxim.</span> <span class='ocrx_word' id='word_1_219' title='bbox 863 3112 885 3160; x_wconf 92' lang='grc' dir='ltr'>Ι.</span> <span class='ocrx_word' id='word_1_220' title='bbox 902 3113 925 3160; x_wconf 89' lang='grc'>6.</span> <span class='ocrx_word' id='word_1_221' title='bbox 943 3113 1066 3173; x_wconf 85' lang='lat' dir='ltr'>Allapsus</span> <span class='ocrx_word' id='word_1_222' title='bbox 1081 3116 1239 3174; x_wconf 80' lang='lat' dir='ltr'>serpentium</span> <span class='ocrx_word' id='word_1_223' title='bbox 1246 3128 1284 3160; x_wconf 88' lang='lat' dir='ltr'>ar·</span> 
     </span>
     <span class='ocr_line' id='line_1_31' title="bbox 152 3191 1283 3255; baseline -0.003 -14"><span class='ocrx_word' id='word_1_224' title='bbox 152 3194 228 3250; x_wconf 86' lang='lat' dir='ltr'>albos,</span> <span class='ocrx_word' id='word_1_225' title='bbox 245 3209 302 3242; x_wconf 89' lang='lat' dir='ltr'>cum</span> <span class='ocrx_word' id='word_1_226' title='bbox 318 3195 383 3242; x_wconf 80' lang='lat' dir='ltr'>salus</span> <span class='ocrx_word' id='word_1_227' title='bbox 399 3195 427 3241; x_wconf 88' lang='lat' dir='ltr'>in</span> <span class='ocrx_word' id='word_1_228' title='bbox 443 3195 530 3241; x_wconf 86' lang='lat' dir='ltr'>arbore</span> <span class='ocrx_word' id='word_1_229' title='bbox 546 3206 608 3241; x_wconf 84' lang='lat' dir='ltr'>rara</span> <span class='ocrx_word' id='word_1_230' title='bbox 633 3193 697 3240; x_wconf 80' lang='lat' dir='ltr'>San·</span> <span class='ocrx_word' id='word_1_231' title='bbox 739 3193 802 3248; x_wconf 84' lang='lat' dir='ltr'>ceri,</span> <span class='ocrx_word' id='word_1_232' title='bbox 835 3207 912 3254; x_wconf 78' lang='lat' dir='ltr'>neque</span> <span class='ocrx_word' id='word_1_233' title='bbox 934 3191 1004 3254; x_wconf 69' lang='lat' dir='ltr'>fuya</span> <span class='ocrx_word' id='word_1_234' title='bbox 1029 3193 1150 3253; x_wconf 79' lang='lat' dir='ltr'>impediri</span> <span class='ocrx_word' id='word_1_235' title='bbox 1179 3197 1283 3255; x_wconf 78' lang='lat' dir='ltr'>potant.</span> 
     </span>
     <span class='ocr_line' id='line_1_32' title="bbox 151 3268 1283 3334; baseline 0.002 -18"><span class='ocrx_word' id='word_1_236' title='bbox 151 3271 207 3331; x_wconf 77' lang='lat' dir='ltr'>puis</span> <span class='ocrx_word' id='word_1_237' title='bbox 224 3277 249 3319; x_wconf 85' lang='lat' dir='ltr'>et</span> <span class='ocrx_word' id='word_1_238' title='bbox 266 3276 381 3320; x_wconf 84' lang='lat' dir='ltr'>errantes</span> <span class='ocrx_word' id='word_1_239' title='bbox 396 3276 528 3332; x_wconf 81' lang='lat' dir='ltr'>perrupta</span> <span class='ocrx_word' id='word_1_240' title='bbox 538 3269 632 3318; x_wconf 82' lang='lat' dir='ltr'>cubilia</span> <span class='ocrx_word' id='word_1_241' title='bbox 640 3271 697 3329; x_wconf 89' lang='lat' dir='ltr'>plu·</span> <span class='ocrx_word' id='word_1_242' title='bbox 739 3269 799 3318; x_wconf 90' lang='lat' dir='ltr'>Vid.</span> <span class='ocrx_word' id='word_1_243' title='bbox 817 3268 918 3333; x_wconf 84' lang='lat' dir='ltr'>interpr.</span> <span class='ocrx_word' id='word_1_244' title='bbox 936 3269 968 3317; x_wconf 88' lang='lat' dir='ltr'>ad</span> <span class='ocrx_word' id='word_1_245' title='bbox 984 3269 1044 3318; x_wconf 90' lang='lat' dir='ltr'>Iulii</span> <span class='ocrx_word' id='word_1_246' title='bbox 1052 3269 1143 3334; x_wconf 90' lang='lat' dir='ltr'>Obseq.</span> <span class='ocrx_word' id='word_1_247' title='bbox 1162 3269 1283 3318; x_wconf 76' lang='lat' dir='ltr'>Pronus.</span> 
     </span>
     <span class='ocr_line' id='line_1_33' title="bbox 152 3348 1285 3412; baseline 0.001 -17"><span class='ocrx_word' id='word_1_248' title='bbox 152 3364 213 3397; x_wconf 89' lang='lat' dir='ltr'>mae.</span> <span class='ocrx_word' id='word_1_249' title='bbox 248 3349 283 3398; x_wconf 90' lang='lat' dir='ltr'>X.</span> <span class='ocrx_word' id='word_1_250' title='bbox 310 3349 387 3398; x_wconf 83' lang='lat' dir='ltr'>Theb.</span> <span class='ocrx_word' id='word_1_251' title='bbox 418 3350 474 3397; x_wconf 79' lang='lat'>452.</span> <span class='ocrx_word' id='word_1_252' title='bbox 509 3351 637 3396; x_wconf 85' lang='lat' dir='ltr'>uolucrum</span> <span class='ocrx_word' id='word_1_253' title='bbox 661 3349 698 3396; x_wconf 83' lang='lat' dir='ltr'>sle</span> <span class='ocrx_word' id='word_1_254' title='bbox 740 3348 841 3409; x_wconf 75' lang='lat' dir='ltr'>Anpues</span> <span class='ocrx_word' id='word_1_255' title='bbox 861 3351 910 3398; x_wconf 86' lang='lat' dir='ltr'>dua</span> <span class='ocrx_word' id='word_1_256' title='bbox 929 3351 998 3412; x_wconf 74' lang='lat' dir='ltr'>alpi</span> <span class='ocrx_word' id='word_1_257' title='bbox 1018 3352 1047 3398; x_wconf 81' lang='lat' dir='ltr'>in</span> <span class='ocrx_word' id='word_1_258' title='bbox 1066 3352 1131 3399; x_wconf 78' lang='lat' dir='ltr'>calar</span> <span class='ocrx_word' id='word_1_259' title='bbox 1153 3350 1285 3398; x_wconf 79' lang='lat' dir='ltr'>Mineruae</span> 
     </span>
     <span class='ocr_line' id='line_1_34' title="bbox 153 3428 1283 3492; baseline 0.002 -20"><span class='ocrx_word' id='word_1_260' title='bbox 153 3431 229 3477; x_wconf 75' lang='lat' dir='ltr'>rurba</span> <span class='ocrx_word' id='word_1_261' title='bbox 246 3435 372 3478; x_wconf 83' lang='lat' dir='ltr'>recentum</span> <span class='ocrx_word' id='word_1_262' title='bbox 408 3429 472 3476; x_wconf 84' lang='lat' dir='ltr'>Cum</span> <span class='ocrx_word' id='word_1_263' title='bbox 493 3430 606 3475; x_wconf 82' lang='lat' dir='ltr'>reducem</span> <span class='ocrx_word' id='word_1_264' title='bbox 629 3429 698 3488; x_wconf 80' lang='lat' dir='ltr'>lappa</span> <span class='ocrx_word' id='word_1_265' title='bbox 739 3428 844 3489; x_wconf 81' lang='lat' dir='ltr'>allapsi,</span> <span class='ocrx_word' id='word_1_266' title='bbox 868 3431 966 3478; x_wconf 81' lang='lat' dir='ltr'>aieilem</span> <span class='ocrx_word' id='word_1_267' title='bbox 982 3431 1080 3478; x_wconf 85' lang='lat' dir='ltr'>caedem</span> <span class='ocrx_word' id='word_1_268' title='bbox 1095 3430 1283 3492; x_wconf 78' lang='lat' dir='ltr'>pertenderunt.</span> 
     </span>
     <span class='ocr_line' id='line_1_35' title="bbox 150 3503 1283 3569; baseline 0.001 -16"><span class='ocrx_word' id='word_1_269' title='bbox 150 3509 282 3568; x_wconf 80' lang='lat' dir='ltr'>prospexit</span> <span class='ocrx_word' id='word_1_270' title='bbox 299 3510 330 3555; x_wconf 84' lang='lat' dir='ltr'>ab</span> <span class='ocrx_word' id='word_1_271' title='bbox 347 3510 446 3556; x_wconf 80' lang='lat' dir='ltr'>aethere</span> <span class='ocrx_word' id='word_1_272' title='bbox 462 3513 576 3555; x_wconf 74' lang='lat' dir='ltr'>malrum.</span> <span class='ocrx_word' id='word_1_273' title='bbox 600 3506 698 3555; x_wconf 81' lang='lat' dir='ltr'>Similia</span> <span class='ocrx_word' id='word_1_274' title='bbox 739 3503 790 3552; x_wconf 89' lang='lat' dir='ltr'>Ubi</span> <span class='ocrx_word' id='word_1_275' title='bbox 806 3519 855 3553; x_wconf 91' lang='lat' dir='ltr'>non</span> <span class='ocrx_word' id='word_1_276' title='bbox 872 3506 1092 3564; x_wconf 86' lang='lat' dir='ltr'>contemnendum,</span> <span class='ocrx_word' id='word_1_277' title='bbox 1109 3507 1177 3569; x_wconf 88' lang='lat' dir='ltr'>quod</span> <span class='ocrx_word' id='word_1_278' title='bbox 1190 3506 1218 3554; x_wconf 90' lang='lat' dir='ltr'>in</span> <span class='ocrx_word' id='word_1_279' title='bbox 1233 3506 1283 3555; x_wconf 86' lang='lat' dir='ltr'>aliis</span> 
     </span>
     <span class='ocr_line' id='line_1_36' title="bbox 151 3583 1284 3649; baseline 0.005 -20"><span class='ocrx_word' id='word_1_280' title='bbox 151 3588 210 3629; x_wconf 91' lang='lat' dir='ltr'>sunt</span> <span class='ocrx_word' id='word_1_281' title='bbox 227 3584 292 3646; x_wconf 87' lang='lat' dir='ltr'>apud</span> <span class='ocrx_word' id='word_1_282' title='bbox 309 3583 618 3648; x_wconf 79' lang='lat' dir='ltr'>Homerum,Virgilium,</span> <span class='ocrx_word' id='word_1_283' title='bbox 636 3584 696 3635; x_wconf 90' lang='lat' dir='ltr'>Ovi·</span> <span class='ocrx_word' id='word_1_284' title='bbox 739 3584 887 3634; x_wconf 87' lang='lat' dir='ltr'>editionibus</span> <span class='ocrx_word' id='word_1_285' title='bbox 897 3585 1001 3648; x_wconf 88' lang='lat' dir='ltr'>legitur:</span> <span class='ocrx_word' id='word_1_286' title='bbox 1017 3589 1105 3648; x_wconf 80' lang='lat' dir='ltr'>elapsi,</span> <span class='ocrx_word' id='word_1_287' title='bbox 1116 3593 1181 3649; x_wconf 85' lang='lat' dir='ltr'>puta</span> <span class='ocrx_word' id='word_1_288' title='bbox 1192 3601 1225 3635; x_wconf 83' lang='lat' dir='ltr'>ex</span> <span class='ocrx_word' id='word_1_289' title='bbox 1235 3587 1284 3635; x_wconf 88' lang='lat' dir='ltr'>loco</span> 
     </span>
     <span class='ocr_line' id='line_1_37' title="bbox 152 3661 1284 3728; baseline 0.004 -20"><span class='ocrx_word' id='word_1_290' title='bbox 152 3661 221 3709; x_wconf 89' lang='lat' dir='ltr'>dium</span> <span class='ocrx_word' id='word_1_291' title='bbox 239 3668 344 3724; x_wconf 86' lang='lat' dir='ltr'>atquae</span> <span class='ocrx_word' id='word_1_292' title='bbox 367 3662 407 3709; x_wconf 84' lang='lat' dir='ltr'>hic</span> <span class='ocrx_word' id='word_1_293' title='bbox 427 3663 563 3712; x_wconf 83' lang='lat' dir='ltr'>laudarunt</span> <span class='ocrx_word' id='word_1_294' title='bbox 579 3665 697 3728; x_wconf 89' lang='lat' dir='ltr'>interpre·</span> <span class='ocrx_word' id='word_1_295' title='bbox 739 3662 834 3726; x_wconf 91' lang='lat' dir='ltr'>aliquo,</span> <span class='ocrx_word' id='word_1_296' title='bbox 859 3664 1006 3713; x_wconf 88' lang='lat' dir='ltr'>ecolumna</span> <span class='ocrx_word' id='word_1_297' title='bbox 1022 3665 1049 3712; x_wconf 93' lang='lat' dir='ltr'>in</span> <span class='ocrx_word' id='word_1_298' title='bbox 1069 3665 1136 3713; x_wconf 86' lang='lat' dir='ltr'>cella</span> <span class='ocrx_word' id='word_1_299' title='bbox 1157 3666 1213 3716; x_wconf 83' lang='lat' dir='ltr'>ista.</span> <span class='ocrx_word' id='word_1_300' title='bbox 1247 3665 1284 3716; x_wconf 82' lang='lat' dir='ltr'>sa</span> 
     </span>
     <span class='ocr_line' id='line_1_38' title="bbox 152 3741 1283 3805; baseline 0.005 -17"><span class='ocrx_word' id='word_1_301' title='bbox 152 3748 201 3799; x_wconf 86' lang='lat' dir='ltr'>tes,</span> <span class='ocrx_word' id='word_1_302' title='bbox 218 3747 242 3789; x_wconf 89' lang='lat' dir='ltr'>et</span> <span class='ocrx_word' id='word_1_303' title='bbox 259 3741 290 3788; x_wconf 87' lang='lat' dir='ltr'>ad</span> <span class='ocrx_word' id='word_1_304' title='bbox 307 3741 417 3791; x_wconf 79' lang='lat' dir='ltr'>ciceron.</span> <span class='ocrx_word' id='word_1_305' title='bbox 435 3742 520 3791; x_wconf 82' lang='lat' dir='ltr'>Divin.</span> <span class='ocrx_word' id='word_1_306' title='bbox 538 3741 573 3790; x_wconf 89' lang='lat'>11.</span> <span class='ocrx_word' id='word_1_307' title='bbox 591 3745 630 3792; x_wconf 81' lang='lat'>30.</span> <span class='ocrx_word' id='word_1_308' title='bbox 649 3744 697 3792; x_wconf 89' lang='lat' dir='ltr'>Ta·</span> <span class='ocrx_word' id='word_1_309' title='bbox 739 3743 794 3792; x_wconf 89' lang='lat' dir='ltr'>Liv.</span> <span class='ocrx_word' id='word_1_310' title='bbox 812 3744 832 3792; x_wconf 92' lang='lat' dir='ltr'>I.</span> <span class='ocrx_word' id='word_1_311' title='bbox 855 3743 895 3792; x_wconf 81' lang='lat'>56.</span> <span class='ocrx_word' id='word_1_312' title='bbox 921 3747 1076 3793; x_wconf 83' lang='lat' dir='ltr'>Portentum</span> <span class='ocrx_word' id='word_1_313' title='bbox 1096 3747 1223 3805; x_wconf 76' lang='lat' dir='ltr'>terribile,</span> <span class='ocrx_word' id='word_1_314' title='bbox 1243 3761 1283 3794; x_wconf 86' lang='lat' dir='ltr'>aa·</span> 
     </span>
     <span class='ocr_line' id='line_1_39' title="bbox 151 3818 1205 3887; baseline 0.008 -21"><span class='ocrx_word' id='word_1_315' title='bbox 151 3820 186 3867; x_wconf 93' lang='lat' dir='ltr'>lia</span> <span class='ocrx_word' id='word_1_316' title='bbox 202 3818 383 3869; x_wconf 83' lang='lat' dir='ltr'>Grammaticos</span> <span class='ocrx_word' id='word_1_317' title='bbox 399 3833 449 3867; x_wconf 92' lang='lat' dir='ltr'>non</span> <span class='ocrx_word' id='word_1_318' title='bbox 460 3820 578 3870; x_wconf 87' lang='lat' dir='ltr'>latebant.</span> <span class='ocrx_word' id='word_1_319' title='bbox 604 3821 697 3870; x_wconf 86' lang='lat' dir='ltr'>Nostra</span> <span class='ocrx_word' id='word_1_320' title='bbox 737 3824 792 3886; x_wconf 75' lang='lat' dir='ltr'>puis</span> <span class='ocrx_word' id='word_1_321' title='bbox 808 3841 839 3873; x_wconf 82' lang='lat' dir='ltr'>eu</span> <span class='ocrx_word' id='word_1_322' title='bbox 855 3827 971 3873; x_wconf 87' lang='lat' dir='ltr'>columna</span> <span class='ocrx_word' id='word_1_323' title='bbox 988 3825 1070 3886; x_wconf 79' lang='lat' dir='ltr'>lipnea</span> <span class='ocrx_word' id='word_1_324' title='bbox 1093 3825 1205 3887; x_wconf 84' lang='lat' dir='ltr'>elapsas.</span> 
     </span>
     <span class='ocr_line' id='line_1_40' title="bbox 150 3899 1283 3966; baseline 0.005 -20"><span class='ocrx_word' id='word_1_325' title='bbox 150 3899 301 3962; x_wconf 86' lang='lat' dir='ltr'>comparatio</span> <span class='ocrx_word' id='word_1_326' title='bbox 316 3913 366 3955; x_wconf 89' lang='lat' dir='ltr'>non</span> <span class='ocrx_word' id='word_1_327' title='bbox 384 3913 434 3946; x_wconf 91' lang='lat' dir='ltr'>uno</span> <span class='ocrx_word' id='word_1_328' title='bbox 451 3899 549 3948; x_wconf 86' lang='lat' dir='ltr'>nomine</span> <span class='ocrx_word' id='word_1_329' title='bbox 566 3901 696 3962; x_wconf 88' lang='lat' dir='ltr'>reprehen·</span> <span class='ocrx_word' id='word_1_330' title='bbox 772 3905 824 3952; x_wconf 88' lang='lat' dir='ltr'>Nec</span> <span class='ocrx_word' id='word_1_331' title='bbox 845 3909 875 3950; x_wconf 83' lang='lat' dir='ltr'>ul</span> <span class='ocrx_word' id='word_1_332' title='bbox 892 3905 994 3966; x_wconf 85' lang='lat' dir='ltr'>superni</span> <span class='ocrx_word' id='word_1_333' title='bbox 1014 3905 1077 3951; x_wconf 83' lang='lat' dir='ltr'>uilla</span> <span class='ocrx_word' id='word_1_334' title='bbox 1095 3905 1206 3952; x_wconf 80' lang='lat' dir='ltr'>candens</span> <span class='ocrx_word' id='word_1_335' title='bbox 1225 3905 1283 3952; x_wconf 82' lang='lat' dir='ltr'>Tus·</span> 
     </span>
     <span class='ocr_line' id='line_1_41' title="bbox 151 3979 1283 4046; baseline 0.004 -19"><span class='ocrx_word' id='word_1_336' title='bbox 151 3980 232 4028; x_wconf 85' lang='lat' dir='ltr'>denda</span> <span class='ocrx_word' id='word_1_337' title='bbox 255 3987 299 4028; x_wconf 89' lang='lat' dir='ltr'>est.</span> <span class='ocrx_word' id='word_1_338' title='bbox 334 3979 448 4027; x_wconf 87' lang='lat' dir='ltr'>Primum</span> <span class='ocrx_word' id='word_1_339' title='bbox 473 3979 592 4028; x_wconf 89' lang='lat' dir='ltr'>Horatius</span> <span class='ocrx_word' id='word_1_340' title='bbox 613 3980 696 4028; x_wconf 90' lang='lat' dir='ltr'>minus</span> <span class='ocrx_word' id='word_1_341' title='bbox 737 3984 795 4031; x_wconf 80' lang='lat' dir='ltr'>auli.</span> <span class='ocrx_word' id='word_1_342' title='bbox 832 3983 975 4030; x_wconf 86' lang='lat' dir='ltr'>Broukbus.</span> <span class='ocrx_word' id='word_1_343' title='bbox 1003 3983 1142 4031; x_wconf 86' lang='lat' dir='ltr'>coniecerat</span> <span class='ocrx_word' id='word_1_344' title='bbox 1174 3985 1283 4046; x_wconf 77' lang='lat' dir='ltr'>supera,</span> 
     </span>
     <span class='ocr_line' id='line_1_42' title="bbox 152 4059 1283 4123; baseline -0.001 -16"><span class='ocrx_word' id='word_1_345' title='bbox 152 4067 217 4108; x_wconf 88' lang='lat' dir='ltr'>recte</span> <span class='ocrx_word' id='word_1_346' title='bbox 238 4060 361 4108; x_wconf 88' lang='lat' dir='ltr'>diceretur</span> <span class='ocrx_word' id='word_1_347' title='bbox 385 4060 523 4107; x_wconf 85' lang='lat' dir='ltr'>Maecenati</span> <span class='ocrx_word' id='word_1_348' title='bbox 545 4059 645 4116; x_wconf 88' lang='lat' dir='ltr'>timere,</span> <span class='ocrx_word' id='word_1_349' title='bbox 667 4068 696 4107; x_wconf 85' lang='lat' dir='ltr'>ut</span> <span class='ocrx_word' id='word_1_350' title='bbox 736 4068 821 4123; x_wconf 86' lang='lat' dir='ltr'>postea</span> <span class='ocrx_word' id='word_1_351' title='bbox 843 4061 933 4111; x_wconf 87' lang='lat' dir='ltr'>delevit</span> <span class='ocrx_word' id='word_1_352' title='bbox 954 4062 1124 4110; x_wconf 86' lang='lat' dir='ltr'>coniecturam</span> <span class='ocrx_word' id='word_1_353' title='bbox 1149 4069 1176 4111; x_wconf 91' lang='lat' dir='ltr'>et</span> <span class='ocrx_word' id='word_1_354' title='bbox 1203 4060 1283 4109; x_wconf 83' lang='lat' dir='ltr'>citavit</span> 
     </span>
     <span class='ocr_line' id='line_1_43' title="bbox 150 4137 1282 4201; baseline 0.001 -15"><span class='ocrx_word' id='word_1_355' title='bbox 150 4146 230 4187; x_wconf 90' lang='lat' dir='ltr'>mater</span> <span class='ocrx_word' id='word_1_356' title='bbox 250 4139 320 4187; x_wconf 90' lang='lat' dir='ltr'>timet</span> <span class='ocrx_word' id='word_1_357' title='bbox 336 4138 413 4200; x_wconf 92' lang='lat' dir='ltr'>pullis</span> <span class='ocrx_word' id='word_1_358' title='bbox 430 4137 597 4201; x_wconf 89' lang='lat' dir='ltr'>implumibus.</span> <span class='ocrx_word' id='word_1_359' title='bbox 626 4139 695 4187; x_wconf 90' lang='lat' dir='ltr'>Mae·</span> <span class='ocrx_word' id='word_1_360' title='bbox 736 4139 840 4188; x_wconf 83' lang='lat' dir='ltr'>Festum</span> <span class='ocrx_word' id='word_1_361' title='bbox 862 4140 888 4187; x_wconf 91' lang='lat' dir='ltr'>in</span> <span class='ocrx_word' id='word_1_362' title='bbox 913 4143 1011 4190; x_wconf 84' lang='lat' dir='ltr'>Tuscos.</span> <span class='ocrx_word' id='word_1_363' title='bbox 1049 4140 1147 4190; x_wconf 84' lang='lat' dir='ltr'>Eadem</span> <span class='ocrx_word' id='word_1_364' title='bbox 1167 4148 1207 4188; x_wconf 85' lang='lat' dir='ltr'>est</span> <span class='ocrx_word' id='word_1_365' title='bbox 1230 4154 1282 4188; x_wconf 85' lang='lat' dir='ltr'>con·</span> 
     </span>
     <span class='ocr_line' id='line_1_44' title="bbox 151 4219 1280 4282; baseline 0.001 -16"><span class='ocrx_word' id='word_1_366' title='bbox 151 4234 223 4268; x_wconf 86' lang='lat' dir='ltr'>cenas</span> <span class='ocrx_word' id='word_1_367' title='bbox 240 4225 293 4267; x_wconf 90' lang='lat' dir='ltr'>erat</span> <span class='ocrx_word' id='word_1_368' title='bbox 310 4227 371 4266; x_wconf 86' lang='lat' dir='ltr'>natu</span> <span class='ocrx_word' id='word_1_369' title='bbox 388 4219 467 4267; x_wconf 90' lang='lat' dir='ltr'>maior</span> <span class='ocrx_word' id='word_1_370' title='bbox 475 4235 549 4282; x_wconf 88' lang='lat' dir='ltr'>quam</span> <span class='ocrx_word' id='word_1_371' title='bbox 566 4219 694 4268; x_wconf 89' lang='lat' dir='ltr'>Horatius.</span> <span class='ocrx_word' id='word_1_372' title='bbox 736 4220 984 4269; x_wconf 87' lang='lat' dir='ltr'>iecturaMarklandi</span> <span class='ocrx_word' id='word_1_373' title='bbox 994 4221 1026 4268; x_wconf 84' lang='lat' dir='ltr'>ad</span> <span class='ocrx_word' id='word_1_374' title='bbox 1038 4220 1148 4270; x_wconf 85' lang='lat' dir='ltr'>Statium</span> <span class='ocrx_word' id='word_1_375' title='bbox 1158 4221 1181 4270; x_wconf 84' lang='grc' dir='ltr'>Ι.</span> <span class='ocrx_word' id='word_1_376' title='bbox 1192 4220 1253 4271; x_wconf 83' lang='lat' dir='ltr'>silv.</span> <span class='ocrx_word' id='word_1_377' title='bbox 1260 4221 1280 4268; x_wconf 82' lang='grc'>3.</span> 
     </span>
     <span class='ocr_line' id='line_1_45' title="bbox 152 4292 1279 4361; baseline 0.003 -17"><span class='ocrx_word' id='word_1_378' title='bbox 152 4297 248 4345; x_wconf 90' lang='lat' dir='ltr'>Deinde</span> <span class='ocrx_word' id='word_1_379' title='bbox 266 4298 415 4359; x_wconf 88' lang='lat' dir='ltr'>comparatio</span> <span class='ocrx_word' id='word_1_380' title='bbox 432 4298 568 4346; x_wconf 82' lang='lat' dir='ltr'>illaverbis</span> <span class='ocrx_word' id='word_1_381' title='bbox 586 4292 695 4346; x_wconf 89' lang='lat' dir='ltr'>obscuris</span> <span class='ocrx_word' id='word_1_382' title='bbox 736 4299 775 4347; x_wconf 81' lang='lat'>86.</span> <span class='ocrx_word' id='word_1_383' title='bbox 797 4313 845 4346; x_wconf 87' lang='lat' dir='ltr'>non</span> <span class='ocrx_word' id='word_1_384' title='bbox 869 4299 988 4361; x_wconf 88' lang='lat' dir='ltr'>probante</span> <span class='ocrx_word' id='word_1_385' title='bbox 1009 4299 1118 4348; x_wconf 87' lang='lat' dir='ltr'>Handio.</span> <span class='ocrx_word' id='word_1_386' title='bbox 1154 4299 1207 4348; x_wconf 89' lang='lat' dir='ltr'>Pro</span> <span class='ocrx_word' id='word_1_387' title='bbox 1224 4315 1279 4350; x_wconf 80' lang='lat' dir='ltr'>carr·</span> 
     </span>
    </p>
   </div>
   <div class='ocr_carea' id='block_1_5' title="bbox 13 4580 187 4903">
    <p class='ocr_par' dir='ltr' id='par_1_11' title="bbox 13 4580 187 4903">
     <span class='ocr_line' id='line_1_46' title="bbox 13 4580 187 4903; baseline 0 -227"><span class='ocrx_word' id='word_1_388' title='bbox 13 4580 187 4903; x_wconf 37' lang='grc' dir='ltr'>,Ὗ</span> 
     </span>
    </p>
   </div>
   <div class='ocr_carea' id='block_1_6' title="bbox 0 0 1462 5220">
    <p class='ocr_par' dir='ltr' id='par_1_12' title="bbox 0 0 1462 5220">
     <span class='ocr_line' id='line_1_47' title="bbox 0 0 1462 5220; baseline 0 0"><span class='ocrx_word' id='word_1_389' title='bbox 0 0 1462 5220; x_wconf 95' lang='lat' dir='ltr'> </span> 
     </span>
    </p>
   </div>
  </div>
 </body>
</html>
