2916 5220
552 289 881 353 (iiiltMINUlli

527 527 774 592 extrudit
821 527 913 591 XVl.

331 687 504 768 Inclusam
528 702 664 766 Danaen
689 701 787 767 turris
811 707 911 766 adnea

330 806 560 890 Robustaequc
583 805 667 870 fores
692 812 726 869 et
749 804 889 890 vigilum
912 825 1031 870 canum

328 909 449 974 Tristes
474 909 630 974 excubiae
653 908 841 973 munierant
865 908 946 972 satis

415 1012 594 1078 Nocturnis
618 1013 659 1076 ab
683 1012 860 1094 adulteris,

329 1115 364 1181 si
388 1137 453 1180 non
477 1114 662 1198 Acrisium,
686 1114 826 1200 virginis
850 1114 981 1180 abditae

328 1220 505 1286 Custodem
530 1220 704 1306 pavidum,
731 1221 857 1306 Iupiter
880 1227 913 1285 ct
936 1220 1049 1285 Venus

330 1322 510 1388 Risisscnt:
536 1323 604 1388 fore
628 1323 717 1388 cuim
741 1329 852 1388 tutum
876 1324 936 1389 iter
959 1328 993 1388 et
1015 1328 1133 1409 patens

419 1426 583 1490 Oonvcrso
606 1425 641 1489 in
665 1425 808 1510 pretium
833 1426 911 1491 Deo.

328 1528 456 1592 Aurum
479 1550 537 1612 per
560 1527 684 1592 medios
709 1527 755 1592 irc
780 1527 940 1593 satellites

329 1632 375 1696 Et
397 1655 604 1718 perrumpere
627 1637 718 1697 amat
741 1654 835 1714 saxa,
859 1630 1027 1717 potentius

334 1735 405 1799 ictu
429 1735 597 1800 fulmineo.
651 1735 796 1800 Ummidii
817 1739 948 1821 caparis

420 1839 533 1924 depici
555 1838 680 1919 domas,
705 1837 741 1903 ed
765 1837 884 1902 lamam

302 2016 456 2067 CARMEN
474 2017 548 2066 XVI
717 2002 720 2049 ἶ
738 2006 818 2039 raum.
853 1989 942 2038 Talem
955 1991 1113 2048 Sententiam,
1131 2006 1197 2055 qliae
1210 1994 1291 2054 mqui-

738 2069 852 2128 rebatur,
870 2071 993 2131 quomodo
1009 2071 1145 2133 expressit?
1176 2073 1291 2120 Lucrum

181 2113 325 2197 Inclusum
338 2147 455 2196 Dcnoi'n.
484 2147 697 2197 Locusinmente
737 2163 867 2210 proaaro,
885 2156 1109 2212 proptermetrum.
1131 2150 1222 2212 Neque
1234 2165 1290 2198 mu-

149 2234 203 2276 crat
219 2227 240 2274 Ι.
262 2226 371 2274 Firmieo
393 2226 433 2275 De
454 2227 547 2274 Errare
564 2224 632 2274 Prof.
649 2224 697 2274 Re
737 2226 783 2276 lier
803 2229 864 2276 adeo
886 2235 954 2276 mota
972 2227 1018 2277 fuit
1033 2229 1078 2276 vili
1093 2242 1137 2291 spe
1154 2235 1179 2277 et
1194 2229 1289 2292 cogita·

148 2306 193 2370 lig.
215 2321 272 2370 pag.
290 2307 330 2354 24.
368 2306 442 2364 Quod
461 2307 586 2355 inciacum
602 2306 697 2367 reptem
737 2307 803 2355 tione
820 2307 895 2365 lucri,
912 2322 988 2370 quarn
1004 2307 1192 2371 pulchritudine
1209 2313 1236 2357 et
1252 2322 1290 2355 ra·

148 2389 270 2449 airqineut
299 2401 361 2435 aare
391 2387 497 2448 turpiter
519 2385 619 2448 fluente
644 2399 696 2433 cor·
738 2386 811 2435 ritate
832 2386 938 2434 monilis.
978 2388 1077 2435 Domus
1102 2388 1208 2449 ouynria
1233 2402 1290 2436 con·

149 2467 256 2528 ruperit.
286 2464 420 2514 Caeterum
437 2462 580 2526 imprudens
598 2467 696 2509 secutus
738 2468 808 2514 cidit.
843 2465 939 2514 Parum
964 2472 1078 2514 accurate
1102 2470 1127 2514 et
1149 2466 1289 2529 perspicue,

149 2558 216 2591 cram
232 2544 369 2607 posituram
380 2557 500 2591 versuum
511 2541 624 2590 editionis
631 2541 697 2588 Ben·
738 2543 816 2592 Recte
832 2559 855 2591 v.
867 2558 889 2592 e,
902 2543 996 2594 Seneca
1007 2543 1101 2606 Agam.
1113 2543 1170 2592 862,
1191 2549 1217 2592 ie
1227 2547 1292 2594 duee

150 2622 270 2679 ticianae,
287 2622 352 2685 quod
370 2621 437 2678 iecit,
461 2627 489 2668 ut
506 2635 583 2683 aeque
600 2620 695 2683 impru·
738 2623 1122 2671 succidiiMendaxDurdaniae
1138 2624 1234 2670 (amm.
1258 2622 1289 2669 In

150 2700 209 2748 dens
227 2700 257 2748 dc
273 2701 359 2750 eodem
376 2707 455 2748 metro
471 2699 697 2762 cogitarem,qncd
738 2701 808 2748 dorice
835 2700 978 2749 Dardaniae
1006 2699 1129 2762 cogitatur
1156 2715 1214 2758 rea,
1247 2702 1291 2765 qui

150 2792 201 2827 esse
217 2780 333 2828 carminis
347 2779 454 2840 gnomici
471 2778 620 2827 arbitrabar.
643 2778 697 2826 nd·
738 2779 845 2827 terendus
862 2793 950 2827 caussa
966 2778 1024 2836 fuit,
1041 2792 1085 2826 cur
1102 2779 1189 2827 domus
1206 2781 1289 2828 sueci-

149 2857 247 2905 monuit
271 2872 311 2905 mc
336 2859 452 2907 Moserus
477 2857 502 2904 iu
528 2857 642 2918 Epistola
667 2856 697 2905 de
739 2856 810 2904 derit.
844 2856 984 2906 Itadonnts
1001 2860 1107 2919 (rimaris
1120 2858 1234 2906 demersa
1247 2873 1291 2907 ex·

150 2935 255 2984 Horatio
279 2950 347 2992 mco,
372 2937 462 3000 scripta
483 2937 536 2983 viro
557 2936 697 2984 doctissimo
738 2934 803 2983 cidio
827 2937 856 2984 eb
881 2937 980 2984 lucrum
1004 2941 1086 2993 essct,
1111 2937 1171 2999 quia
1192 2951 1291 2999 augur,

151 3013 265 3063 Schuliic
289 3015 409 3071 nostrati,
437 3014 631 3077 locupletissima
653 3015 698 3063 illa
739 3015 805 3076 turpi
822 3014 891 3062 lucro
907 3022 1045 3077 permotus,
1062 3014 1141 3063 scelus
1152 3017 1290 3066 ecmmisis-

149 3100 211 3142 testo
228 3094 353 3143 doctrinae
369 3101 394 3144 et
410 3094 579 3152 humanitatis,
596 3093 697 3156 antiquo
739 3099 783 3141 set.
818 3091 867 3141 Sed
888 3108 971 3155 augur
991 3100 1045 3142 crat
1066 3095 1192 3144 innocens.
1226 3096 1290 3145 Sen-

151 3173 277 3222 Gcrmano
293 3174 390 3236 dignae.
424 3174 493 3236 Ergo
516 3173 620 3221 carmini
638 3188 697 3236 gno-
739 3172 817 3220 tentia
840 3172 969 3235 poscebat:
995 3173 1027 3220 ob
1052 3173 1132 3221 scelus
1157 3174 1290 3238 coniugis,

150 3252 215 3301 mico
231 3254 319 3302 exemi.
739 3249 803 3298 lucri
832 3251 946 3314 cupidine
975 3251 1095 3300 incensae.
1134 3252 1223 3315 Neque
1250 3254 1291 3302 hie

186 3333 303 3382 Concidit
312 3333 418 3394 cupierit
435 3332 525 3395 Arpini
535 3333 629 3379 mirina.
652 3330 697 3380 Cc-
739 3329 913 3391 quaerebatur,
939 3344 1062 3392 quaenam
1082 3329 1236 3379 calamitates
1258 3347 1290 3379 eu

150 3411 247 3459 lebrata
267 3429 282 3460 a
302 3411 387 3459 multis
409 3409 505 3469 fabula,
532 3425 583 3474 qua
605 3416 698 3457 veteres
739 3425 803 3458 uitro
819 3415 992 3465 nascerentur,
1017 3410 1059 3457 scd
1080 3425 1155 3472 quarn
1172 3410 1225 3457 vim
1242 3409 1288 3456 ha-

150 3490 176 3536 in
189 3490 233 3537 tali
243 3497 373 3554 praecepto
384 3489 530 3546 utebantur,
549 3496 576 3536 ut
592 3502 650 3535 usus
662 3494 699 3536 est
740 3489 808 3537 beret
823 3491 849 3536 in
866 3488 960 3536 animos
977 3488 1114 3545 hominum,
1132 3489 1168 3537 ita
1185 3494 1214 3536 ut
1227 3503 1290 3536 aun)

151 3565 237 3615 Cicero
254 3567 303 3616 IV.
320 3568 394 3618 Verr.
415 3569 451 3616 18.
486 3569 642 3629 Eriphylam
659 3583 698 3616 ec·
739 3568 801 3616 nibil
818 3575 882 3617 esset
897 3568 1018 3617 clausum.
1052 3569 1160 3619 Omnino
1182 3569 1228 3616 hoc
1245 3582 1289 3616 ex-

152 3647 261 3708 cepimus
280 3648 307 3693 in
321 3645 424 3713 sabulis
443 3663 472 3696 eu
489 3648 639 3710 cupiditate,
657 3652 698 3702 ui,
739 3648 850 3710 emplum
872 3663 885 3696 c
905 3647 996 3696 fabulis
1012 3649 1118 3710 petitum
1135 3662 1229 3710 magua
1245 3648 1289 3696 ob-

151 3739 207 3772 cum
232 3726 336 3774 aidiami
360 3728 465 3781 inanito,
489 3730 519 3772 ni
543 3727 642 3788 opinor,
667 3741 698 3774 ec
739 3727 856 3775 scuritate
873 3728 981 3783 laborat,
1007 3727 1068 3776 adeo
1088 3734 1117 3774 ut
1134 3741 1218 3785 nemo,
1240 3728 1289 3775 uisi

152 3819 215 3852 uitro
240 3809 265 3851 et
288 3804 404 3866 perantia,
430 3804 623 3866 pulchritudine
645 3805 698 3852 eina
739 3807 839 3855 edoctus
872 3807 1056 3869 Amphiaraum
1085 3821 1137 3855 csse
1164 3820 1289 3868 augurem

151 3882 251 3931 incensa
279 3885 387 3931 saltitem
411 3884 460 3932 uiri
484 3884 608 3945 proderet.
649 3881 698 3932 Sed
740 3885 876 3948 Argivum,
893 3893 1000 3933 mentem
1015 3887 1101 3948 potitae
1113 3885 1288 3934 intellecturus

152 3962 224 4023 po'eta
248 3970 332 4011 noster
357 3962 403 4010 hoc
427 3961 541 4025 exemplo
562 3976 611 4010 non
633 3968 699 4010 recte
740 3965 778 4013 sit.
812 3964 944 4014 Caeterum
962 3964 992 4011 dc
1008 3964 1179 4026 scriptoribus,
1196 3965 1239 4026 qui
1252 3963 1287 4011 fa-

152 4055 213 4088 usns
238 4048 281 4090 est.
315 4041 397 4101 Nam,
423 4043 443 4090 si
467 4057 511 4099 ea,
536 4055 600 4104 quae
619 4041 698 4098 dixit,
739 4042 825 4089 bulum
846 4049 1027 4104 exposuerunt,
1049 4041 1098 4088 vid.
1124 4041 1234 4091 Vinctus
1254 4043 1287 4089 ad

152 4121 298 4182 respondere
323 4121 398 4171 vellet
422 4120 635 4177 antecedentibus,
658 4121 698 4170 de·
740 4122 845 4170 Ausonii
862 4120 1011 4183 Cupidinem
1030 4137 1064 4168 vs.
1078 4121 1119 4168 26.
1146 4120 1286 4168 Alcmaeon

152 4197 243 4247 buisset
261 4199 352 4249 dicere:
378 4203 407 4247 cb
428 4217 520 4249 nitrum
540 4202 617 4249 etiem
634 4215 699 4248 uxor
740 4201 805 4249 filins
829 4207 934 4249 mairem
960 4199 1088 4249 interfecit.
1123 4200 1234 4262 Scaliger
1259 4200 1286 4246 in

152 4279 274 4326 irretitum
298 4281 396 4340 prodii,
424 4281 550 4340 Eriphyle
576 4282 698 4342 Arripiu-
740 4280 845 4328 Anthol.
863 4280 1001 4327 Burmann.
1021 4280 1050 4327 T.
1069 4280 1089 4327 l.
1108 4296 1131 4342 p.
1144 4279 1202 4335 283,
1214 4285 1286 4341 qrutat
