2916 5220
575 303 891 368 cntrMiNL'M

332 491 495 555 Visendus
520 498 588 554 ater
613 489 748 554 llurniue
771 488 928 573 languido

332 596 473 677 Cocytus
496 615 605 658 errans
629 600 662 657 ct
687 592 794 656 Danai
817 613 921 676 genus

378 697 504 762 infame
528 697 768 780 rlnrnnntusque
791 695 883 779 longi

422 800 581 885 Sisyphus
607 799 759 864 Aeolides
784 798 913 863 laboris.

335 903 527 987 Linquenda
549 902 648 966 tellus
673 907 706 965 et
730 901 846 966 domus
871 906 904 965 et
927 900 1061 984 placens

336 1005 441 1087 Uxor,
467 1027 570 1090 neque
593 1005 729 1086 harum,
755 1025 835 1088 quas
860 1003 955 1084 colis,
980 1004 1131 1068 arborum

379 1109 442 1190 Te,
466 1114 594 1193 praeter
618 1107 741 1171 invisas
765 1127 952 1190 cupressos,

423 1212 502 1277 Ulla
524 1211 654 1276 brevem
678 1210 849 1274 dominum
874 1214 1035 1294 sequetur.
1062 1219 1065 1224 “

334 1315 497 1379 Absumet
520 1315 632 1378 haeres
658 1313 807 1378 Caecuba
830 1311 961 1397 dignior

335 1417 468 1482 Servata
491 1422 623 1481 centum
647 1415 811 1497 clavibus,
837 1421 869 1480 et
892 1435 980 1478 mero

379 1521 520 1606 'linguei
541 1520 770 1605 pavimentum
794 1521 954 1605 superbo,

423 1623 621 1688 Pontificum
645 1623 771 1709 potiore
794 1623 912 1688 coenis.

154 1777 277 1820 cernentur,
297 1761 414 1824 sugimus,
431 1763 544 1819 numus,
563 1762 704 1819 metuimus,
722 1758 726 1801 1
744 1775 757 1808 e
775 1760 852 1810 MSS.
869 1763 1011 1823 super-bun.
1046 1760 1100 1808 Alii
1121 1774 1135 1807 c
1156 1760 1300 1809 coniectura

156 1846 232 1903 utque
247 1840 282 1888 ita
298 1840 328 1887 iis
345 1854 467 1890 curemus.
744 1841 863 1902 superbie.
897 1839 1018 1886 Iunianus
1041 1838 1124 1886 Mnius
1146 1839 1177 1886 de
1199 1839 1298 1888 Verbo·

193 1920 255 1967 Ulla
263 1921 359 1968 breuem
367 1921 495 1967 dominum
503 1925 635 1981 sequntur.
647 1918 705 1968 MS.
745 1932 801 1964 rum
818 1917 1016 1980 Significatione:
1034 1919 1245 1974 “Pucirrrentrurr,
1260 1933 1297 1966 so-

156 1997 229 2045 Voss.
269 1998 330 2045 Vita
356 1999 451 2045 brevem
473 1998 600 2045 donrinum
620 2012 704 2059 seque·
746 1996 806 2044 lum.
839 1997 970 2046 Horatius:
992 2002 1016 2046 et
1042 2011 1108 2044 mero
1136 1997 1229 2058 Tinpet
1249 2014 1296 2059 pa·

155 2091 220 2125 rnur.
254 2076 350 2124 Addita
367 2075 460 2137 glossa:
485 2075 554 2122 “Pro
572 2077 652 2124 breuis
668 2076 705 2123 oi·
745 2077 881 2124 otrentum
897 2074 1025 2136 ruper·b0.’'
1059 2074 1101 2124 Sic
1117 2073 1192 2122 ctiam
1209 2074 1299 2123 laudnt

156 2156 220 2204 tne.''
255 2158 392 2218 Sequemur
416 2155 466 2202 clia
490 2169 579 2202 manus
600 2155 707 2203 correxit
747 2153 860 2216 Scaliger
876 2153 907 2201 ud
924 2152 1057 2200 Manilium
1070 2167 1128 2215 pag.
1141 2154 1297 2201 lenetmo-

155 2235 321 2297 insequetur.
746 2247 799 2281 rom
820 2232 959 2295 pitysmutis
980 2232 1088 2293 exponit.
1122 2230 1174 2279 Pro
1200 2234 1298 2294 tinpuet

192 2315 300 2375 Pinpuet
316 2314 489 2374 pauimentum
507 2314 621 2373 superbo.
652 2311 708 2360 Alii
748 2312 804 2363 Ms.
823 2312 896 2361 Voss.
915 2313 1019 2373 tineent.

646 2455 807 2477 ”ooo-

541 2573 786 2639 OARMEN
832 2574 905 2637 XV.

334 2705 415 2792 Ion
432 2748 541 2812 nuncu
564 2736 675 2790 aratro
699 2730 807 2812 iuqern
829 2729 933 2812 repinc

335 2830 435 2894 Moles
457 2830 646 2914 relinquent,
672 2830 806 2914 undique
829 2829 924 2894 latins

320 2984 473 3034 CARMEN
490 2985 550 3033 XV¹
721 2948 890 3056 ldernbntur.
917 2955 986 3004 Haec
1003 2962 1027 3004 ct
1044 2954 1094 3003 alia
1110 2954 1226 3003 Tiberius
1239 2971 1298 3019 grn-

747 3035 844 3084 vissime
866 3037 891 3083 in
913 3035 1018 3097 epistola
1039 3040 1064 3082 et
1080 3035 1189 3083 oratione
1206 3035 1299 3082 soluta.

191 3080 230 3161 ln
255 3114 382 3162 nonnullis
407 3115 484 3165 MSS.
506 3115 552 3163 hoc
569 3128 669 3164 carmen
690 3130 706 3161 n
746 3115 814 3176 Quid
835 3129 884 3162 non
902 3121 1028 3177 exspectes
1045 3129 1060 3160 n
1076 3115 1149 3176 poeta
1164 3113 1258 3176 Lyrieo
1275 3122 1300 3161 ct

157 3193 277 3256 superiori
293 3207 342 3240 non
359 3200 397 3242 est
412 3194 524 3242 divisum.
550 3194 605 3242 Hoc
617 3208 664 3256 ego
679 3193 705 3240 in
746 3194 778 3242 ab
794 3194 913 3243 Horatio?
947 3195 1045 3242 Excute
1064 3194 1122 3256 quid
1139 3193 1166 3240 in
1182 3193 1229 3241 hoc
1245 3207 1298 3241 cnr-

158 3273 207 3320 alia
223 3287 310 3322 caussa
321 3287 371 3321 uon
384 3287 558 3331 memorarem,
576 3287 644 3321 nunc
656 3287 705 3321 me·
746 3274 813 3322 minc
833 3274 911 3322 lateat
932 3274 1092 3326 reconditum.
1127 3273 1240 3324 Invenies
1258 3272 1296 3319 ni-

158 3353 307 3400 morandum
323 3352 442 3410 iudicavi,
459 3353 518 3415 quin
534 3351 651 3399 universe
667 3366 705 3398 rn—
747 3353 791 3410 hil,
807 3353 856 3401 nisi
869 3355 934 3401 lianc
947 3353 1104 3401 sententiam:
1123 3351 1189 3400 “Res
1206 3352 1299 3399 rustica

159 3431 204 3487 tio,
222 3431 245 3478 d'
261 3431 361 3494 positio,
378 3433 499 3480 sententia
515 3436 540 3479 et
551 3431 632 3479 exitus
643 3430 705 3478 eius·
746 3432 816 3481 brevi
836 3434 911 3495 plane
931 3433 977 3481 erit
998 3432 1101 3480 deserta.
1135 3431 1194 3479 Non
1211 3430 1247 3477 ita
1264 3428 1298 3476 fc-

159 3447 304 3570 modiMmt,
314 3516 343 3558 ut
351 3511 456 3559 Horatio
470 3511 601 3571 indignum
612 3515 705 3572 putem.
747 3512 844 3560 ciebant
860 3512 965 3560 maiores
982 3511 1068 3569 nostri,
1085 3510 1183 3573 publice
1200 3509 1298 3563 divites,

160 3589 273 3637 Tiberius
291 3590 356 3651 apud
368 3588 544 3637 TecitumIII.
561 3586 706 3636 Annales.
747 3591 865 3654 privatim
885 3589 1028 3652 pauperes.”
1062 3588 1140 3637 Cuius
1161 3588 1299 3635 sententiae

159 3674 184 3715 ct
200 3667 241 3716 54.
259 3668 290 3714 ad
299 3668 419 3718 Senatum
433 3668 463 3715 de
475 3668 630 3729 reprimendo
643 3667 706 3713 zuen
748 3668 826 3717 altera
842 3682 899 3732 pars
915 3668 988 3716 alteri
1004 3681 1054 3715 uon
1070 3666 1145 3729 plane
1160 3666 1299 3728 respondet.

159 3747 255 3808 scripsit
275 3746 350 3809 longe
365 3746 457 3794 maiore
474 3760 531 3794 cum
548 3746 574 3793 vi
590 3751 614 3793 et
630 3744 705 3793 maie·
781 3749 877 3810 Βορέαο
898 3750 982 3797 nentes.
1016 3747 1099 3796 Molee
1115 3745 1258 3808 significent
1275 3753 1300 3794 et

159 3831 229 3874 state.
262 3825 407 3874 Nominnvit
423 3825 488 3873 inter
505 3825 570 3881 elie,
588 3825 708 3873 villorum
748 3827 877 3888 aedificia,
905 3833 929 3874 ct
954 3841 1054 3889 nyperer
1078 3826 1142 3873 mari
1166 3824 1298 3887 oppositos.

159 3905 263 3967 infinita
279 3906 373 3968 spatia,
389 3907 451 3967 lenes
470 3905 579 3968 stupenti
594 3909 707 3965 spretus,·
748 3904 853 3968 Ingrata
875 3905 1032 3967 ambiguitas.
1068 3904 1136 3952 Tum
1157 3904 1232 3951 rrwlee
1252 3917 1297 3964 po·

159 3999 201 4042 oc,
218 3985 267 4032 nisi
280 3986 472 4047 provinciarum
491 3983 575 4047 copiae
591 3988 617 4031 et
633 3983 708 4031 dnmi-
748 3985 797 4031 tius
815 3986 855 4032 hic
866 3984 984 4032 dicendae
994 3989 1065 4032 erant
1076 3985 1177 4045 reputes.
1195 3983 1297 4030 Festus:

159 4064 200 4110 nie
224 4067 249 4111 et
273 4065 385 4113 seruitiis
405 4071 430 4113 et
447 4065 516 4127 apris
532 4064 709 4117 subvenerint,
748 4065 874 4125 “Repinm
894 4069 943 4120 est,
965 4062 1030 4125 quod
1052 4068 1096 4109 aut
1116 4067 1164 4118 est,
1186 4068 1230 4109 cut
1251 4062 1299 4110 fuit

160 4146 246 4189 nostru
267 4157 312 4190 noc
330 4145 427 4194 scilicet
443 4159 544 4193 nenrora
560 4148 709 4204 nostraeque
748 4141 828 4205 regis,
845 4145 928 4205 repnte
944 4148 981 4189 est
998 4142 1102 4204 dignum
1115 4141 1195 4203 rego.”
1223 4139 1298 4191 Corn.

160 4221 235 4268 oillne
252 4224 396 4271 tuebuntur.
433 4222 488 4269 Cur
507 4224 566 4271 olim
584 4222 708 4282 parcimo-
748 4221 852 4270 Fronto:
880 4223 998 4283 Repinm,
1021 4220 1086 4282 quod
1107 4219 1182 4279 rogis,
1204 4221 1299 4281 renale,

160 4301 205 4347 uin
220 4301 343 4361 pollebat?
380 4301 448 4358 Quin
469 4302 517 4348 eibi
537 4302 639 4362 quisque
660 4314 708 4347 nro·
748 4301 814 4362 quod
831 4315 889 4363 rege
906 4300 1011 4361 dignum
1030 4300 1089 4348 est.''
