2916 5220
654 326 693 335 ··
1198 311 1243 351 Vll

103 487 185 526 nunc
217 477 399 544 supersunt,
433 478 512 526 totos
534 478 619 526 actus
652 479 682 527 ct
710 488 815 527 scenas
843 471 978 528 videmus
1006 473 1151 528 adiectas.
1194 472 1243 531 Sic

103 565 302 638 Pervigilium
324 563 454 620 Veneris
476 563 639 636 aliquando
666 566 802 622 habitum
831 574 877 622 est
905 585 980 640 opus
1009 561 1137 638 Catulli,
1173 565 1245 624 Oar-

101 678 171 716 men
200 659 423 734 Panegyricum
452 659 489 715 de
511 658 645 716 Messala
666 661 797 727 Tibulli3
820 660 928 733 Elegia
950 661 987 716 de
1008 670 1103 717 morte
1125 661 1244 717 Maeee-

102 756 182 811 natis
204 755 318 811 tributa
339 754 458 810 Pedoni
479 754 686 823 Albinovano;
711 752 804 823 Ciris,
828 751 942 823 Culex,
970 752 1069 829 Oopa,
1092 755 1244 812 Moratum

102 850 243 924 Virgilio.
285 849 384 906 Fuere
406 849 458 921 qui
473 867 528 906 sex
541 850 680 925 Elegias,
698 848 832 908 Cornelii
847 847 929 906 Galli
945 849 1130 924 appellatas,
1147 851 1243 921 illius,

102 963 193 1017 quem
214 943 342 1001 Ovidius
359 950 461 1001 notum
480 941 639 1020 Hesperiis
659 952 687 1001 et
708 942 786 1002 Eois
807 943 898 1014 dixit,
921 963 957 1001 eo
979 952 1101 1002 auctore
1124 965 1183 1002 non
1202 947 1246 1002 in·

102 1040 210 1112 dignas
232 1046 383 1112 putarent.
426 1038 592 1095 Praetereo
613 1037 743 1107 Nucem,
771 1039 961 1111 Halieutica,
990 1040 1188 1098 Philomelam
1216 1052 1246 1097 et

102 1134 164 1190 alia
192 1133 308 1203 Ovidii,
336 1133 522 1190 Phoenicem
549 1132 725 1202 Claudiani,
763 1142 793 1190 et
824 1134 927 1208 plures
951 1134 1097 1192 eiusmodi
1126 1137 1244 1194 libellos

102 1229 250 1285 nobilium
271 1234 428 1302 poetarum
449 1228 545 1284 titulis
567 1229 747 1285 venditatcs.
790 1227 831 1284 Et
852 1229 878 1284 si
899 1227 1053 1300 Muretus,
1076 1240 1110 1288 ut
1131 1232 1245 1304 aliquid

103 1324 142 1380 de
163 1324 382 1380 recentioribus
405 1324 528 1394 addam,
552 1333 651 1379 tacere
675 1332 706 1379 et
730 1325 891 1398 deceptum
913 1342 931 1378 a
952 1342 984 1380 se
1000 1324 1162 1399 Iosephum
1178 1326 1246 1384 Sca-

102 1419 233 1492 ligerum
253 1419 285 1474 in
306 1418 374 1474 sinu
395 1419 493 1475 ridere
520 1419 682 1493 potuisset,
704 1419 794 1476 hodic
816 1418 931 1474 Mureti
948 1416 957 1454 ¹
973 1437 1079 1475 versus
1093 1427 1245 1492 tamquam

103 1513 143 1585 Q.
161 1513 315 1583 Trabeae,
332 1513 510 1569 nobilissimi
525 1514 729 1570 Romanorum
746 1511 876 1582 Comici,
893 1513 1071 1586 legeremus.
1099 1513 1245 1570 Pricaeus

103 1618 137 1665 et
158 1608 350 1665 Boxhornius
373 1626 494 1664 carmen
507 1608 667 1665 Michaehs
685 1606 864 1682 Hospitalii,
882 1608 1028 1665 Franciae
1047 1605 1245 1677 Caricellarii,

102 1723 159 1779 pro
186 1711 305 1760 vetusto
331 1711 529 1775 acceperunt,
557 1702 749 1759 Boxhornius
776 1722 895 1777 quoque
923 1705 1019 1761 edidit
1044 1723 1111 1760 eum
1138 1704 1247 1778 Satyra

103 1797 267 1871 Sulpitiae,
290 1805 320 1852 et
341 1797 585 1853 annotationibus
608 1807 639 1853 et
653 1799 834 1856 coniecturis
848 1800 1020 1856 illustravit.
1052 1800 1113 1858 Sed
1127 1804 1246 1874 poetam

103 1892 262 1963 antiquum
284 1891 315 1946 in
337 1891 443 1946 maiori
465 1891 597 1946 carmine
619 1892 760 1963 mentiri,
784 1894 901 1950 difficile
913 1902 968 1950 est.
1012 1893 1247 1968 Quoenimplu-

103 2004 153 2041 res
183 1994 253 2042 sunt
284 2003 405 2056 versus,
440 2004 476 2041 eo
508 1985 695 2057 frequentius
732 1989 878 2062 peccandi
909 1989 1043 2045 nascitur
1068 1990 1245 2064 periculum.

102 2080 213 2152 Itaque
236 2098 323 2136 nemo
346 2079 552 2137 fraudatorum
584 2099 758 2155 personam,
792 2100 881 2155 quam
914 2084 1039 2156 agebat,
1073 2094 1134 2141 tam
1169 2086 1245 2141 bene

103 2193 201 2247 usque
223 2173 262 2230 ad
284 2174 374 2229 finem
396 2174 489 2230 tuitus
513 2183 572 2245 est,
596 2176 669 2248 quin
696 2177 827 2251 partium
853 2196 944 2252 saepe
978 2178 1104 2249 oblitus,
1137 2179 1246 2235 intelli-

103 2269 246 2344 gentibus
269 2277 299 2324 et
319 2287 420 2325 rerum
442 2270 547 2343 peritis
574 2288 640 2326 sese
666 2271 731 2345 ipsc
757 2271 934 2346 prodiderit.
977 2272 1059 2328 Hinc
1091 2274 1167 2329 adeo
1200 2291 1247 2330 ac·

103 2364 193 2433 cidit,
216 2372 250 2419 ut
270 2363 322 2419 isti
343 2363 473 2420 artifices
495 2383 564 2420 raro
586 2365 637 2421 diu
659 2367 812 2423 latuerint.
855 2366 916 2425 Sed
937 2368 1058 2423 eosdem
1082 2367 1247 2440 deprehen-

104 2462 176 2516 dere
195 2460 227 2515 in
243 2459 329 2515 brevi
344 2460 489 2529 carmine,
508 2460 646 2532 genuinis
662 2460 849 2530 intermixta,
867 2468 897 2516 et
912 2461 943 2515 in
955 2460 1081 2533 singulis
1092 2461 1245 2530 versibus,

104 2573 181 2628 quos
202 2555 320 2611 mediae
340 2559 498 2629 poetarum
514 2553 643 2611 crationi
658 2554 812 2629 aptissime
829 2555 1012 2624 inserebant,
1030 2572 1079 2610 res
1096 2563 1142 2610 est
1158 2555 1246 2629 longe

103 2651 226 2706 maioris
249 2667 338 2705 curae
365 2657 395 2704 et
417 2648 604 2721 diligentiae,
632 2658 663 2705 et
681 2667 758 2721 quae
781 2649 953 2705 continuam
972 2649 1133 2705 multorum
1158 2668 1248 2706 anno·

104 2764 171 2802 rum
192 2745 352 2800 lectionem
373 2742 658 2815 meditationemque
678 2743 821 2816 postulat.

146 2838 194 2895 De
217 2837 346 2907 caussis,
370 2854 424 2892 cur
445 2845 581 2892 veterum
602 2837 672 2893 libri
690 2838 765 2893 adeo
777 2837 952 2911 interpolati
963 2837 1040 2908 sint,
1056 2838 1142 2894 multi
1154 2839 1248 2895 multa

104 2934 262 2989 dixerunt:
285 2950 340 3005 ego
362 2931 506 2987 nonnulla
528 2931 640 3001 dicam,
664 2951 741 3005 quae
763 2933 802 2988 ad
823 2931 984 2988 Horatium
1006 2933 1166 3006 pertinent.
1200 2934 1247 2991 Ac

104 3029 235 3103 primum
266 3026 389 3082 laudare
417 3025 489 3081 mihi
517 3026 601 3082 lubet
623 3025 759 3083 fortunas
781 3034 913 3096 nostras,
935 3026 987 3098 qui
1009 3035 1104 3082 artem
1127 3046 1248 3102 cognos-

139 3177 146 3208 ¹
170 3176 284 3226 Gnellius
308 3190 393 3224 versus
418 3174 511 3223 Mureti
536 3189 581 3238 pro
606 3175 756 3225 Catullianis
783 3175 877 3224 habuit.
899 3190 922 3224 v.
945 3175 1028 3238 Heyn.
1051 3175 1082 3222 ad
1100 3176 1174 3239 Virg.
1192 3177 1247 3226 VII

104 3259 171 3308 Aen.
197 3258 236 3307 48.
278 3255 373 3306 Omitto
395 3255 509 3304 Annium
534 3255 733 3313 Viterbiensem,
763 3271 837 3320 qnam
863 3255 936 3304 multi
962 3269 1007 3317 pro
1031 3254 1111 3303 Fabio
1135 3254 1247 3312 Pictore,

104 3336 226 3386 Carolum
243 3335 387 3398 Sigonium,
404 3350 479 3399 quem
495 3350 541 3398 pro
558 3335 688 3392 Cicerone,
709 3336 783 3394 alios,
800 3337 843 3399 qui
859 3335 1006 3384 recentiores
1022 3348 1068 3396 pro
1085 3334 1192 3396 antiquis
1209 3349 1247 3382 ae·

103 3430 198 3478 cepere.
232 3414 303 3476 Quae
327 3415 357 3463 de
380 3413 468 3462 fraude
492 3415 541 3462 ista
565 3415 700 3463 memoravi
726 3422 811 3463 vetera
835 3413 962 3476 exempla,
979 3414 1008 3461 iis
1025 3412 1108 3460 multa
1124 3412 1174 3460 alia
1191 3413 1248 3460 addi

104 3500 220 3556 possum,
240 3500 268 3541 ut
283 3493 387 3542 Homeri
403 3500 428 3543 et
443 3494 548 3543 Hesiodi
565 3495 630 3558 apud
648 3495 779 3543 Plutarch.
796 3495 822 3542 in
840 3495 936 3542 Theseo
952 3495 993 3543 20.
1028 3491 1164 3555 Aeschyli,
1182 3493 1248 3556 apud

104 3572 212 3633 Quintil.
238 3574 299 3622 Inst.
325 3572 396 3623 Orat.
421 3573 460 3629 X,
477 3573 499 3631 Ι,
516 3574 557 3622 66.
592 3573 740 3623 Oarminum
758 3573 954 3637 Sibyllinorum,
972 3573 1038 3636 apud
1055 3571 1134 3619 Tacit.
1152 3571 1246 3620 Annal·

103 3651 154 3708 VI,
175 3653 211 3701 12.
229 3658 254 3701 et
269 3667 332 3716 quae
348 3653 379 3700 de
395 3652 500 3700 aliorum
517 3653 612 3716 scriptis
629 3653 759 3716 suppositis
775 3652 866 3716 passim
880 3652 999 3715 leguntur
1012 3650 1038 3698 in
1048 3649 1177 3706 Strabone,
1186 3650 1247 3698 Plu-

104 3731 204 3788 tarcho,
220 3731 333 3794 Diogene
349 3731 458 3789 Laertio,
476 3731 509 3780 A.
527 3731 621 3789 Gellio,
639 3732 700 3781 aliis.
734 3732 769 3780 Et
784 3744 860 3794 quam
876 3732 925 3779 cito
946 3730 1002 3778 talis
1022 3729 1090 3778 fraus
1111 3730 1245 3777 committe-

104 3808 192 3857 batur!
228 3809 329 3860 Sueton.
346 3810 445 3860 Caesar.
463 3811 504 3859 55.
521 3817 607 3859 narrat
623 3810 690 3859 illius
708 3809 838 3861 Orationes
853 3811 904 3859 iam
921 3819 1030 3874 tempore
1043 3810 1155 3872 Augusti
1171 3808 1246 3856 falsas

103 3889 235 3938 exstitisse.
270 3890 364 3940 Seneca
388 3889 496 3938 Praefat.
522 3888 641 3939 Controv.
668 3890 729 3937 Fere
749 3890 813 3937 enim
834 3895 878 3936 ant
898 3889 961 3936 nulli
981 3888 1148 3935 tbntmentnrii
1166 3886 1246 3934 mani·

103 3983 196 4014 morum
224 3969 416 4016 Declamatorum
441 3972 551 4027 enatant,
577 3973 633 4024 ant,
650 3969 714 4030 qnod
728 3967 798 4031 peina
820 3971 868 4027 eat,
879 3967 951 4032 salsi.
986 3967 1020 4014 Et
1041 3966 1167 4023 hierant,
1184 3980 1245 4028 qnos

104 4063 191 4096 omncs
209 4049 303 4098 Seneca
318 4050 452 4098 audiverat.
487 4048 592 4110 Quintil.
609 4048 672 4106 VII,
689 4049 718 4106 2,
735 4051 775 4098 24.
813 4048 887 4096 Occiae
909 4046 1026 4094 actionem
1047 4044 1154 4109 equidem
1172 4046 1245 4092 solnm

104 4127 133 4174 in
149 4129 194 4175 noc
210 4134 301 4192 ternpus
318 4127 451 4188 emiseram,
468 4129 532 4190 qnod
547 4128 624 4191 ipsum
641 4142 679 4174 me
688 4127 780 4192 secisse
790 4129 887 4176 ductum
899 4125 999 4174 iuvenili
1010 4125 1144 4188 cupiditate
1154 4123 1247 4187 gloriae

100 4208 195 4270 faleor.
223 4209 284 4256 Nam
302 4211 425 4265 caeterae,
447 4222 510 4270 quae
525 4206 567 4254 aab
585 4221 635 4254 meo
652 4205 746 4253 nomine
755 4205 888 4269 feruntur,
915 4204 1061 4268 neylipentia
1078 4202 1246 4266 excipientium

103 4284 132 4332 in
148 4290 272 4347 quaestum
288 4286 436 4335 notariorum
452 4289 592 4348 corruptae,
619 4284 739 4332 minimam
753 4290 847 4346 partem
865 4284 911 4332 mei
928 4284 1023 4332 labent.
1059 4283 1086 4334 Si
1108 4283 1165 4331 talis
1182 4283 1245 4330 actio

105 4366 137 4412 ad
155 4379 199 4413 nos
216 4367 377 4428 pervenisset,
395 4365 541 4415 haberemus
557 4379 612 4413 eam
628 4379 674 4428 pro
691 4379 767 4413 manu
785 4364 940 4425 Quintiliani.

1082 4443 1122 4496 n*
