<?xml version="1.0" encoding="UTF-8"?>
<!DOCTYPE html PUBLIC "-//W3C//DTD XHTML 1.0 Transitional//EN"
    "http://www.w3.org/TR/xhtml1/DTD/xhtml1-transitional.dtd">
<html xmlns="http://www.w3.org/1999/xhtml" xml:lang="en" lang="en">
 <head>
  <title>
</title>
<meta http-equiv="Content-Type" content="text/html;charset=utf-8" />
  <meta name='ocr-system' content='tesseract 3.04.00' />
  <meta name='ocr-capabilities' content='ocr_page ocr_carea ocr_par ocr_line ocrx_word'/>
</head>
<body>
  <div class='ocr_page' id='page_1' title='image "./qhoratiiflaccic00horagoog_0041.png"; bbox 0 0 2916 5220; ppageno 0'>
   <div class='ocr_carea' id='block_1_1' title="bbox 224 276 306 314">
    <p class='ocr_par' dir='ltr' id='par_1_1' title="bbox 224 276 306 314">
     <span class='ocr_line' id='line_1_1' title="bbox 224 276 306 314; baseline 0.012 -1"><span class='ocrx_word' id='word_1_1' title='bbox 224 276 306 314; x_wconf 77' lang='lat' dir='ltr'>xxiv</span> 
     </span>
    </p>
   </div>
   <div class='ocr_carea' id='block_1_2' title="bbox 216 436 1375 4020">
    <p class='ocr_par' dir='ltr' id='par_1_2' title="bbox 224 436 1362 611">
     <span class='ocr_line' id='line_1_2' title="bbox 224 436 1362 510; baseline 0.001 -14"><span class='ocrx_word' id='word_1_2' title='bbox 224 438 300 496; x_wconf 76' lang='lat' dir='ltr'>mila</span> <span class='ocrx_word' id='word_1_3' title='bbox 327 436 500 510; x_wconf 81' lang='lat' dir='ltr'>concedant,</span> <span class='ocrx_word' id='word_1_4' title='bbox 533 457 641 496; x_wconf 77' lang='lat' dir='ltr'>necesse</span> <span class='ocrx_word' id='word_1_5' title='bbox 666 458 735 510; x_wconf 79' lang='lat' dir='ltr'>esre,</span> <span class='ocrx_word' id='word_1_6' title='bbox 768 448 801 496; x_wconf 83' lang='lat' dir='ltr'>at</span> <span class='ocrx_word' id='word_1_7' title='bbox 825 441 917 496; x_wconf 82' lang='lat' dir='ltr'>etiam</span> <span class='ocrx_word' id='word_1_8' title='bbox 942 456 1054 496; x_wconf 68' lang='lat' dir='ltr'>arnam</span> <span class='ocrx_word' id='word_1_9' title='bbox 1085 438 1160 495; x_wconf 72' lang='lat' dir='ltr'>arilei</span> <span class='ocrx_word' id='word_1_10' title='bbox 1185 437 1362 508; x_wconf 77' lang='lat' dir='ltr'>comedant,</span> 
     </span>
     <span class='ocr_line' id='line_1_3' title="bbox 224 533 1032 611; baseline -0.001 -21"><span class='ocrx_word' id='word_1_11' title='bbox 224 535 341 610; x_wconf 78' lang='lat' dir='ltr'>eiusque</span> <span class='ocrx_word' id='word_1_12' title='bbox 361 536 572 592; x_wconf 79' lang='lat' dir='ltr'>auctoritatem</span> <span class='ocrx_word' id='word_1_13' title='bbox 593 533 676 611; x_wconf 78' lang='lat' dir='ltr'>apud</span> <span class='ocrx_word' id='word_1_14' title='bbox 694 553 723 592; x_wconf 77' lang='lat' dir='ltr'>re</span> <span class='ocrx_word' id='word_1_15' title='bbox 745 533 842 592; x_wconf 78' lang='lat' dir='ltr'>calere</span> <span class='ocrx_word' id='word_1_16' title='bbox 858 536 1032 610; x_wconf 83' lang='lat' dir='ltr'>patiantur.</span> 
     </span>
    </p>

    <p class='ocr_par' dir='ltr' id='par_1_3' title="bbox 216 628 1375 4020">
     <span class='ocr_line' id='line_1_4' title="bbox 267 628 1364 704; baseline 0.001 -20"><span class='ocrx_word' id='word_1_17' title='bbox 267 629 396 685; x_wconf 81' lang='lat' dir='ltr'><strong>Praeter</strong></span> <span class='ocrx_word' id='word_1_18' title='bbox 416 629 475 685; x_wconf 91' lang='lat' dir='ltr'>duo</span> <span class='ocrx_word' id='word_1_19' title='bbox 496 629 563 686; x_wconf 92' lang='lat' dir='ltr'>loca</span> <span class='ocrx_word' id='word_1_20' title='bbox 584 649 602 685; x_wconf 92' lang='lat' dir='ltr'>a</span> <span class='ocrx_word' id='word_1_21' title='bbox 622 630 771 699; x_wconf 90' lang='lat' dir='ltr'>Bentleio,</span> <span class='ocrx_word' id='word_1_22' title='bbox 794 647 891 704; x_wconf 87' lang='lat' dir='ltr'>pauca</span> <span class='ocrx_word' id='word_1_23' title='bbox 912 629 973 684; x_wconf 89' lang='lat' dir='ltr'>alia</span> <span class='ocrx_word' id='word_1_24' title='bbox 993 629 1032 684; x_wconf 90' lang='lat' dir='ltr'>ab</span> <span class='ocrx_word' id='word_1_25' title='bbox 1054 629 1121 684; x_wconf 90' lang='lat' dir='ltr'>aliis</span> <span class='ocrx_word' id='word_1_26' title='bbox 1142 628 1226 685; x_wconf 82' lang='lat' dir='ltr'>fuere</span> <span class='ocrx_word' id='word_1_27' title='bbox 1245 636 1364 685; x_wconf 83' lang='lat' dir='ltr'>notata.</span> 
     </span>
     <span class='ocr_line' id='line_1_5' title="bbox 226 722 1365 798; baseline 0.002 -20"><span class='ocrx_word' id='word_1_28' title='bbox 226 722 342 779; x_wconf 86' lang='lat' dir='ltr'>Versus</span> <span class='ocrx_word' id='word_1_29' title='bbox 374 723 425 795; x_wconf 88' lang='lat' dir='ltr'>qui</span> <span class='ocrx_word' id='word_1_30' title='bbox 452 724 594 798; x_wconf 90' lang='lat' dir='ltr'>leguntur</span> <span class='ocrx_word' id='word_1_31' title='bbox 624 724 681 781; x_wconf 90' lang='lat' dir='ltr'>IV.</span> <span class='ocrx_word' id='word_1_32' title='bbox 715 723 815 783; x_wconf 78' lang='lat' dir='ltr'>(larm.</span> <span class='ocrx_word' id='word_1_33' title='bbox 848 725 876 779; x_wconf 89' lang='grc'>4.</span> <span class='ocrx_word' id='word_1_34' title='bbox 907 723 1034 779; x_wconf 78' lang='grc'><strong>19-22.</strong></span> <span class='ocrx_word' id='word_1_35' title='bbox 1061 723 1189 797; x_wconf 86' lang='lat' dir='ltr'>primum</span> <span class='ocrx_word' id='word_1_36' title='bbox 1214 722 1365 780; x_wconf 89' lang='lat' dir='ltr'>Lambino</span> 
     </span>
     <span class='ocr_line' id='line_1_6' title="bbox 226 816 1365 895; baseline 0.003 -23"><span class='ocrx_word' id='word_1_37' title='bbox 226 816 310 873; x_wconf 83' lang='lat' dir='ltr'>fuere</span> <span class='ocrx_word' id='word_1_38' title='bbox 333 819 473 892; x_wconf 88' lang='lat' dir='ltr'>suspecti.</span> <span class='ocrx_word' id='word_1_39' title='bbox 509 818 714 895; x_wconf 51' lang='lat' dir='ltr'>,Tanaquillus</span> <span class='ocrx_word' id='word_1_40' title='bbox 734 820 835 875; x_wconf 82' lang='lat' dir='ltr'>Faber</span> <span class='ocrx_word' id='word_1_41' title='bbox 854 818 1019 875; x_wconf 89' lang='lat' dir='ltr'>mirabatur</span> <span class='ocrx_word' id='word_1_42' title='bbox 1034 837 1085 875; x_wconf 90' lang='lat' dir='ltr'>eos</span> <span class='ocrx_word' id='word_1_43' title='bbox 1099 820 1137 875; x_wconf 92' lang='lat' dir='ltr'>ab</span> <span class='ocrx_word' id='word_1_44' title='bbox 1152 819 1282 875; x_wconf 89' lang='lat' dir='ltr'>Horatio</span> <span class='ocrx_word' id='word_1_45' title='bbox 1297 837 1365 875; x_wconf 89' lang='lat' dir='ltr'>esse</span> 
     </span>
     <span class='ocr_line' id='line_1_7' title="bbox 226 912 1367 986; baseline 0 -18"><span class='ocrx_word' id='word_1_46' title='bbox 226 912 367 986; x_wconf 89' lang='lat' dir='ltr'>scriptos,</span> <span class='ocrx_word' id='word_1_47' title='bbox 391 922 421 969; x_wconf 92' lang='lat' dir='ltr'>et</span> <span class='ocrx_word' id='word_1_48' title='bbox 441 913 554 970; x_wconf 82' lang='lat' dir='ltr'>factum</span> <span class='ocrx_word' id='word_1_49' title='bbox 575 913 705 969; x_wconf 80' lang='lat' dir='ltr'>nolebat.</span> <span class='ocrx_word' id='word_1_50' title='bbox 749 912 880 971; x_wconf 85' lang='lat' dir='ltr'>Guietus</span> <span class='ocrx_word' id='word_1_51' title='bbox 902 914 1027 983; x_wconf 89' lang='lat' dir='ltr'>delevit,</span> <span class='ocrx_word' id='word_1_52' title='bbox 1050 931 1116 969; x_wconf 87' lang='lat' dir='ltr'>cum</span> <span class='ocrx_word' id='word_1_53' title='bbox 1135 912 1249 971; x_wconf 85' lang='lat' dir='ltr'>Guieto</span> <span class='ocrx_word' id='word_1_54' title='bbox 1272 912 1367 971; x_wconf 88' lang='lat' dir='ltr'>Sana·</span> 
     </span>
     <span class='ocr_line' id='line_1_8' title="bbox 228 1006 1367 1081; baseline -0.001 -18"><span class='ocrx_word' id='word_1_55' title='bbox 228 1007 336 1078; x_wconf 91' lang='lat' dir='ltr'>donus,</span> <span class='ocrx_word' id='word_1_56' title='bbox 361 1007 469 1064; x_wconf 90' lang='lat' dir='ltr'>deinde</span> <span class='ocrx_word' id='word_1_57' title='bbox 491 1008 552 1064; x_wconf 87' lang='lat' dir='ltr'>alii.</span> <span class='ocrx_word' id='word_1_58' title='bbox 595 1007 703 1080; x_wconf 84' lang='lat' dir='ltr'>Neque</span> <span class='ocrx_word' id='word_1_59' title='bbox 736 1009 837 1076; x_wconf 90' lang='lat' dir='ltr'>hodie,</span> <span class='ocrx_word' id='word_1_60' title='bbox 871 1008 975 1079; x_wconf 89' lang='lat' dir='ltr'>credo,</span> <span class='ocrx_word' id='word_1_61' title='bbox 1003 1008 1160 1081; x_wconf 88' lang='lat' dir='ltr'>quisquam</span> <span class='ocrx_word' id='word_1_62' title='bbox 1180 1007 1270 1063; x_wconf 93' lang='lat' dir='ltr'>aliter</span> <span class='ocrx_word' id='word_1_63' title='bbox 1289 1006 1367 1063; x_wconf 91' lang='lat' dir='ltr'>iudi-</span> 
     </span>
     <span class='ocr_line' id='line_1_9' title="bbox 227 1100 1366 1176; baseline -0.002 -18"><span class='ocrx_word' id='word_1_64' title='bbox 227 1103 318 1159; x_wconf 89' lang='lat' dir='ltr'>cabit.</span> <span class='ocrx_word' id='word_1_65' title='bbox 361 1103 398 1158; x_wconf 89' lang='lat' dir='ltr'>In</span> <span class='ocrx_word' id='word_1_66' title='bbox 419 1103 479 1159; x_wconf 92' lang='grc' dir='ltr'>ΠΙ.</span> <span class='ocrx_word' id='word_1_67' title='bbox 503 1101 602 1160; x_wconf 84' lang='lat' dir='ltr'>Germ.</span> <span class='ocrx_word' id='word_1_68' title='bbox 628 1103 674 1158; x_wconf 87' lang='lat'>17.</span> <span class='ocrx_word' id='word_1_69' title='bbox 697 1120 802 1159; x_wconf 89' lang='lat' dir='ltr'>versus</span> <span class='ocrx_word' id='word_1_70' title='bbox 824 1100 901 1157; x_wconf 81' lang='lat'>2-5</span> <span class='ocrx_word' id='word_1_71' title='bbox 926 1102 1104 1160; x_wconf 89' lang='lat' dir='ltr'>Sanadonus</span> <span class='ocrx_word' id='word_1_72' title='bbox 1126 1103 1285 1176; x_wconf 85' lang='lat' dir='ltr'>expungit3</span> <span class='ocrx_word' id='word_1_73' title='bbox 1308 1102 1366 1157; x_wconf 89' lang='lat' dir='ltr'>hoc</span> 
     </span>
     <span class='ocr_line' id='line_1_10' title="bbox 227 1195 1366 1271; baseline 0.001 -21"><span class='ocrx_word' id='word_1_74' title='bbox 227 1195 390 1252; x_wconf 81' lang='lat' dir='ltr'>laudarunt</span> <span class='ocrx_word' id='word_1_75' title='bbox 410 1195 561 1267; x_wconf 88' lang='lat' dir='ltr'>Ionesius,</span> <span class='ocrx_word' id='word_1_76' title='bbox 584 1196 691 1267; x_wconf 89' lang='lat' dir='ltr'>Ianus,</span> <span class='ocrx_word' id='word_1_77' title='bbox 722 1215 820 1269; x_wconf 93' lang='lat' dir='ltr'>neque</span> <span class='ocrx_word' id='word_1_78' title='bbox 846 1197 1027 1271; x_wconf 89' lang='lat' dir='ltr'>improbavit</span> <span class='ocrx_word' id='word_1_79' title='bbox 1053 1195 1218 1254; x_wconf 84' lang='lat' dir='ltr'>Gesnerus.</span> <span class='ocrx_word' id='word_1_80' title='bbox 1261 1196 1366 1269; x_wconf 80' lang='lat' dir='ltr'>Atque</span> 
     </span>
     <span class='ocr_line' id='line_1_11' title="bbox 227 1289 1366 1366; baseline 0.001 -22"><span class='ocrx_word' id='word_1_81' title='bbox 227 1289 307 1345; x_wconf 91' lang='lat' dir='ltr'>idem</span> <span class='ocrx_word' id='word_1_82' title='bbox 337 1290 388 1346; x_wconf 92' lang='lat' dir='ltr'>ille</span> <span class='ocrx_word' id='word_1_83' title='bbox 421 1292 601 1348; x_wconf 88' lang='lat' dir='ltr'>Franciscus</span> <span class='ocrx_word' id='word_1_84' title='bbox 633 1291 763 1350; x_wconf 84' lang='lat' dir='ltr'>Guietus</span> <span class='ocrx_word' id='word_1_85' title='bbox 789 1292 883 1347; x_wconf 89' lang='lat' dir='ltr'>multo</span> <span class='ocrx_word' id='word_1_86' title='bbox 909 1292 1012 1366; x_wconf 92' lang='lat' dir='ltr'>plures</span> <span class='ocrx_word' id='word_1_87' title='bbox 1038 1291 1166 1346; x_wconf 92' lang='lat' dir='ltr'>Horatio</span> <span class='ocrx_word' id='word_1_88' title='bbox 1193 1291 1366 1365; x_wconf 87' lang='lat' dir='ltr'>suppositos</span> 
     </span>
     <span class='ocr_line' id='line_1_12' title="bbox 227 1384 1368 1460; baseline 0.001 -20"><span class='ocrx_word' id='word_1_89' title='bbox 227 1384 386 1456; x_wconf 88' lang='lat' dir='ltr'>iudicavit,</span> <span class='ocrx_word' id='word_1_90' title='bbox 408 1394 442 1442; x_wconf 88' lang='lat' dir='ltr'>ut</span> <span class='ocrx_word' id='word_1_91' title='bbox 464 1387 589 1460; x_wconf 82' lang='lat' dir='ltr'>cognovi</span> <span class='ocrx_word' id='word_1_92' title='bbox 610 1406 649 1443; x_wconf 86' lang='lat' dir='ltr'>ex</span> <span class='ocrx_word' id='word_1_93' title='bbox 671 1387 844 1456; x_wconf 91' lang='lat' dir='ltr'>Sanadono,</span> <span class='ocrx_word' id='word_1_94' title='bbox 868 1404 927 1441; x_wconf 91' lang='lat' dir='ltr'>non</span> <span class='ocrx_word' id='word_1_95' title='bbox 949 1385 1064 1456; x_wconf 89' lang='lat' dir='ltr'>addita,</span> <span class='ocrx_word' id='word_1_96' title='bbox 1085 1393 1119 1441; x_wconf 94' lang='lat' dir='ltr'>ut</span> <span class='ocrx_word' id='word_1_97' title='bbox 1137 1385 1271 1455; x_wconf 87' lang='lat' dir='ltr'>videtur,</span> <span class='ocrx_word' id='word_1_98' title='bbox 1291 1385 1368 1441; x_wconf 91' lang='lat' dir='ltr'>iudi·</span> 
     </span>
     <span class='ocr_line' id='line_1_13' title="bbox 229 1480 1366 1556; baseline 0.002 -21"><span class='ocrx_word' id='word_1_99' title='bbox 229 1480 267 1535; x_wconf 88' lang='lat' dir='ltr'>cii</span> <span class='ocrx_word' id='word_1_100' title='bbox 293 1498 412 1551; x_wconf 81' lang='lat' dir='ltr'>caussa,</span> <span class='ocrx_word' id='word_1_101' title='bbox 440 1483 635 1538; x_wconf 87' lang='lat' dir='ltr'>vehementer</span> <span class='ocrx_word' id='word_1_102' title='bbox 659 1502 677 1538; x_wconf 90' lang='lat' dir='ltr'>a</span> <span class='ocrx_word' id='word_1_103' title='bbox 704 1482 864 1540; x_wconf 85' lang='lat' dir='ltr'>Sanadono</span> <span class='ocrx_word' id='word_1_104' title='bbox 889 1483 1103 1556; x_wconf 88' lang='lat' dir='ltr'>reprehensus,</span> <span class='ocrx_word' id='word_1_105' title='bbox 1125 1501 1185 1537; x_wconf 93' lang='lat' dir='ltr'>non</span> <span class='ocrx_word' id='word_1_106' title='bbox 1207 1480 1366 1538; x_wconf 88' lang='lat' dir='ltr'>refutatus.</span> 
     </span>
     <span class='ocr_line' id='line_1_14' title="bbox 229 1575 1366 1650; baseline -0.001 -17"><span class='ocrx_word' id='word_1_107' title='bbox 229 1575 318 1633; x_wconf 91' lang='lat' dir='ltr'>Unde</span> <span class='ocrx_word' id='word_1_108' title='bbox 341 1576 519 1634; x_wconf 89' lang='lat' dir='ltr'>Sanadonus</span> <span class='ocrx_word' id='word_1_109' title='bbox 541 1577 612 1633; x_wconf 89' lang='lat' dir='ltr'>istas</span> <span class='ocrx_word' id='word_1_110' title='bbox 635 1576 740 1635; x_wconf 84' lang='lat' dir='ltr'>Guieti</span> <span class='ocrx_word' id='word_1_111' title='bbox 761 1577 970 1634; x_wconf 85' lang='lat' dir='ltr'>annotationes</span> <span class='ocrx_word' id='word_1_112' title='bbox 991 1577 1157 1650; x_wconf 87' lang='lat' dir='ltr'>acceperit,</span> <span class='ocrx_word' id='word_1_113' title='bbox 1179 1576 1210 1631; x_wconf 91' lang='lat' dir='ltr'>in</span> <span class='ocrx_word' id='word_1_114' title='bbox 1233 1576 1366 1632; x_wconf 85' lang='lat' dir='ltr'>editione</span> 
     </span>
     <span class='ocr_line' id='line_1_15' title="bbox 230 1668 1367 1746; baseline 0.001 -21"><span class='ocrx_word' id='word_1_115' title='bbox 230 1688 257 1726; x_wconf 88' lang='lat' dir='ltr'>a.</span> <span class='ocrx_word' id='word_1_116' title='bbox 283 1668 370 1726; x_wconf 82' lang='lat'>1756.</span> <span class='ocrx_word' id='word_1_117' title='bbox 393 1672 576 1745; x_wconf 89' lang='lat' dir='ltr'>explicatum</span> <span class='ocrx_word' id='word_1_118' title='bbox 598 1691 658 1728; x_wconf 91' lang='lat' dir='ltr'>non</span> <span class='ocrx_word' id='word_1_119' title='bbox 679 1673 781 1728; x_wconf 92' lang='lat' dir='ltr'>video:</span> <span class='ocrx_word' id='word_1_120' title='bbox 804 1671 929 1729; x_wconf 89' lang='lat' dir='ltr'>fortasse</span> <span class='ocrx_word' id='word_1_121' title='bbox 953 1672 1131 1730; x_wconf 89' lang='lat' dir='ltr'>Sanadonus</span> <span class='ocrx_word' id='word_1_122' title='bbox 1154 1671 1321 1746; x_wconf 83' lang='lat' dir='ltr'>explicavit</span> <span class='ocrx_word' id='word_1_123' title='bbox 1335 1672 1367 1726; x_wconf 94' lang='lat' dir='ltr'>in</span> 
     </span>
     <span class='ocr_line' id='line_1_16' title="bbox 230 1764 1367 1841; baseline 0.001 -22"><span class='ocrx_word' id='word_1_124' title='bbox 230 1764 361 1821; x_wconf 85' lang='lat' dir='ltr'>editione</span> <span class='ocrx_word' id='word_1_125' title='bbox 388 1785 415 1823; x_wconf 90' lang='lat' dir='ltr'>a.</span> <span class='ocrx_word' id='word_1_126' title='bbox 446 1767 532 1823; x_wconf 78' lang='grc'><strong>1728.</strong></span> <span class='ocrx_word' id='word_1_127' title='bbox 560 1784 649 1838; x_wconf 91' lang='lat' dir='ltr'>quam</span> <span class='ocrx_word' id='word_1_128' title='bbox 675 1768 739 1841; x_wconf 91' lang='lat' dir='ltr'>ipse</span> <span class='ocrx_word' id='word_1_129' title='bbox 766 1768 892 1825; x_wconf 86' lang='lat' dir='ltr'>curavit.</span> <span class='ocrx_word' id='word_1_130' title='bbox 934 1767 1034 1822; x_wconf 90' lang='lat' dir='ltr'>Huius</span> <span class='ocrx_word' id='word_1_131' title='bbox 1060 1766 1266 1840; x_wconf 82' lang='lat' dir='ltr'>inspiciendae</span> <span class='ocrx_word' id='word_1_132' title='bbox 1293 1766 1367 1821; x_wconf 90' lang='lat' dir='ltr'>mihi</span> 
     </span>
     <span class='ocr_line' id='line_1_17' title="bbox 230 1860 1366 1935; baseline 0.002 -21"><span class='ocrx_word' id='word_1_133' title='bbox 230 1877 309 1915; x_wconf 89' lang='lat' dir='ltr'>nunc</span> <span class='ocrx_word' id='word_1_134' title='bbox 332 1860 418 1935; x_wconf 89' lang='lat' dir='ltr'>copia</span> <span class='ocrx_word' id='word_1_135' title='bbox 440 1879 500 1917; x_wconf 91' lang='lat' dir='ltr'>non</span> <span class='ocrx_word' id='word_1_136' title='bbox 522 1870 577 1917; x_wconf 88' lang='lat' dir='ltr'>est.</span> <span class='ocrx_word' id='word_1_137' title='bbox 621 1860 764 1930; x_wconf 77' lang='lat' dir='ltr'>GuietuS,</span> <span class='ocrx_word' id='word_1_138' title='bbox 787 1862 834 1918; x_wconf 88' lang='lat' dir='ltr'>vir</span> <span class='ocrx_word' id='word_1_139' title='bbox 854 1863 939 1918; x_wconf 90' lang='lat' dir='ltr'>multi</span> <span class='ocrx_word' id='word_1_140' title='bbox 960 1862 1063 1917; x_wconf 89' lang='lat' dir='ltr'>iudicii</span> <span class='ocrx_word' id='word_1_141' title='bbox 1085 1870 1116 1917; x_wconf 93' lang='lat' dir='ltr'>et</span> <span class='ocrx_word' id='word_1_142' title='bbox 1137 1861 1301 1931; x_wconf 89' lang='lat' dir='ltr'>doctrinae,</span> <span class='ocrx_word' id='word_1_143' title='bbox 1330 1861 1366 1916; x_wconf 90' lang='lat' dir='ltr'>de</span> 
     </span>
     <span class='ocr_line' id='line_1_18' title="bbox 230 1955 1368 2032; baseline 0 -22"><span class='ocrx_word' id='word_1_144' title='bbox 230 1973 289 2026; x_wconf 90' lang='lat' dir='ltr'>quo</span> <span class='ocrx_word' id='word_1_145' title='bbox 311 1972 420 2028; x_wconf 82' lang='lat' dir='ltr'>operae</span> <span class='ocrx_word' id='word_1_146' title='bbox 443 1955 573 2029; x_wconf 89' lang='lat' dir='ltr'>pretium</span> <span class='ocrx_word' id='word_1_147' title='bbox 595 1964 640 2012; x_wconf 86' lang='lat' dir='ltr'>est</span> <span class='ocrx_word' id='word_1_148' title='bbox 661 1957 760 2030; x_wconf 88' lang='lat' dir='ltr'>legere</span> <span class='ocrx_word' id='word_1_149' title='bbox 782 1958 937 2032; x_wconf 87' lang='lat' dir='ltr'>Baylium,</span> <span class='ocrx_word' id='word_1_150' title='bbox 959 1975 1035 2029; x_wconf 89' lang='lat' dir='ltr'>quae</span> <span class='ocrx_word' id='word_1_151' title='bbox 1059 1957 1117 2030; x_wconf 91' lang='lat' dir='ltr'>ipsi</span> <span class='ocrx_word' id='word_1_152' title='bbox 1138 1956 1278 2028; x_wconf 90' lang='lat' dir='ltr'>antiquos</span> <span class='ocrx_word' id='word_1_153' title='bbox 1297 1955 1368 2010; x_wconf 90' lang='lat' dir='ltr'>scri·</span> 
     </span>
     <span class='ocr_line' id='line_1_19' title="bbox 230 2049 1368 2124; baseline 0.001 -20"><span class='ocrx_word' id='word_1_154' title='bbox 230 2058 331 2123; x_wconf 88' lang='lat' dir='ltr'>ptores</span> <span class='ocrx_word' id='word_1_155' title='bbox 352 2049 462 2122; x_wconf 88' lang='lat' dir='ltr'>legenti</span> <span class='ocrx_word' id='word_1_156' title='bbox 482 2050 512 2105; x_wconf 91' lang='lat' dir='ltr'>in</span> <span class='ocrx_word' id='word_1_157' title='bbox 528 2060 658 2107; x_wconf 89' lang='lat' dir='ltr'>mentem</span> <span class='ocrx_word' id='word_1_158' title='bbox 672 2052 848 2120; x_wconf 90' lang='lat' dir='ltr'>veniebant,</span> <span class='ocrx_word' id='word_1_159' title='bbox 866 2051 946 2107; x_wconf 91' lang='lat' dir='ltr'>eain</span> <span class='ocrx_word' id='word_1_160' title='bbox 961 2050 1145 2124; x_wconf 84' lang='lat' dir='ltr'>marginibus</span> <span class='ocrx_word' id='word_1_161' title='bbox 1161 2050 1368 2124; x_wconf 89' lang='lat' dir='ltr'>exemplorum</span> 
     </span>
     <span class='ocr_line' id='line_1_20' title="bbox 230 2144 1368 2204; baseline -0.001 -3"><span class='ocrx_word' id='word_1_162' title='bbox 230 2145 361 2201; x_wconf 86' lang='lat' dir='ltr'>scribere</span> <span class='ocrx_word' id='word_1_163' title='bbox 384 2145 514 2202; x_wconf 85' lang='lat' dir='ltr'>solebat:</span> <span class='ocrx_word' id='word_1_164' title='bbox 538 2144 632 2200; x_wconf 89' lang='lat' dir='ltr'>edidit</span> <span class='ocrx_word' id='word_1_165' title='bbox 653 2144 737 2200; x_wconf 90' lang='lat' dir='ltr'>nihil.</span> <span class='ocrx_word' id='word_1_166' title='bbox 779 2144 894 2201; x_wconf 91' lang='lat' dir='ltr'>Mortui</span> <span class='ocrx_word' id='word_1_167' title='bbox 922 2145 1027 2204; x_wconf 88' lang='lat' dir='ltr'>Guieti</span> <span class='ocrx_word' id='word_1_168' title='bbox 1053 2162 1155 2201; x_wconf 90' lang='lat' dir='ltr'>omnes</span> <span class='ocrx_word' id='word_1_169' title='bbox 1180 2145 1274 2200; x_wconf 90' lang='lat' dir='ltr'>libros</span> <span class='ocrx_word' id='word_1_170' title='bbox 1296 2145 1368 2200; x_wconf 90' lang='lat' dir='ltr'>emit</span> 
     </span>
     <span class='ocr_line' id='line_1_21' title="bbox 231 2238 1369 2313; baseline -0.001 -18"><span class='ocrx_word' id='word_1_171' title='bbox 231 2240 343 2296; x_wconf 90' lang='lat' dir='ltr'>amicus</span> <span class='ocrx_word' id='word_1_172' title='bbox 364 2240 535 2313; x_wconf 87' lang='lat' dir='ltr'>Menagius.</span> <span class='ocrx_word' id='word_1_173' title='bbox 578 2238 714 2313; x_wconf 86' lang='lat' dir='ltr'>Menagii</span> <span class='ocrx_word' id='word_1_174' title='bbox 736 2239 935 2309; x_wconf 88' lang='lat' dir='ltr'>Bibliotheca,</span> <span class='ocrx_word' id='word_1_175' title='bbox 958 2251 992 2296; x_wconf 91' lang='lat' dir='ltr'>ut</span> <span class='ocrx_word' id='word_1_176' title='bbox 1014 2249 1044 2296; x_wconf 94' lang='lat' dir='ltr'>et</span> <span class='ocrx_word' id='word_1_177' title='bbox 1064 2238 1179 2309; x_wconf 89' lang='lat' dir='ltr'>Huetii,</span> <span class='ocrx_word' id='word_1_178' title='bbox 1203 2247 1266 2294; x_wconf 92' lang='lat' dir='ltr'>teta</span> <span class='ocrx_word' id='word_1_179' title='bbox 1287 2238 1369 2294; x_wconf 89' lang='lat' dir='ltr'>facta</span> 
     </span>
     <span class='ocr_line' id='line_1_22' title="bbox 232 2333 1369 2408; baseline -0.002 -18"><span class='ocrx_word' id='word_1_180' title='bbox 232 2344 289 2405; x_wconf 86' lang='lat' dir='ltr'>est,</span> <span class='ocrx_word' id='word_1_181' title='bbox 318 2335 446 2392; x_wconf 90' lang='lat' dir='ltr'>emtione</span> <span class='ocrx_word' id='word_1_182' title='bbox 474 2354 512 2391; x_wconf 92' lang='lat' dir='ltr'>an</span> <span class='ocrx_word' id='word_1_183' title='bbox 539 2333 715 2402; x_wconf 86' lang='lat' dir='ltr'>donatione,</span> <span class='ocrx_word' id='word_1_184' title='bbox 743 2334 935 2390; x_wconf 87' lang='lat' dir='ltr'>Iesuitarum.</span> <span class='ocrx_word' id='word_1_185' title='bbox 978 2334 1015 2389; x_wconf 93' lang='lat' dir='ltr'>In</span> <span class='ocrx_word' id='word_1_186' title='bbox 1042 2353 1079 2389; x_wconf 90' lang='lat' dir='ltr'>ea</span> <span class='ocrx_word' id='word_1_187' title='bbox 1105 2340 1170 2389; x_wconf 90' lang='lat' dir='ltr'>erat</span> <span class='ocrx_word' id='word_1_188' title='bbox 1197 2334 1369 2408; x_wconf 85' lang='lat' dir='ltr'>exemplum</span> 
     </span>
     <span class='ocr_line' id='line_1_23' title="bbox 231 2427 1370 2505; baseline -0.004 -19"><span class='ocrx_word' id='word_1_189' title='bbox 231 2430 365 2499; x_wconf 90' lang='lat' dir='ltr'>Horatii,</span> <span class='ocrx_word' id='word_1_190' title='bbox 387 2430 418 2486; x_wconf 90' lang='lat' dir='ltr'>in</span> <span class='ocrx_word' id='word_1_191' title='bbox 441 2448 500 2503; x_wconf 93' lang='lat' dir='ltr'>quo</span> <span class='ocrx_word' id='word_1_192' title='bbox 523 2429 653 2488; x_wconf 88' lang='lat' dir='ltr'>Guietus</span> <span class='ocrx_word' id='word_1_193' title='bbox 675 2429 792 2505; x_wconf 90' lang='lat' dir='ltr'>spurios</span> <span class='ocrx_word' id='word_1_194' title='bbox 814 2446 918 2484; x_wconf 88' lang='lat' dir='ltr'>versus</span> <span class='ocrx_word' id='word_1_195' title='bbox 939 2437 1110 2498; x_wconf 88' lang='lat' dir='ltr'>notaverat,</span> <span class='ocrx_word' id='word_1_196' title='bbox 1133 2429 1214 2501; x_wconf 90' lang='lat' dir='ltr'>quod</span> <span class='ocrx_word' id='word_1_197' title='bbox 1236 2427 1370 2487; x_wconf 89' lang='lat' dir='ltr'>Sanado-</span> 
     </span>
     <span class='ocr_line' id='line_1_24' title="bbox 231 2524 1370 2582; baseline -0.001 -2"><span class='ocrx_word' id='word_1_198' title='bbox 231 2543 287 2581; x_wconf 91' lang='lat' dir='ltr'>nus</span> <span class='ocrx_word' id='word_1_199' title='bbox 308 2525 392 2581; x_wconf 88' lang='lat' dir='ltr'>vidit.</span> <span class='ocrx_word' id='word_1_200' title='bbox 435 2525 625 2582; x_wconf 88' lang='lat' dir='ltr'>Bibliotheca</span> <span class='ocrx_word' id='word_1_201' title='bbox 646 2525 826 2581; x_wconf 90' lang='lat' dir='ltr'>Iesuitarum</span> <span class='ocrx_word' id='word_1_202' title='bbox 847 2542 948 2579; x_wconf 89' lang='lat' dir='ltr'>mense</span> <span class='ocrx_word' id='word_1_203' title='bbox 971 2524 1133 2581; x_wconf 88' lang='lat' dir='ltr'>Decembri</span> <span class='ocrx_word' id='word_1_204' title='bbox 1154 2544 1181 2580; x_wconf 90' lang='lat' dir='ltr'>a.</span> <span class='ocrx_word' id='word_1_205' title='bbox 1201 2524 1288 2580; x_wconf 83' lang='lat'>1763.</span> <span class='ocrx_word' id='word_1_206' title='bbox 1312 2525 1370 2580; x_wconf 90' lang='lat' dir='ltr'>Pa·</span> 
     </span>
     <span class='ocr_line' id='line_1_25' title="bbox 232 2617 1370 2693; baseline 0 -18"><span class='ocrx_word' id='word_1_207' title='bbox 232 2620 309 2676; x_wconf 86' lang='lat' dir='ltr'>risiis</span> <span class='ocrx_word' id='word_1_208' title='bbox 337 2619 457 2693; x_wconf 88' lang='lat' dir='ltr'>publice</span> <span class='ocrx_word' id='word_1_209' title='bbox 487 2621 610 2676; x_wconf 91' lang='lat' dir='ltr'>vendita</span> <span class='ocrx_word' id='word_1_210' title='bbox 632 2628 690 2675; x_wconf 89' lang='lat' dir='ltr'>est:</span> <span class='ocrx_word' id='word_1_211' title='bbox 718 2627 748 2674; x_wconf 93' lang='lat' dir='ltr'>et</span> <span class='ocrx_word' id='word_1_212' title='bbox 775 2637 813 2673; x_wconf 86' lang='lat' dir='ltr'>ex</span> <span class='ocrx_word' id='word_1_213' title='bbox 835 2618 1021 2692; x_wconf 84' lang='lat' dir='ltr'>praefatione</span> <span class='ocrx_word' id='word_1_214' title='bbox 1043 2619 1093 2675; x_wconf 90' lang='lat' dir='ltr'>isti</span> <span class='ocrx_word' id='word_1_215' title='bbox 1116 2617 1263 2692; x_wconf 85' lang='lat' dir='ltr'>Catalogo</span> <span class='ocrx_word' id='word_1_216' title='bbox 1283 2638 1370 2692; x_wconf 90' lang='lat' dir='ltr'>prae-</span> 
     </span>
     <span class='ocr_line' id='line_1_26' title="bbox 231 2712 1371 2790; baseline 0.004 -23"><span class='ocrx_word' id='word_1_217' title='bbox 231 2712 335 2781; x_wconf 88' lang='lat' dir='ltr'>missa,</span> <span class='ocrx_word' id='word_1_218' title='bbox 357 2714 432 2768; x_wconf 91' lang='lat' dir='ltr'>haec</span> <span class='ocrx_word' id='word_1_219' title='bbox 454 2715 491 2770; x_wconf 92' lang='lat' dir='ltr'>de</span> <span class='ocrx_word' id='word_1_220' title='bbox 513 2714 597 2770; x_wconf 90' lang='lat' dir='ltr'>libris</span> <span class='ocrx_word' id='word_1_221' title='bbox 620 2713 725 2771; x_wconf 86' lang='lat' dir='ltr'>Guieti</span> <span class='ocrx_word' id='word_1_222' title='bbox 747 2723 778 2770; x_wconf 92' lang='lat' dir='ltr'>et</span> <span class='ocrx_word' id='word_1_223' title='bbox 797 2715 932 2789; x_wconf 91' lang='lat' dir='ltr'>Menagii</span> <span class='ocrx_word' id='word_1_224' title='bbox 954 2715 1097 2789; x_wconf 85' lang='lat' dir='ltr'>cognovi,</span> <span class='ocrx_word' id='word_1_225' title='bbox 1127 2733 1203 2788; x_wconf 92' lang='lat' dir='ltr'>quae</span> <span class='ocrx_word' id='word_1_226' title='bbox 1231 2734 1270 2770; x_wconf 84' lang='lat' dir='ltr'>ex</span> <span class='ocrx_word' id='word_1_227' title='bbox 1291 2716 1371 2790; x_wconf 86' lang='lat' dir='ltr'>Bay-</span> 
     </span>
     <span class='ocr_line' id='line_1_27' title="bbox 231 2804 1371 2884; baseline 0.004 -25"><span class='ocrx_word' id='word_1_228' title='bbox 231 2804 286 2874; x_wconf 93' lang='lat' dir='ltr'>lio,</span> <span class='ocrx_word' id='word_1_229' title='bbox 310 2804 402 2863; x_wconf 84' lang='lat' dir='ltr'>Saxio</span> <span class='ocrx_word' id='word_1_230' title='bbox 425 2815 455 2863; x_wconf 92' lang='lat' dir='ltr'>et</span> <span class='ocrx_word' id='word_1_231' title='bbox 476 2806 543 2863; x_wconf 90' lang='lat' dir='ltr'>aliis</span> <span class='ocrx_word' id='word_1_232' title='bbox 564 2807 674 2864; x_wconf 89' lang='lat' dir='ltr'>frustra</span> <span class='ocrx_word' id='word_1_233' title='bbox 696 2825 875 2882; x_wconf 84' lang='lat' dir='ltr'>cognoscere</span> <span class='ocrx_word' id='word_1_234' title='bbox 898 2811 999 2865; x_wconf 90' lang='lat' dir='ltr'>studui</span> <span class='ocrx_word' id='word_1_235' title='bbox 1015 2809 1035 2864; x_wconf 80' lang='lat'>¹.</span> <span class='ocrx_word' id='word_1_236' title='bbox 1079 2810 1180 2882; x_wconf 85' lang='lat' dir='ltr'>Atque</span> <span class='ocrx_word' id='word_1_237' title='bbox 1197 2809 1371 2884; x_wconf 92' lang='lat' dir='ltr'>opinionem</span> 
     </span>
     <span class='ocr_line' id='line_1_28' title="bbox 233 2899 1371 2978; baseline 0.003 -21"><span class='ocrx_word' id='word_1_238' title='bbox 233 2899 339 2957; x_wconf 84' lang='lat' dir='ltr'>Guieti</span> <span class='ocrx_word' id='word_1_239' title='bbox 366 2901 402 2955; x_wconf 92' lang='lat' dir='ltr'>de</span> <span class='ocrx_word' id='word_1_240' title='bbox 428 2901 554 2975; x_wconf 90' lang='lat' dir='ltr'>singulis</span> <span class='ocrx_word' id='word_1_241' title='bbox 580 2903 716 2959; x_wconf 90' lang='lat' dir='ltr'>versibus</span> <span class='ocrx_word' id='word_1_242' title='bbox 743 2912 773 2959; x_wconf 94' lang='lat' dir='ltr'>et</span> <span class='ocrx_word' id='word_1_243' title='bbox 799 2905 930 2978; x_wconf 90' lang='lat' dir='ltr'>strophis</span> <span class='ocrx_word' id='word_1_244' title='bbox 955 2913 1019 2960; x_wconf 91' lang='lat' dir='ltr'>tum</span> <span class='ocrx_word' id='word_1_245' title='bbox 1046 2905 1165 2960; x_wconf 90' lang='lat' dir='ltr'>demum</span> <span class='ocrx_word' id='word_1_246' title='bbox 1191 2905 1267 2975; x_wconf 89' lang='lat' dir='ltr'>vidi,</span> <span class='ocrx_word' id='word_1_247' title='bbox 1290 2913 1371 2978; x_wconf 77' lang='lat' dir='ltr'>post</span> 
     </span>
     <span class='ocr_line' id='line_1_29' title="bbox 216 2981 1371 3074; baseline 0.004 -23"><span class='ocrx_word' id='word_1_248' title='bbox 216 2981 322 3067; x_wconf 64' lang='lat' dir='ltr'>&#39;quam</span> <span class='ocrx_word' id='word_1_249' title='bbox 354 3015 435 3052; x_wconf 90' lang='lat' dir='ltr'>meas</span> <span class='ocrx_word' id='word_1_250' title='bbox 466 2999 675 3054; x_wconf 86' lang='lat' dir='ltr'>annotationes</span> <span class='ocrx_word' id='word_1_251' title='bbox 702 2999 901 3055; x_wconf 90' lang='lat' dir='ltr'>absolveram.</span> <span class='ocrx_word' id='word_1_252' title='bbox 944 3000 1055 3056; x_wconf 90' lang='lat' dir='ltr'>Paucis</span> <span class='ocrx_word' id='word_1_253' title='bbox 1088 3001 1236 3074; x_wconf 73' lang='lat' dir='ltr'>exceptiS,</span> <span class='ocrx_word' id='word_1_254' title='bbox 1269 3002 1371 3056; x_wconf 91' lang='lat' dir='ltr'>omnia</span> 
     </span>
     <span class='ocr_line' id='line_1_30' title="bbox 233 3091 1372 3169; baseline 0.005 -24"><span class='ocrx_word' id='word_1_255' title='bbox 233 3091 339 3146; x_wconf 89' lang='lat' dir='ltr'>eadem</span> <span class='ocrx_word' id='word_1_256' title='bbox 365 3092 544 3149; x_wconf 90' lang='lat' dir='ltr'>deleveram.</span> <span class='ocrx_word' id='word_1_257' title='bbox 587 3095 677 3150; x_wconf 82' lang='lat' dir='ltr'>Anno</span> <span class='ocrx_word' id='word_1_258' title='bbox 704 3109 930 3150; x_wconf 79' lang='lat' dir='ltr'>muocnxxvm.</span> <span class='ocrx_word' id='word_1_259' title='bbox 962 3092 1079 3169; x_wconf 86' lang='lat' dir='ltr'>Caspar</span> <span class='ocrx_word' id='word_1_260' title='bbox 1104 3095 1283 3151; x_wconf 89' lang='lat' dir='ltr'>Pallavicini</span> <span class='ocrx_word' id='word_1_261' title='bbox 1311 3095 1372 3151; x_wconf 90' lang='lat' dir='ltr'>Ro·</span> 
     </span>
     <span class='ocr_line' id='line_1_31' title="bbox 233 3187 1372 3258; baseline 0.003 -15"><span class='ocrx_word' id='word_1_262' title='bbox 233 3205 298 3243; x_wconf 89' lang='lat' dir='ltr'>mae</span> <span class='ocrx_word' id='word_1_263' title='bbox 319 3188 351 3243; x_wconf 92' lang='lat' dir='ltr'>in</span> <span class='ocrx_word' id='word_1_264' title='bbox 372 3187 563 3245; x_wconf 91' lang='lat' dir='ltr'>Bibliotheca</span> <span class='ocrx_word' id='word_1_265' title='bbox 588 3188 731 3245; x_wconf 89' lang='lat' dir='ltr'>Palatina</span> <span class='ocrx_word' id='word_1_266' title='bbox 756 3189 873 3245; x_wconf 91' lang='lat' dir='ltr'>invenit</span> <span class='ocrx_word' id='word_1_267' title='bbox 898 3189 957 3245; x_wconf 94' lang='lat' dir='ltr'>duo</span> <span class='ocrx_word' id='word_1_268' title='bbox 991 3188 1147 3258; x_wconf 89' lang='lat' dir='ltr'>Carmina,</span> <span class='ocrx_word' id='word_1_269' title='bbox 1180 3190 1299 3246; x_wconf 91' lang='lat' dir='ltr'>adiecta</span> <span class='ocrx_word' id='word_1_270' title='bbox 1331 3191 1372 3246; x_wconf 89' lang='lat' dir='ltr'>ad</span> 
     </span>
     <span class='ocr_line' id='line_1_32' title="bbox 233 3280 1372 3356; baseline 0.003 -19"><span class='ocrx_word' id='word_1_271' title='bbox 233 3281 323 3338; x_wconf 92' lang='lat' dir='ltr'>finem</span> <span class='ocrx_word' id='word_1_272' title='bbox 344 3282 414 3338; x_wconf 91' lang='lat' dir='ltr'>libri</span> <span class='ocrx_word' id='word_1_273' title='bbox 435 3282 532 3356; x_wconf 90' lang='lat' dir='ltr'>primi,</span> <span class='ocrx_word' id='word_1_274' title='bbox 555 3283 690 3355; x_wconf 91' lang='lat' dir='ltr'>adeoque</span> <span class='ocrx_word' id='word_1_275' title='bbox 714 3280 843 3339; x_wconf 86' lang='lat' dir='ltr'>Carmen</span> <span class='ocrx_word' id='word_1_276' title='bbox 863 3283 1011 3340; x_wconf 88' lang='lat' dir='ltr'>XXXIX</span> <span class='ocrx_word' id='word_1_277' title='bbox 1033 3293 1064 3340; x_wconf 92' lang='lat' dir='ltr'>et</span> <span class='ocrx_word' id='word_1_278' title='bbox 1084 3284 1153 3341; x_wconf 88' lang='lat' dir='ltr'>XL.</span> <span class='ocrx_word' id='word_1_279' title='bbox 1195 3284 1282 3340; x_wconf 88' lang='lat' dir='ltr'>Haec</span> <span class='ocrx_word' id='word_1_280' title='bbox 1299 3281 1372 3341; x_wconf 71' lang='lat' dir='ltr'>Car</span> 
     </span>
     <span class='ocr_line' id='line_1_33' title="bbox 233 3377 1372 3452; baseline 0.003 -21"><span class='ocrx_word' id='word_1_281' title='bbox 233 3377 314 3432; x_wconf 90' lang='lat' dir='ltr'>mina</span> <span class='ocrx_word' id='word_1_282' title='bbox 342 3395 443 3434; x_wconf 90' lang='lat' dir='ltr'>secum</span> <span class='ocrx_word' id='word_1_283' title='bbox 469 3397 487 3433; x_wconf 91' lang='lat' dir='ltr'>a</span> <span class='ocrx_word' id='word_1_284' title='bbox 508 3378 626 3434; x_wconf 88' lang='lat' dir='ltr'>Franco</span> <span class='ocrx_word' id='word_1_285' title='bbox 648 3378 866 3434; x_wconf 87' lang='lat' dir='ltr'>communicata</span> <span class='ocrx_word' id='word_1_286' title='bbox 888 3379 982 3435; x_wconf 90' lang='lat' dir='ltr'>edidit</span> <span class='ocrx_word' id='word_1_287' title='bbox 1002 3379 1189 3435; x_wconf 88' lang='lat' dir='ltr'>Villoisonus</span> <span class='ocrx_word' id='word_1_288' title='bbox 1212 3380 1250 3434; x_wconf 89' lang='lat' dir='ltr'>ad</span> <span class='ocrx_word' id='word_1_289' title='bbox 1272 3377 1372 3452; x_wconf 88' lang='lat' dir='ltr'>Longi</span> 
     </span>
     <span class='ocr_line' id='line_1_34' title="bbox 234 3471 1372 3546; baseline 0.003 -20"><span class='ocrx_word' id='word_1_290' title='bbox 234 3471 406 3527; x_wconf 89' lang='lat' dir='ltr'>Pastoralia</span> <span class='ocrx_word' id='word_1_291' title='bbox 426 3490 494 3546; x_wconf 87' lang='lat' dir='ltr'>pag.</span> <span class='ocrx_word' id='word_1_292' title='bbox 518 3473 593 3543; x_wconf 89' lang='lat'>311,</span> <span class='ocrx_word' id='word_1_293' title='bbox 616 3473 724 3528; x_wconf 90' lang='lat' dir='ltr'>deinde</span> <span class='ocrx_word' id='word_1_294' title='bbox 746 3473 840 3529; x_wconf 92' lang='lat' dir='ltr'>Ianus</span> <span class='ocrx_word' id='word_1_295' title='bbox 861 3482 892 3529; x_wconf 89' lang='lat' dir='ltr'>et</span> <span class='ocrx_word' id='word_1_296' title='bbox 913 3473 977 3542; x_wconf 92' lang='lat' dir='ltr'>alii,</span> <span class='ocrx_word' id='word_1_297' title='bbox 1005 3474 1076 3531; x_wconf 89' lang='lat' dir='ltr'>licet</span> <span class='ocrx_word' id='word_1_298' title='bbox 1101 3475 1161 3530; x_wconf 90' lang='lat' dir='ltr'>iam</span> <span class='ocrx_word' id='word_1_299' title='bbox 1186 3475 1217 3529; x_wconf 90' lang='lat' dir='ltr'>in</span> <span class='ocrx_word' id='word_1_300' title='bbox 1240 3472 1372 3529; x_wconf 91' lang='lat' dir='ltr'>editione</span> 
     </span>
     <span class='ocr_line' id='line_1_35' title="bbox 234 3565 1373 3641; baseline 0.003 -21"><span class='ocrx_word' id='word_1_301' title='bbox 234 3565 365 3638; x_wconf 89' lang='lat' dir='ltr'>quadam</span> <span class='ocrx_word' id='word_1_302' title='bbox 385 3565 533 3639; x_wconf 89' lang='lat' dir='ltr'>Pragensi</span> <span class='ocrx_word' id='word_1_303' title='bbox 555 3585 582 3622; x_wconf 90' lang='lat' dir='ltr'>a.</span> <span class='ocrx_word' id='word_1_304' title='bbox 608 3567 694 3623; x_wconf 88' lang='grc'><strong>1760.</strong></span> <span class='ocrx_word' id='word_1_305' title='bbox 717 3575 837 3622; x_wconf 85' lang='lat' dir='ltr'>exstare</span> <span class='ocrx_word' id='word_1_306' title='bbox 860 3568 1007 3623; x_wconf 89' lang='lat' dir='ltr'>dicantur.</span> <span class='ocrx_word' id='word_1_307' title='bbox 1049 3569 1126 3627; x_wconf 88' lang='lat' dir='ltr'>Sunt</span> <span class='ocrx_word' id='word_1_308' title='bbox 1147 3569 1235 3626; x_wconf 87' lang='lat' dir='ltr'>valde</span> <span class='ocrx_word' id='word_1_309' title='bbox 1256 3569 1373 3641; x_wconf 89' lang='lat' dir='ltr'>inepta,</span> 
     </span>
     <span class='ocr_line' id='line_1_36' title="bbox 236 3660 1372 3734; baseline 0 -17"><span class='ocrx_word' id='word_1_310' title='bbox 236 3669 266 3717; x_wconf 91' lang='lat' dir='ltr'>et</span> <span class='ocrx_word' id='word_1_311' title='bbox 287 3679 388 3716; x_wconf 88' lang='lat' dir='ltr'>omnes</span> <span class='ocrx_word' id='word_1_312' title='bbox 410 3661 538 3718; x_wconf 89' lang='lat' dir='ltr'>Horatio</span> <span class='ocrx_word' id='word_1_313' title='bbox 560 3662 742 3719; x_wconf 88' lang='lat' dir='ltr'>abiudicant.</span> <span class='ocrx_word' id='word_1_314' title='bbox 787 3660 908 3732; x_wconf 84' lang='lat' dir='ltr'>Quare?</span> <span class='ocrx_word' id='word_1_315' title='bbox 936 3662 1015 3734; x_wconf 83' lang='lat' dir='ltr'>Quia</span> <span class='ocrx_word' id='word_1_316' title='bbox 1043 3665 1073 3719; x_wconf 91' lang='lat' dir='ltr'>in</span> <span class='ocrx_word' id='word_1_317' title='bbox 1096 3665 1178 3720; x_wconf 92' lang='lat' dir='ltr'>nullo</span> <span class='ocrx_word' id='word_1_318' title='bbox 1201 3663 1372 3734; x_wconf 89' lang='lat' dir='ltr'>antiquiore</span> 
     </span>
     <span class='ocr_line' id='line_1_37' title="bbox 235 3755 1371 3826; baseline 0.001 -15"><span class='ocrx_word' id='word_1_319' title='bbox 235 3755 303 3814; x_wconf 83' lang='lat' dir='ltr'>MS.</span> <span class='ocrx_word' id='word_1_320' title='bbox 330 3756 538 3826; x_wconf 89' lang='lat' dir='ltr'>inveniuntur,</span> <span class='ocrx_word' id='word_1_321' title='bbox 567 3765 598 3812; x_wconf 92' lang='lat' dir='ltr'>et</span> <span class='ocrx_word' id='word_1_322' title='bbox 622 3755 654 3811; x_wconf 91' lang='lat' dir='ltr'>in</span> <span class='ocrx_word' id='word_1_323' title='bbox 676 3773 782 3811; x_wconf 90' lang='lat' dir='ltr'>recens</span> <span class='ocrx_word' id='word_1_324' title='bbox 802 3755 932 3812; x_wconf 88' lang='lat' dir='ltr'>inventis</span> <span class='ocrx_word' id='word_1_325' title='bbox 954 3758 1089 3814; x_wconf 90' lang='lat' dir='ltr'>homines</span> <span class='ocrx_word' id='word_1_326' title='bbox 1112 3758 1229 3814; x_wconf 87' lang='lat' dir='ltr'>acutius</span> <span class='ocrx_word' id='word_1_327' title='bbox 1252 3758 1371 3826; x_wconf 89' lang='lat' dir='ltr'>vident,</span> 
     </span>
     <span class='ocr_line' id='line_1_38' title="bbox 236 3851 1375 3926; baseline 0 -20"><span class='ocrx_word' id='word_1_328' title='bbox 236 3851 426 3924; x_wconf 90' lang='lat' dir='ltr'>animumque</span> <span class='ocrx_word' id='word_1_329' title='bbox 450 3859 480 3907; x_wconf 89' lang='lat' dir='ltr'>et</span> <span class='ocrx_word' id='word_1_330' title='bbox 501 3870 589 3907; x_wconf 90' lang='lat' dir='ltr'>aures</span> <span class='ocrx_word' id='word_1_331' title='bbox 610 3851 773 3925; x_wconf 87' lang='lat' dir='ltr'>applicant.</span> <span class='ocrx_word' id='word_1_332' title='bbox 810 3851 875 3907; x_wconf 89' lang='lat' dir='ltr'>Iam</span> <span class='ocrx_word' id='word_1_333' title='bbox 897 3853 975 3924; x_wconf 88' lang='lat' dir='ltr'>finge</span> <span class='ocrx_word' id='word_1_334' title='bbox 999 3871 1035 3908; x_wconf 90' lang='lat' dir='ltr'>ea</span> <span class='ocrx_word' id='word_1_335' title='bbox 1057 3871 1204 3926; x_wconf 90' lang='lat' dir='ltr'>apparere</span> <span class='ocrx_word' id='word_1_336' title='bbox 1227 3851 1257 3907; x_wconf 91' lang='lat' dir='ltr'>in</span> <span class='ocrx_word' id='word_1_337' title='bbox 1280 3851 1375 3906; x_wconf 88' lang='lat' dir='ltr'>omni-</span> 
     </span>
     <span class='ocr_line' id='line_1_39' title="bbox 235 3944 1373 4020; baseline -0.001 -19"><span class='ocrx_word' id='word_1_338' title='bbox 235 3947 291 4002; x_wconf 86' lang='lat' dir='ltr'>bus</span> <span class='ocrx_word' id='word_1_339' title='bbox 312 3944 403 4005; x_wconf 86' lang='lat' dir='ltr'>MSS.</span> <span class='ocrx_word' id='word_1_340' title='bbox 433 3947 523 4002; x_wconf 87' lang='lat' dir='ltr'>etiarn</span> <span class='ocrx_word' id='word_1_341' title='bbox 550 3946 580 4001; x_wconf 94' lang='lat' dir='ltr'>in</span> <span class='ocrx_word' id='word_1_342' title='bbox 605 3945 642 4002; x_wconf 89' lang='lat' dir='ltr'>iis</span> <span class='ocrx_word' id='word_1_343' title='bbox 664 3963 740 4018; x_wconf 90' lang='lat' dir='ltr'>quae</span> <span class='ocrx_word' id='word_1_344' title='bbox 764 3965 802 4001; x_wconf 84' lang='lat' dir='ltr'>ex</span> <span class='ocrx_word' id='word_1_345' title='bbox 823 3947 997 4002; x_wconf 89' lang='lat' dir='ltr'>recensione</span> <span class='ocrx_word' id='word_1_346' title='bbox 1020 3946 1163 4002; x_wconf 89' lang='lat' dir='ltr'>Mavortii</span> <span class='ocrx_word' id='word_1_347' title='bbox 1185 3946 1373 4020; x_wconf 84' lang='lat' dir='ltr'>profluxere3</span> 
     </span>
    </p>
   </div>
   <div class='ocr_carea' id='block_1_3' title="bbox 270 4181 1368 4246">
    <p class='ocr_par' dir='ltr' id='par_1_4' title="bbox 270 4181 1368 4246">
     <span class='ocr_line' id='line_1_40' title="bbox 270 4181 1368 4246; baseline 0.001 -17"><span class='ocrx_word' id='word_1_348' title='bbox 270 4182 335 4230; x_wconf 83' lang='lat' dir='ltr'>¹De</span> <span class='ocrx_word' id='word_1_349' title='bbox 357 4182 447 4232; x_wconf 91' lang='lat' dir='ltr'>Guieto</span> <span class='ocrx_word' id='word_1_350' title='bbox 467 4183 523 4230; x_wconf 89' lang='lat' dir='ltr'>vide</span> <span class='ocrx_word' id='word_1_351' title='bbox 543 4192 567 4231; x_wconf 91' lang='lat' dir='ltr'>et</span> <span class='ocrx_word' id='word_1_352' title='bbox 588 4183 709 4232; x_wconf 89' lang='lat' dir='ltr'>Huetium</span> <span class='ocrx_word' id='word_1_353' title='bbox 730 4181 869 4232; x_wconf 85' lang='lat' dir='ltr'>Comment.</span> <span class='ocrx_word' id='word_1_354' title='bbox 893 4184 922 4231; x_wconf 90' lang='lat' dir='ltr'>de</span> <span class='ocrx_word' id='word_1_355' title='bbox 938 4183 1022 4231; x_wconf 88' lang='lat' dir='ltr'>Rebus</span> <span class='ocrx_word' id='word_1_356' title='bbox 1039 4184 1089 4230; x_wconf 90' lang='lat' dir='ltr'>suis</span> <span class='ocrx_word' id='word_1_357' title='bbox 1106 4200 1129 4246; x_wconf 93' lang='lat' dir='ltr'>p.</span> <span class='ocrx_word' id='word_1_358' title='bbox 1147 4184 1204 4231; x_wconf 88' lang='grc'><strong>398.</strong></span> <span class='ocrx_word' id='word_1_359' title='bbox 1238 4183 1368 4231; x_wconf 89' lang='lat' dir='ltr'>Ruhnken</span> 
     </span>
    </p>
   </div>
   <div class='ocr_carea' id='block_1_4' title="bbox 236 4261 1374 4403">
    <p class='ocr_par' dir='ltr' id='par_1_5' title="bbox 236 4261 1374 4403">
     <span class='ocr_line' id='line_1_41' title="bbox 236 4261 1374 4337; baseline -0.004 -27"><span class='ocrx_word' id='word_1_360' title='bbox 236 4262 315 4324; x_wconf 82' lang='lat' dir='ltr'>Epist.</span> <span class='ocrx_word' id='word_1_361' title='bbox 334 4262 395 4312; x_wconf 83' lang='lat' dir='ltr'>crit.</span> <span class='ocrx_word' id='word_1_362' title='bbox 414 4261 435 4318; x_wconf 92' lang='grc' dir='ltr'>Ι,</span> <span class='ocrx_word' id='word_1_363' title='bbox 451 4278 475 4324; x_wconf 88' lang='lat' dir='ltr'>p.</span> <span class='ocrx_word' id='word_1_364' title='bbox 492 4263 532 4310; x_wconf 88' lang='lat'>80.</span> <span class='ocrx_word' id='word_1_365' title='bbox 567 4263 770 4324; x_wconf 83' lang='lat' dir='ltr'>Oudendorpium</span> <span class='ocrx_word' id='word_1_366' title='bbox 788 4263 813 4309; x_wconf 90' lang='lat' dir='ltr'>in</span> <span class='ocrx_word' id='word_1_367' title='bbox 828 4261 939 4337; x_wconf 25' lang='lat' dir='ltr'>&#39;Praefat</span> <span class='ocrx_word' id='word_1_368' title='bbox 957 4263 988 4309; x_wconf 86' lang='lat' dir='ltr'>ad</span> <span class='ocrx_word' id='word_1_369' title='bbox 1004 4263 1146 4317; x_wconf 86' lang='lat' dir='ltr'>Lucanum,</span> <span class='ocrx_word' id='word_1_370' title='bbox 1164 4269 1188 4309; x_wconf 86' lang='lat' dir='ltr'>et</span> <span class='ocrx_word' id='word_1_371' title='bbox 1200 4261 1374 4309; x_wconf 81' lang='lat' dir='ltr'>Eichstadlmn</span> 
     </span>
     <span class='ocr_line' id='line_1_42' title="bbox 237 4339 996 4403; baseline -0.003 -14"><span class='ocrx_word' id='word_1_372' title='bbox 237 4343 262 4389; x_wconf 92' lang='lat' dir='ltr'>in</span> <span class='ocrx_word' id='word_1_373' title='bbox 281 4341 371 4403; x_wconf 88' lang='lat' dir='ltr'>Progr.</span> <span class='ocrx_word' id='word_1_374' title='bbox 389 4341 577 4388; x_wconf 85' lang='lat' dir='ltr'>Paradoxorum</span> <span class='ocrx_word' id='word_1_375' title='bbox 595 4341 682 4389; x_wconf 88' lang='lat' dir='ltr'>Horat.</span> <span class='ocrx_word' id='word_1_376' title='bbox 702 4341 771 4389; x_wconf 83' lang='lat' dir='ltr'>Part.</span> <span class='ocrx_word' id='word_1_377' title='bbox 788 4340 866 4399; x_wconf 81' lang='lat' dir='ltr'>VIII,</span> <span class='ocrx_word' id='word_1_378' title='bbox 884 4357 905 4388; x_wconf 89' lang='lat' dir='ltr'>a.</span> <span class='ocrx_word' id='word_1_379' title='bbox 924 4339 996 4390; x_wconf 64' lang='lat' dir='ltr'>law.</span> 
     </span>
    </p>
   </div>
   <div class='ocr_carea' id='block_1_5' title="bbox 0 0 1478 5220">
    <p class='ocr_par' dir='ltr' id='par_1_6' title="bbox 0 0 1478 5220">
     <span class='ocr_line' id='line_1_43' title="bbox 0 0 1478 5220; baseline 0 0"><span class='ocrx_word' id='word_1_380' title='bbox 0 0 1478 5220; x_wconf 95' lang='lat' dir='ltr'> </span> 
     </span>
    </p>
   </div>
  </div>
 </body>
</html>
