2916 5220
641 307 956 374 CARMINUM

449 493 571 575 Aures,
597 503 630 557 et
649 493 763 558 intorti
787 494 916 578 capillis

494 596 717 661 Eumenidum
740 603 925 661 recreantur
947 617 1089 682 angues:

405 697 491 778 Quin
516 704 550 764 et
572 699 787 763 Prometheus
810 704 844 764 et
867 698 999 784 Pelopis
1023 720 1140 784 parens

404 801 503 868 Dulci
526 803 676 868 laborum
700 802 862 887 decipitur
886 824 984 885 sono,

446 905 514 970 Nec
538 911 631 970 curat
654 904 755 972 Orion
778 906 889 971 leones

491 1009 562 1073 Aut
584 1008 720 1073 timidos
745 1009 870 1094 agitare
893 1008 1016 1092 lyncas.

225 1145 273 1194 Ille
290 1144 358 1192 aliud
374 1143 452 1202 vidit,
469 1149 541 1206 puto,
558 1141 717 1198 σινιάζισθαι
739 1143 775 1191 Ut
814 1149 874 1190 vant
898 1141 948 1191 iam
973 1142 1071 1192 Nonius
1096 1147 1121 1190 et
1145 1140 1282 1192 Charisius.
1317 1140 1367 1188 Hie

225 1223 291 1286 apud
314 1223 409 1271 Lucam
438 1221 529 1271 XXII.
554 1222 595 1269 sl.
620 1219 634 1267 ὁ
660 1221 774 1277 Σατανᾶς
813 1236 870 1284 pag.
891 1222 931 1273 70.
953 1220 1023 1270 affert
1043 1221 1159 1284 exempla
1179 1220 1288 1278 Tibulli,
1307 1219 1366 1269 Ovi-

224 1301 362 1361 ἐξῃτήσατο
381 1300 447 1364 ὑμᾶς
470 1302 515 1348 τοῦ
542 1297 654 1349 σινιάσαι
678 1297 712 1354 ὡς
729 1297 775 1345 τὸν
813 1299 859 1357 dii,
884 1306 909 1348 et
932 1299 1056 1348 Varronis
1080 1298 1193 1348 Atacini:
1226 1299 1307 1348 Catus
1337 1305 1368 1346 at

224 1385 305 1429 σῖτον.
339 1379 453 1429 Verbum
470 1379 579 1428 σινιάσαι
595 1383 690 1425 motum
705 1375 774 1424 vehe
813 1380 930 1440 adspexit
948 1383 1017 1426 torta
1033 1384 1111 1440 ceput
1128 1379 1366 1440 ααριιιτινιιιαίααι.

224 1465 332 1508 mentem
349 1457 484 1520 siguificat,
504 1457 614 1517 σαίνειν,
632 1461 661 1503 nt
678 1454 774 1505 Gellius
813 1457 848 1505 Et
864 1457 899 1504 sic
915 1456 1039 1520 Virgilius
1050 1455 1099 1506 IV.
1117 1455 1209 1518 Georg.
1222 1456 1278 1504 482.
1300 1455 1365 1504 Cae·

224 1537 257 1585 N.
275 1537 309 1586 A.
326 1536 774 1599 V.14.interpretatur‚estcanum,
813 1538 945 1598 ratemque
968 1538 1093 1598 implexae
1120 1537 1233 1584 crinitas
1263 1549 1365 1596 αηριισι.

224 1616 324 1678 quando
349 1618 456 1666 candum
481 1619 612 1666 clementer
637 1622 663 1664 et
685 1617 775 1664 bhtnde
813 1615 874 1663 Vid.
899 1613 986 1663 Heius.
1011 1613 1043 1661 ad
1068 1612 1141 1663 Ovid.
1171 1613 1220 1662 IV.
1258 1613 1365 1662 Metam.

225 1702 328 1744 rrtovent.
813 1694 869 1741 494.
895 1690 986 1741 Omnia
1002 1692 1079 1742 MSS.
1096 1698 1126 1740 ut
1142 1692 1366 1749 videtur,servant

257 1775 356 1822 Intorti
372 1774 473 1836 capillis
506 1773 676 1821 Eumenritum
694 1788 772 1821 recre-
812 1774 914 1830 intorti,
931 1777 1028 1835 praeter
1045 1771 1101 1821 Ms.
1135 1771 1195 1818 Van
1216 1770 1260 1818 der
1275 1770 1366 1832 Bonrg

225 1857 415 1914 naturaeques.
443 1850 559 1912 Plerique
570 1851 657 1913 poetae
668 1866 773 1911 αιιριιιιιι
813 1852 924 1899 intortas.
962 1848 1044 1900 Credo
1076 1849 1209 1898 Horatium
1239 1847 1366 1910 scripsisse

223 1931 340 1979 feminino
357 1944 446 1993 genere
466 1929 579 1979 efferunt.
612 1930 668 1978 Hoc
690 1928 772 1977 obser·
813 1931 932 1978 intortae.

714 2059 876 2085 ⁴0⁶³·-

602 2185 849 2252 OARMEN
893 2185 984 2249 XIV.

402 2325 517 2405 Eheu!
541 2339 691 2424 fugaces,
716 2340 891 2420 Postume,
917 2338 1090 2419 Postume,

403 2443 573 2508 Labuntur
596 2442 690 2525 anni,
715 2464 774 2506 nec
797 2441 902 2526 pietas
925 2462 1050 2505 moram

447 2546 552 2631 Rugis
576 2551 610 2610 et
632 2544 772 2610 instanti
796 2550 945 2609 senectae

487 2649 613 2714 Afferet
636 2649 879 2733 indomitaeque
903 2646 1010 2711 morti.

399 2752 494 2833 Non,
522 2752 550 2816 si
575 2751 732 2833 trecenis,
758 2755 919 2835 quotquot
942 2739 1022 2814 eunt
1045 2747 1134 2829 dies,

400 2853 534 2937 Amice,
558 2855 667 2938 places
692 2853 962 2937 illacrymabilem

445 2956 589 3022 Plutona
613 2956 735 3038 tauris,
760 2956 816 3040 qui
840 2960 888 3021 ter
911 2956 1059 3040 amplum

491 3059 663 3143 Geryonen
685 3058 867 3144 Tityonque
891 3057 979 3122 tristi

372 3227 524 3278 CARMEN
542 3227 617 3278 XIV,
809 3202 833 3250 si
850 3199 966 3257 trecenis,
988 3203 1109 3261 quotquot
1125 3201 1186 3246 eunt
1203 3198 1256 3246 dies
1280 3199 1364 3247 Anni.

580 3300 582 3302 ’
810 3296 868 3343 que,
882 3280 969 3341 places
985 3291 1022 3339 sq.
1047 3277 1079 3325 In
1091 3276 1169 3326 Mss.
1181 3290 1254 3339 saepe
1270 3277 1362 3326 scribe.

253 3324 383 3408 Instanti
398 3366 517 3410 correctae.
552 3359 682 3408 Plutarch.
696 3359 769 3423 Sym·
810 3359 883 3407 batur
909 3359 997 3407 eunice
1021 3370 1066 3419 pro
1091 3357 1211 3418 αααὶριιε,
1238 3358 1305 3420 quod
1332 3357 1365 3405 ab

220 3453 271 3501 pos.
290 3438 362 3486 Tom.
379 3438 429 3486 III.
452 3454 475 3500 p.
493 3439 550 3486 664.
577 3437 770 3501 προσευχόμεθα
810 3440 888 3488 amice
904 3437 966 3485 nihil
980 3435 1068 3485 differt.
1085 3435 1143 3484 Non
1154 3435 1176 3482 si
1186 3435 1296 3498 quotidie
1308 3440 1363 3483 tau·

220 3518 288 3582 αὐτῇ
297 3516 415 3581 λέγοντες
426 3517 454 3565 ἐν
468 3521 522 3573 τοῖς
535 3521 587 3565 τῶν
595 3517 661 3565 θεῶν
672 3515 768 3579 ὕμνοις·
810 3532 850 3565 ros
867 3523 977 3565 trecenos
993 3521 1085 3563 maeres
1101 3529 1146 3578 per
1162 3520 1242 3562 totum
1260 3529 1363 3574 annum,

219 3594 347 3656 Ἀνάβαλε
382 3595 435 3643 ἅνω
462 3595 491 3642 τὸ
524 3597 619 3658 γῆρας,
653 3594 672 3640 ὦ
703 3593 769 3642 καλὰ
809 3593 882 3659 idque
902 3596 1007 3658 singulis
1025 3595 1096 3644 annis
1111 3600 1215 3658 repetas.
1250 3593 1278 3644 Si
1295 3594 1363 3641 omni

220 3673 357 3739 Ἀφροδίτη.
809 3681 920 3737 tempore
937 3673 1069 3722 sacrifices:
1088 3672 1145 3722 ὅσαι
1159 3671 1246 3738 ἡμέραι
1260 3673 1302 3720 καὶ
1314 3672 1363 3722 ὅσα

253 3754 353 3810 Amice,
373 3752 458 3814 places
475 3753 682 3814 illacrymabilem
705 3753 769 3799 Pla·
809 3753 859 3813 ἔτη.
894 3753 1018 3801 Homerus
1045 3750 1135 3815 Odyss.
1157 3750 1189 3803 Ξ.
1211 3751 1250 3799 93.
1268 3748 1362 3800 “Oscae

219 3837 285 3879 tenc.
308 3829 386 3878 Modo
402 3829 476 3877 dixit:
495 3832 624 3890 Postume,
640 3833 768 3880 Postume.
809 3834 857 3897 γὰρ
874 3833 962 3890 νύκτες
979 3849 1005 3880 τε
1022 3832 1064 3879 καὶ
1080 3828 1168 3896 ἡμέραι
1179 3829 1206 3878 ἐκ
1217 3829 1278 3886 Διός
1289 3828 1360 3878 εἰσιν.

219 3909 272 3959 Cur
289 3910 395 3958 eundem
410 3923 478 3955 nunc
490 3909 580 3956 iterum
593 3909 768 3972 alloqueretur,
811 3914 874 3960 Dies
894 3917 919 3960 et
940 3911 1013 3967 nani,
1035 3912 1111 3958 horae
1130 3914 1156 3958 et
1177 3921 1269 3957 maces
1289 3922 1362 3971 saepe

218 4002 268 4036 non
285 3990 363 4038 video.
397 3987 535 4037 Inveniunt
559 3993 643 4037 tamen
668 3990 708 4037 hic
733 3990 768 4038 in·
809 3991 996 4052 coniunguntur
1016 3989 1048 4037 ad
1068 3987 1226 4037 indicandam
1242 3989 1361 4050 temporis

219 4073 336 4131 terpretcs
357 4065 439 4115 nescio
461 4081 535 4130 quem
553 4067 629 4115 animi
646 4066 767 4116 affectum.
809 4070 990 4132 longitudinem
1018 4074 1043 4117 et
1072 4067 1224 4116 celeritatem
1248 4072 1358 4129 praeter-

219 4145 311 4204 Credo,
328 4148 349 4196 si
365 4149 390 4196 in
408 4148 480 4208 poeta
497 4147 632 4197 recentiore
648 4148 768 4210 legerent,
808 4150 902 4208 euntis,
928 4149 969 4196 vel
992 4147 1046 4195 aliis
1063 4145 1089 4192 in
1106 4145 1186 4194 rebus.
1217 4145 1305 4195 Cicero
1317 4145 1360 4196 Se·

218 4227 357 4274 necessitati
389 4240 475 4274 versus
504 4225 648 4275 absolvendi
676 4227 767 4276 tribue-
808 4233 872 4276 nect.
900 4228 937 4275 19.
982 4227 1071 4275 Herae
1094 4225 1194 4286 quidem
1218 4226 1310 4273 cedam
1335 4230 1361 4272 et

219 4312 280 4354 rent.
314 4308 372 4356 Meo
387 4306 478 4355 iudicio
496 4307 623 4355 venustius
640 4313 689 4356 est:
710 4309 768 4356 Noa
808 4309 861 4356 dies
884 4311 909 4356 et
935 4319 1027 4355 ruentes
1050 4305 1164 4354 attereret.
1206 4302 1295 4352 Horat.
1322 4303 1359 4352 Il.
