2916 5220
539 312 712 375 LlBEli
759 314 803 374 ll.

284 499 407 575 Absint
430 499 522 563 inani
547 499 659 563 funere
683 498 817 562 naeniae

278 603 465 688 Luctusque
489 608 599 687 turpes
623 608 656 668 et
679 603 916 687 querimoniae:

322 706 499 791 Compesce
523 707 719 788 clamorem,
745 729 782 772 ac
806 706 946 791 sepulcri

364 810 462 874 Mitte
486 831 701 895 supervacuos
726 810 876 875 honores.

94 954 155 986 ram
169 940 269 1000 peritas
284 937 350 987 idem
375 936 418 999 qui
435 952 483 985 usu
501 938 601 999 peritae
622 943 647 985 et

96 1032 146 1065 rara
171 1019 259 1067 doctae
283 1016 431 1079 appellatur.
465 1014 595 1064 Ausonius
620 1015 646 1062 in

96 1095 200 1157 Septem
218 1094 386 1159 sapientibus:
411 1097 469 1144 Non
486 1103 570 1142 ramea
584 1109 646 1156 pra·

95 1175 218 1223 deteritur.
239 1175 307 1232 Quos
323 1175 408 1223 mccii
425 1188 496 1230 usus,
513 1178 537 1221 et
553 1173 648 1234 peritos

94 1253 217 1301 reddidit.
250 1251 354 1302 Mallem
371 1253 397 1300 in
413 1251 530 1301 Horatio:
544 1251 591 1298 Me
605 1265 646 1312 pe-

95 1333 167 1378 ritas
190 1333 288 1381 Discere
305 1333 375 1379 Iber.
401 1329 500 1388 Colchi,
510 1328 586 1384 Daci,
599 1326 646 1375 Ge·

96 1409 149 1458 loni
166 1424 205 1457 me
222 1416 336 1469 noscent,
355 1423 395 1457 me
411 1408 480 1465 Iber,
498 1407 591 1469 peritus
612 1406 646 1453 di-

97 1502 166 1537 scere
185 1489 296 1536 carmina
318 1490 458 1552 poetarum,
482 1501 542 1550 gens
554 1486 647 1534 'litera-

97 1581 155 1614 rum
180 1582 231 1615 non
256 1567 337 1626 rudis,
363 1567 407 1615 sed
428 1565 584 1614 humanitate
605 1579 647 1612 cx·

97 1645 176 1693 culta.
211 1646 305 1695 Docere
321 1651 346 1693 et
363 1647 457 1694 discere
476 1644 573 1707 proprie
590 1642 648 1690 dici-

98 1731 141 1771 tur
158 1724 188 1771 de
204 1723 366 1784 carminibus,
391 1724 440 1772 rid.
458 1724 603 1785 interpretes
616 1723 647 1768 ad

99 1801 174 1852 Ouid.
192 1802 242 1850 111.
260 1802 328 1850 Fast.
345 1803 402 1851 326.
419 1801 506 1857 Adde,
528 1801 595 1863 quod
612 1816 650 1848 me

98 1887 213 1938 resecent,
233 1897 272 1929 me
292 1883 383 1940 discet,
408 1894 497 1942 parum
523 1877 649 1927 differunt.

99 1959 263 2008 Alterutrum
280 1959 377 2007 sufficit.

134 2040 229 2088 Absint
244 2040 317 2087 inani
327 2039 422 2101 funem
437 2038 550 2085 naeniae.
567 2037 648 2084 Inter-

100 2123 194 2180 pretes‚
216 2132 324 2165 crassam
345 2116 414 2164 illam
439 2114 651 2177 Metamorphosin

101 2197 272 2254 admittentes,
284 2195 428 2258 intelligunt
437 2195 591 2257 sepulturam
600 2194 653 2242 sinc

102 2289 215 2339 corpme,
253 2274 433 2336 cenotaphium.
473 2273 500 2322 Si
534 2273 653 2321 Horatius

101 2354 201 2417 scripsit
211 2352 392 2416 inaaifanera
402 2352 592 2413 intelligendum
601 2357 651 2408 est,

101 2449 160 2483 eum
176 2432 253 2480 funus
269 2431 332 2479 nihil
349 2445 459 2490 curasse;
476 2436 504 2477 ut
521 2444 570 2479 non
582 2444 651 2479 cura-

101 2512 145 2560 bat
160 2511 306 2567 Maecenas,
314 2511 345 2558 de
353 2524 403 2573 quo
414 2509 509 2559 Seneca
519 2508 600 2571 Epist.
611 2510 651 2557 92.

102 2593 395 2651 Neminemdesapremo
405 2590 559 2652 ‹fficioroqa
578 2590 653 2639 Nulli

101 2673 225 2734 reliquiae
232 2672 452 2719 masconrnrenda.
468 2670 571 2718 Diserte
579 2670 652 2719 Mee-

687 938 750 998 qaid
764 938 856 985 inania
867 936 948 999 fertis
966 938 1133 999 lastaropie?
1149 935 1237 985 Valer.

688 1014 771 1063 Elacc.
797 1014 831 1064 V.
859 1017 899 1064 29.
925 1017 968 1065 aia
994 1016 1104 1065 menrbra
1128 1015 1238 1076 lieentia

688 1094 789 1140 tandem
808 1094 952 1155 Imposuere
968 1109 1038 1156 repo,
1065 1097 1239 1158 lacrymasque

687 1177 711 1218 ei
729 1187 834 1219 rrranera
844 1172 960 1233 flonensis
985 1175 1058 1220 Vana
1080 1173 1182 1235 fauni.
1201 1171 1239 1222 Si·

688 1248 736 1297 lius
753 1250 787 1297 X.
805 1251 861 1299 536.
890 1251 1012 1312 Officium
1029 1251 1123 1313 infelix
1144 1256 1169 1299 ei
1185 1267 1238 1300 ma-

688 1343 736 1375 nas
756 1330 831 1378 inciae
850 1332 973 1391 parentis.
1016 1330 1111 1376 Inanee
1134 1330 1239 1378 naeniae

688 1405 823 1468 appellavit
847 1407 967 1455 Prudent.
990 1406 1105 1456 Cathem.
1128 1407 1176 1455 XI.
1198 1407 1238 1455 34.

687 1500 838 1548 quamquam
856 1485 905 1533 alio
922 1499 1003 1534 sensu.

721 1563 974 1626 Mittesupervacaos
988 1566 1098 1612 honores.
1112 1563 1179 1611 Plin.
1189 1562 1239 1610 IX.

687 1642 767 1706 Epist.
788 1645 824 1692 19.
848 1645 970 1704 Impense
987 1644 1139 1692 monumenti
1155 1657 1240 1704 super·

687 1737 768 1771 uacua
785 1728 829 1771 est.
848 1724 975 1771 Meritoria
991 1724 1071 1771 austri
1088 1723 1200 1778 durabit,
1217 1723 1241 1769 si

688 1804 743 1850 viia
763 1804 906 1850 meruimus.
935 1801 1055 1849 Horatius
1077 1800 1180 1848 nolebat
1204 1799 1240 1847 la-

689 1880 780 1942 crymis
806 1880 930 1937 decorari,
952 1894 1022 1936 cum,
1048 1879 1119 1942 quia,
1140 1885 1169 1926 ut
1190 1879 1241 1926 En·

690 1959 746 2007 nius
764 1959 793 2006 de
810 1973 836 2007 se
852 1958 961 2018 dicebat,
983 1962 1056 2008 viras
1074 1975 1122 2021 per
1139 1974 1185 2008 ora
1206 1960 1241 2007 ei·

690 2038 747 2087 rara
764 2040 894 2096 uolitabat,
911 2045 972 2095 tum,
990 2038 1049 2101 quia
1064 2044 1240 2100 postmortem

690 2116 750 2166 felix
767 2125 820 2165 erat
836 2117 944 2174 futurus,
953 2132 1002 2165 non
1020 2117 1110 2181 Stygia
1126 2116 1240 2165 cohiben-

690 2196 736 2244 dus
753 2197 832 2256 unda,
850 2197 934 2246 sedin
956 2211 1055 2259 campos
1076 2196 1177 2259 Elysios
1199 2195 1240 2244 vel

691 2276 787 2325 coelum
804 2277 865 2325 adeo
884 2277 1040 2333 avolaturus,
1061 2289 1110 2339 quo
1131 2289 1178 2322 sua
1194 2274 1240 2337 ipsi

691 2354 769 2415 pictas
786 2368 846 2416 erga
867 2354 1036 2402 Maecenatem
1058 2352 1105 2399 iter
1122 2352 1241 2400 munivis-

691 2438 737 2479 set.
775 2432 881 2480 Romani
905 2431 1070 2479 immortalem
1097 2429 1239 2478 felicitatem

692 2511 727 2558 ita
743 2526 814 2574 saepe
835 2511 1018 2574 significabant,
1039 2517 1068 2557 ut
1089 2510 1197 2558 Tartara
1217 2517 1242 2557 et

692 2589 801 2639 infernas
818 2590 886 2639 sedes
903 2589 973 2638 coelo
989 2595 1014 2638 et
1034 2590 1127 2651 campis
1148 2588 1242 2651 Elysiis

692 2677 850 2733 opponerent.
876 2669 963 2720 Cicero
979 2669 1009 2716 de
1018 2668 1100 2717 Amic.
1118 2669 1141 2716 3.
1164 2671 1201 2716 Ut
1212 2682 1243 2716 ea

101 2751 284 2811 cenasinquit:
301 2751 373 2798 “Nec
385 2751 510 2797 terrulam
527 2763 600 2810 caro,
616 2764 651 2798 ae·
693 2755 746 2798 iam
763 2753 815 2799 aito
832 2751 968 2811 diqnitutie
992 2750 1074 2810 meda
1092 2749 1126 2796 ad
1141 2761 1243 2810 eriperes

99 2829 167 2891 peiit
183 2829 291 2876 Natura
307 2827 431 2877 relictos.''
453 2827 503 2877 Sed
520 2827 652 2876 Maecenas
692 2832 809 2879 maiar
822 2833 889 2878 Deos
905 2831 999 2891 potius,
1009 2843 1085 2891 qaam
1102 2830 1137 2876 ad
1147 2827 1244 2891 inferos

103 2912 157 2955 erat
173 2905 300 2970 sepultus,
322 2912 347 2955 et
367 2907 487 2955 Horatius
503 2912 600 2969 optasse
617 2905 653 2953 vi·
691 2910 839 2970 perventae.
865 2905 960 2955 Tibull.
978 2905 1000 2953 1.
1018 2907 1042 2954 3.
1055 2906 1094 2956 57.
1112 2911 1244 2968 postquam

103 2985 305 3045 detur‚utiuxta
321 2985 492 3034 Maecenatem
509 2985 652 3047 quiesceret.
692 2987 723 3036 de
748 2986 877 3049 sepultura
902 3001 948 3034 sua
964 2986 1138 3042 mandaverat,
1163 2985 1243 3033 addit:

104 3063 239 3113 Suetonius
256 3064 378 3112 tranavit:
403 3065 536 3112 Hunccine
556 3069 581 3112 et
598 3079 652 3113 cea-
694 3067 745 3114 Sed
760 3082 809 3123 ine,
826 3067 892 3128 qaod
901 3065 1091 3127 facilisteaero
1107 3078 1164 3112 aaut
1181 3078 1243 3112 aem·

102 3145 174 3192 ditus
190 3147 230 3191 eet
245 3144 273 3190 in
289 3143 409 3192 currentis
426 3143 559 3205 Esquiliis,
577 3145 653 3190 iusta
690 3158 738 3203 per
754 3145 845 3201 amori,
864 3145 929 3204 Ipsa
950 3145 1031 3190 Venus
1053 3157 1153 3203 campos
1170 3144 1244 3191 ducet

104 3222 263 3270 Maecenatis
286 3223 419 3269 tamaium.
462 3220 552 3284 Itaque
577 3220 651 3268 birrus
693 3225 721 3270 in
738 3223 848 3284 Elysios.
882 3221 933 3270 Ubi
949 3234 1000 3267 non
1017 3219 1179 3283 cogitandum
1191 3235 1244 3270 esse

103 3313 152 3347 non
169 3299 349 3359 contemnebat,
361 3301 404 3348 sed
416 3300 522 3348 alicuius
533 3300 653 3349 momenti
693 3307 753 3362 puto
769 3301 800 3348 de
808 3301 906 3348 Venere
921 3299 1043 3356 Libitina,
1055 3299 1098 3346 sed
1109 3300 1172 3357 Dea,
1180 3312 1244 3361 quae

103 3378 218 3427 ducebat.
248 3380 359 3428 Luctum
384 3385 467 3428 autem
487 3386 512 3428 et
536 3394 652 3442 superva·
693 3381 740 3428 hoc
749 3379 852 3428 Tibullo
861 3386 961 3442 propter
970 3377 1114 3426 facilitatem
1126 3379 1151 3425 in
1161 3392 1244 3427 arnore

103 3471 163 3506 cuos
178 3458 283 3506 honores
298 3465 373 3508 vetat.
398 3459 536 3521 Legamus:
559 3461 654 3508 Absint
694 3459 841 3508 beneficium
862 3464 1005 3521 praestaret.
1031 3457 1176 3506 Pertinebat
1198 3458 1244 3506 hoc

104 3541 193 3588 inanes
202 3538 298 3602 sanare
313 3542 425 3588 numae.
454 3539 497 3589 Sic
513 3540 601 3602 legisse
617 3540 653 3587 vi·
695 3538 818 3586 etiamad
839 3538 1029 3586 consolationem
1051 3537 1187 3586 amicorum
1204 3551 1244 3586 su·

103 3617 195 3666 dentur
211 3616 371 3667 scholiastae.
381 3617 478 3668 Comm.
495 3618 572 3682 Cruq.
591 3621 653 3667 “In-

103 3697 162 3745 anis
177 3698 244 3746 enim
260 3698 346 3745 lactas
355 3698 393 3759 fit
410 3700 441 3746 de
457 3699 587 3747 mortua‘·
606 3699 653 3748 Su-

103 3789 206 3839 premas
222 3775 308 3833 honor,
327 3790 444 3834 munera,
455 3776 541 3838 fletus,
552 3783 577 3825 et
585 3777 653 3841 quid·

694 3618 837 3679 perstitum,
862 3623 891 3665 ut
912 3617 1002 3665 scirent
1019 3630 1074 3664 suos
1092 3631 1142 3665 non
1159 3617 1244 3665 Ache·

695 3705 766 3746 ronta
775 3697 860 3746 teneri.
878 3697 1003 3760 Exempla
1015 3697 1116 3759 collegit
1124 3697 1243 3745 Burman.

695 3778 721 3826 in
738 3778 843 3827 Anthol.
861 3779 944 3827 Latin.
961 3777 1020 3826 Vol.
1033 3778 1134 3839 II.pag.
1149 3775 1185 3823 10.
1202 3773 1245 3821 ubi

105 3855 165 3917 quid
182 3853 214 3902 ad
231 3854 384 3918 sepulturam
402 3855 544 3912 accedebat,
564 3856 654 3904 dicitur
695 3863 761 3905 recte
777 3864 850 3919 putat
865 3859 963 3920 poetam
979 3856 1117 3904 suavissimi
1128 3851 1245 3921 epitaphii

104 3940 194 3994 inane,
209 3935 271 3998 quia
286 3934 379 3982 mortui
390 3948 469 3997 neque
483 3936 601 3992 sentiunt,
613 3950 654 3984 ne·
696 3935 916 3984 verbaHoratiana
928 3936 954 3983 in
967 3936 1048 3982 animo
1063 3933 1189 3981 habuisse:
1205 3932 1245 3980 Ne

105 4030 155 4078 que
170 4014 207 4062 ita
220 4014 247 4061 in
264 4012 341 4060 vitam
357 4020 512 4061 revocantur.
530 4013 655 4076 Virgilius
693 4016 777 4076 pietas
799 4017 890 4076 ipnma
911 4029 1023 4076 superna
1042 4015 1098 4061 sede
1117 4015 1245 4072 receptam

105 4094 154 4143 XI.
172 4093 239 4143 Aen.
256 4094 296 4141 62.
317 4095 486 4142 Vauuraoesii
502 4094 655 4142 corraduntur
696 4094 807 4154 Lapeai,
840 4098 865 4140 et
889 4093 974 4141 laedat
1005 4093 1102 4139 lentina
1127 4090 1245 4138 tristitia.

105 4176 203 4223 bonore.
231 4170 305 4223 ovid.
322 4171 358 4219 Π.
376 4171 479 4219 Metam.
501 4172 558 4220 340.
573 4171 656 4233 fletae
697 4171 755 4218 Noa
773 4185 814 4233 epo
840 4172 982 4219 Tartareas
1001 4172 1138 4233 penetrabo
1161 4169 1246 4217 tristis

104 4253 228 4301 asinaria
236 4253 314 4301 marti
327 4252 655 4314 Muneradantiacrymas.
696 4251 874 4298 adandes-
891 4250 1000 4299 ateiris
1027 4250 1086 4297 Nan
1107 4251 1196 4298 arabe
1212 4250 1246 4298 lo·

105 4331 171 4381 Stat.
187 4331 236 4380 VI.
254 4330 334 4380 Theb.
349 4332 402 4380 168.
419 4333 480 4394 quid
490 4333 563 4387 dona
575 4333 656 4386 duces,
697 4330 744 4383 cis,
761 4344 805 4378 nec
821 4330 948 4378 cohibebor
966 4331 1045 4391 aquis.

1038 4412 1077 4473 12
1094 4411 1111 4441 *

599 4424 754 4444 -ι-οοοψ-
