2916 5220
543 316 716 380 LIBER
766 319 787 379 l.

187 503 329 592 Undique
350 504 529 588 decerptam
539 503 651 590 fronti
671 526 873 590 praeponere
894 505 1015 572 eliaam.

227 605 394 672 Plurimus
419 606 454 670 in
479 607 614 672 Iunonis
639 608 814 690 honorem,

180 710 309 795 Aptum
333 709 413 775 dicit
435 711 528 796 equis
551 710 658 795 Argoa
687 711 836 798 ditesque
860 713 1023 798 Mycenas.

87 839 175 901 glossa
190 838 347 901 superiorum
368 839 457 901 quidue
474 854 544 888 arces
561 855 639 887 annm
684 837 839 898 hexameter,
856 841 877 888 si
893 841 977 903 glossa
992 844 1103 891 cernane
1111 849 1233 906 perpetim

86 931 153 979 optes
168 922 243 977 eant,
264 916 371 965 formata
390 917 422 964 ad
443 916 516 967 Ovio.
539 917 559 965 I.
586 919 639 967 Me·
683 919 807 968 celebrare
826 919 939 967 versibus
956 919 1099 968 Horatianis
1115 927 1180 970 esset
1196 922 1231 968 in-

87 1002 149 1043 tam.
171 996 197 1044 3.
220 997 355 1059 primaque
378 998 410 1045 ab
434 998 529 1060 aripine
552 999 641 1044 mundi
683 994 790 1044 ferenda.
824 997 1009 1047 Grammaticus
1027 999 1100 1046 tinxit
1117 998 1231 1047 hexame-

88 1076 134 1122 nd
153 1091 210 1124 naen
227 1081 378 1138 perpetuum
398 1076 511 1124 deducite
527 1080 639 1137 tempora
683 1080 762 1131 trum,
784 1083 813 1123 ut
838 1077 925 1139 potuit.
960 1076 991 1123 In
1016 1091 1044 1124 eo
1069 1076 1150 1124 multa
1174 1087 1232 1124 suut

85 1168 199 1202 cannen.
232 1153 347 1201 Athenas
363 1155 487 1202 celebrare
502 1155 561 1201 satis
578 1163 639 1211 erat,
683 1155 813 1217 culpanda.
848 1155 1029 1218 Quamcunque
1047 1154 1177 1203 lectionem
1195 1172 1230 1204 se-

87 1239 118 1280 ut
134 1235 289 1289 laudabunt,
307 1238 332 1281 et
349 1233 418 1281 dieii.
452 1231 509 1291 Quo
526 1232 637 1280 additum
682 1235 774 1295 queris,
786 1233 948 1282 difficillimus
959 1241 996 1283 est
1007 1234 1143 1291 intellectu,
1155 1235 1230 1283 etiam

85 1313 215 1360 ommino?
232 1310 287 1358 Hoc
303 1311 384 1373 ipsum
400 1310 561 1372 intelligitur,
579 1312 640 1374 quia
682 1319 736 1373 post
766 1313 866 1374 longam
896 1313 1085 1375 disputationem
1115 1313 1230 1362 Bentleii.

86 1390 302 1452 poita,laudator
314 1391 487 1445 Tiburis,non
498 1391 546 1437 nisi
556 1392 639 1453 poitas
683 1391 735 1438 Nec
760 1393 903 1454 quisquam,
929 1399 1001 1454 puto,
1029 1392 1231 1454 interpretabitur

86 1469 232 1518 laudatores
248 1470 407 1518 Athenarum
426 1469 525 1531 cogitat.
559 1470 638 1532 Inpri-
682 1485 713 1518 ex
732 1468 820 1519 Ovidio
838 1472 858 1519 Ι.
873 1470 931 1519 Art.
950 1472 1009 1519 Arn.
1030 1472 1082 1519 108.
1112 1473 1231 1530 Qnrrlibet

87 1548 137 1594 mis
158 1554 242 1596 antem
263 1548 362 1597 dedecet
378 1549 506 1596 nominare
522 1549 639 1597 carminis

87 1640 183 1688 genus,
199 1633 225 1675 et
240 1626 321 1676 dicere
335 1631 491 1690 perpetuam.
527 1626 555 1676 Si
571 1627 638 1675 enim

87 1705 155 1753 hanc
176 1719 260 1754 vocem
282 1706 426 1768 descriptis
444 1706 550 1753 aliorum
568 1720 638 1754 usur-

87 1799 190 1847 pemus,
215 1800 245 1833 ea
268 1785 298 1833 fit
321 1785 498 1849 propemodum
519 1786 637 1834 technica.

87 1864 189 1914 Laudes
218 1863 411 1913 Atheniensium
442 1872 566 1912 canuntur
593 1881 640 1927 per

85 1949 190 2006 parter,
210 1944 320 2005 carptim
339 1949 364 1992 et
380 1950 503 1991 canuntur
518 1949 639 2006 perpetuo

87 2023 215 2080 carmine,
226 2036 275 2086 quo
288 2022 391 2070 historia
400 2022 504 2070 laudum
521 2023 552 2071 ab
568 2022 639 2070 initio

87 2101 121 2148 ad
138 2101 215 2150 finem
231 2101 378 2150 continetur.

122 2182 241 2244 Undique
249 2184 391 2244 decerptam
393 2181 480 2244 fronti
486 2196 640 2244 praeparere

88 2261 189 2309 olivam.
218 2260 314 2308 Eadem
330 2259 442 2307 omnium
459 2260 536 2310 MSS.
554 2261 638 2320 lectio,

88 2354 167 2403 quam
191 2340 298 2387 mutavit
318 2338 437 2386 Erasmus
461 2339 487 2386 in
509 2341 640 2400 decerptae

82 2421 190 2482 frondi,
211 2433 280 2474 vere,
302 2417 422 2466 iudicibus
439 2418 597 2466 Broulrhusio
614 2424 640 2466 et

88 2496 274 2561 Oudendorpio.
317 2496 469 2547 Schraderua
497 2496 638 2559 ingeniose:

89 2579 205 2640 Indeque
224 2579 366 2638 decerptam
380 2576 468 2639 fronti
486 2591 639 2638 praeponere

88 2657 194 2714 olivam,
209 2670 242 2703 ex
258 2662 449 2703 commentatore
471 2654 589 2717 Cruquii,
614 2657 639 2704 ni

90 2733 177 2795 fallor,
202 2735 245 2797 qui
273 2735 308 2782 sic
332 2735 522 2798 interpretatur:
553 2735 638 2782 Unam

89 2815 204 2862 ommium
217 2819 255 2861 eet
267 2815 418 2876 aliquorum,
434 2815 552 2870 laudibus
562 2816 638 2862 Athe·

89 2907 183 2940 narnm
200 2893 311 2941 ἀὶεεηάῑζς
327 2909 428 2956 operam
445 2895 519 2951 dare,
540 2898 566 2940 et
582 2894 640 2941 inde

88 2972 196 3033 pieriam
211 2987 336 3035 quaeram.
371 2972 494 3020 Remanet
505 2969 638 3019 difficultas

90 3053 115 3098 in
134 3051 211 3100 verbo
226 3067 384 3114 praeponere.
413 3050 542 3099 Bentleius
559 3057 637 3099 osten·

90 3131 127 3178 dit
144 3128 191 3177 hoc
206 3144 251 3192 per
266 3136 383 3177 naturam
393 3129 495 3191 linguae
511 3129 638 3178 Romanae

88 3216 115 3258 et
131 3208 319 3256 similitudinem
337 3207 446 3258 Graecae
454 3209 502 3256 diei
512 3223 582 3271 posse
593 3224 637 3272 pro

88 3290 228 3350 imponere,
260 3288 369 3350 einpere,
396 3289 566 3350 praeeinpere,
595 3288 637 3336 sed

89 3368 187 3416 dictum
203 3381 267 3423 esse,
284 3381 334 3415 non
350 3367 464 3415 ostendit.
489 3368 576 3430 Neque
592 3383 636 3416 ex-

88 3446 202 3509 emplum
227 3446 308 3494 adhuc
331 3452 456 3508 repertum
480 3454 518 3494 est
545 3461 637 3504 unum,

88 3525 149 3574 lieet
169 3527 250 3589 ipsum
270 3525 362 3573 factum
383 3539 465 3574 coriae
475 3525 571 3588 fronde
587 3528 637 3575 ein·

87 3606 164 3668 pendi
180 3605 315 3654 sexcenties
332 3603 399 3667 apud
415 3604 500 3666 poetas
516 3610 637 3652 occurrat.

88 3684 148 3746 Ego
163 3691 293 3747 propterea
308 3697 407 3748 quoque
423 3682 502 3731 abieci
517 3683 637 3730 coniectu·

88 3777 158 3819 ram,
178 3777 242 3825 quae
261 3764 323 3813 mihi
340 3763 471 3825 aliquando
487 3777 537 3810 non
555 3763 637 3826 displi-

88 3841 174 3890 cebat:
221 3844 293 3891 Unde
316 3848 392 3906 queat
416 3842 495 3904 capiti
517 3841 638 3904 frondem

85 3935 242 3985 praeparcae
258 3922 342 3970 olivae.
376 3920 459 3968 Etiam
481 3921 588 3983 cogitavi
605 3935 638 3968 an

86 4000 155 4048 oliuo
180 3999 288 4062 undique
311 4001 428 4062 decerpta
456 4005 531 4057 esset,
562 4015 637 4062 quam

87 4077 184 4140 virgil.
206 4078 255 4126 111.
278 4077 367 4141 Georg.
385 4079 425 4126 21.
443 4085 514 4126 vocat
532 4084 636 4128 tonsam.

683 1550 797 1598 hirenius
811 1549 907 1612 frorale
932 1556 1026 1614 tepente
1049 1566 1139 1608 corrone,
1163 1550 1229 1612 quod

682 1634 757 1685 esset,
775 1635 804 1677 ut
824 1629 911 1677 Burm.
933 1629 1091 1692 opinabatur:
1118 1635 1229 1677 “sacram

682 1707 762 1755 oleam
773 1708 923 1756 carminibus
931 1707 1050 1756 extollere
1059 1724 1135 1771 supra
1143 1724 1228 1771 quam·

683 1785 743 1835 libet
765 1786 892 1835 herbam.”
927 1789 1088 1850 Praeponere
1114 1802 1163 1836 non
1189 1803 1228 1835 su-

683 1866 760 1912 mitur
776 1880 822 1928 pro
846 1867 948 1928 maome.
982 1867 1016 1914 Et
1039 1867 1160 1914 Horatius
1183 1867 1229 1914 hoe

683 1950 780 1992 tantum
801 1945 908 2007 quaerit,
933 1945 976 2006 qui
992 1961 1054 2008 quas
1079 1945 1152 1995 urbes
1177 1946 1229 1994 lau·

683 2023 796 2071 darerint
807 2031 832 2071 et
841 2023 987 2070 habitandas
996 2026 1231 2081 commendaverint,

683 2116 732 2150 non
749 2103 846 2165 quaerit
863 2102 893 2150 de
909 2103 1031 2164 captanda
1045 2103 1126 2166 gloria
1137 2104 1168 2151 ab
1179 2110 1231 2152 arte

683 2183 784 2245 poitica.
810 2182 903 2230 Vivere
913 2197 1002 2239 amem,
1011 2183 1069 2230 elicit
1078 2183 1231 2240 hic,Rhodi,

683 2260 726 2309 ille
748 2259 861 2310 Corinthi
883 2261 914 2308 ad
935 2262 984 2309 duo
1005 2263 1084 2309 maria
1100 2263 1173 2318 sitae,
1191 2262 1231 2309 hie

684 2340 789 2397 Thebis,
822 2341 864 2387 ubi
892 2340 1005 2388 Bacchus
1030 2340 1162 2396 habitavit,
1189 2340 1250 2387 ille.

684 2418 805 2476 Athenis,
822 2418 865 2465 ubi
883 2418 982 2476 Pallas,
1000 2418 1062 2466 alter
1079 2419 1170 2480 Argis,
1188 2418 1230 2465 ubi

684 2498 754 2545 Iuno.
780 2497 891 2545 Atride
908 2497 1053 2546 brevitatem
1069 2498 1096 2545 in
1115 2497 1229 2559 reliquis:

684 2577 821 2626 laudabunt
849 2577 967 2633 Rhodon,
996 2575 1137 2638 Ephesum,
1171 2575 1230 2622 dicit

683 2657 774 2719 Argos.
802 2657 869 2706 Aliis
884 2670 952 2704 arces
968 2654 1080 2703 Palladis
1092 2669 1152 2716 opus
1164 2663 1228 2701 sunt.

683 2737 756 2786 Unde
773 2744 843 2785 tanta
863 2735 979 2784 orationis
999 2733 1185 2791 dissimilitudo,
1203 2740 1230 2781 ut

682 2815 723 2863 hic
749 2817 876 2865 adiecisset
896 2820 1017 2878 perpetuo
1041 2815 1152 2862 earnrine
1172 2815 1230 2862 eele-

682 2896 756 2944 brare
788 2899 813 2942 et
835 2907 988 2956 praeponere
1014 2891 1101 2954 fronti
1140 2892 1229 2940 olivam

682 2975 791 3036 undique
808 2974 963 3034 decerptam?
994 2970 1075 3032 Quid?
1092 2971 1158 3034 quod
1175 2970 1228 3017 inli-

682 3059 750 3100 cetus
776 3052 931 3108 hexameter,
957 3066 987 3099 ne
1012 3051 1071 3098 satis
1100 3057 1156 3113 apte
1177 3049 1228 3112 qui-

682 3131 738 3179 dem
759 3140 855 3179 assutus
876 3137 920 3179 est.
959 3129 1143 3179 Grammaticus
1163 3129 1228 3176 enim

680 3209 814 3258 Horatium
839 3210 897 3258 fecit
922 3209 1054 3258 dicentem:
1081 3208 1159 3267 Sunt,
1185 3209 1229 3272 qui

682 3289 728 3338 hoc
745 3290 816 3337 unice
834 3294 923 3350 agunt,
945 3287 1053 3350 quotidie
1074 3287 1136 3334 nihil
1159 3288 1227 3334 aliud

682 3375 773 3432 agunt,
798 3368 846 3415 nisi
871 3366 976 3414 laudant
992 3365 1119 3423 Athenas,
1140 3376 1165 3414 et
1182 3367 1227 3415 sibi

682 3461 797 3495 coronam
813 3447 956 3508 imponunt:
974 3443 1064 3506 quibus
1075 3458 1154 3491 unum
1166 3459 1227 3508 opus

681 3532 718 3574 est
743 3538 859 3573 eoronam
884 3523 1016 3585 imponere.
1060 3522 1169 3581 Corona,
1201 3525 1227 3572 ni

681 3604 762 3661 fallor,
779 3602 855 3652 semel
872 3602 1017 3664 imponitur,
1029 3616 1101 3665 opere
1114 3602 1227 3665 perfecto.

684 3685 780 3733 Corona
801 3689 838 3732 cst
859 3681 928 3738 finis,
949 3684 1064 3744 plaudite
1085 3681 1227 3732 Comoedia-

682 3777 746 3810 rum.
781 3762 839 3811 Dici
855 3767 945 3824 potest:
964 3775 1041 3808 unum
1058 3775 1119 3824 opus
1136 3768 1173 3809 cst
1190 3761 1227 3808 illi

682 3841 822 3889 Minervam
839 3839 940 3887 laudare
957 3845 981 3886 et
996 3839 1053 3887 inde
1063 3852 1178 3887 coronam
1187 3857 1226 3901 pe·

681 3926 744 3978 tere,
761 3933 879 3982 quaerere
884 3954 892 3980 ,
908 3931 958 3965 non
972 3920 1101 3979 imponere.
1121 3918 1151 3967 G.
1163 3918 1226 3966 Her-

681 4013 786 4046 mannus
803 4011 901 4061 quoque
918 3997 990 4052 haec,
1007 4002 1133 4058 tamquam
1149 3997 1226 4060 expli-

681 4078 754 4126 candi
770 4090 858 4124 caussa
874 4075 969 4133 addita,
981 4075 1085 4124 Horatio
1095 4075 1225 4127 abiudicat.

86 4159 152 4220 Ipse
176 4162 254 4220 eaput
275 4163 361 4206 ioniae
375 4158 450 4222 foliis
471 4164 578 4206 ornatae
594 4161 637 4207 oli·
715 4155 1227 4219 PlarirnnainIunonishonoremAptara

86 4254 141 4287 vae.
158 4237 234 4286 Nunc
247 4237 485 4286 versaminfieetum
498 4251 637 4299 cumprae-
681 4237 743 4286 dicit
763 4237 832 4300 equis
849 4237 936 4298 Arpos.
970 4235 1027 4297 Ego
1047 4249 1143 4298 semper
1163 4236 1226 4284 iudi-

85 4317 190 4368 ccdente
207 4316 302 4366 sustuli.
336 4315 530 4366 Desiderebatur
550 4329 637 4379 nempe
681 4316 736 4365 cavi
760 4315 895 4377 legendum
920 4327 972 4362 esse
993 4316 1094 4373 bonae,
1124 4323 1148 4364 et
1171 4316 1226 4363 iun·

1073 4400 1092 4462 3
