2916 5220
524 336 549 397 lt
564 337 576 397 Ι
593 336 696 398 lllilt
742 335 798 398 lV.

273 521 336 601 Qui
360 521 428 586 dies
453 542 601 586 mensem
624 519 760 584 Veneris
785 520 930 583 marinae

361 624 476 689 Findit
498 624 664 710 Aprilem,

270 730 344 793 Iure
368 728 537 794 sollemnis
560 728 644 792 mihi
668 726 875 810 sanctiorque

272 832 380 896 Paene
404 831 509 896 natali
531 830 681 916 proprio,
706 829 794 914 quod
817 851 857 892 ex
881 830 941 893 hae

272 935 359 1000 Luce
383 935 553 1000 Maecenas
579 956 673 998 meus
698 932 868 998 affluentes

360 1038 499 1104 Ordinat
522 1059 635 1102 annos.

272 1141 465 1226 Telephum,
491 1163 588 1226 quem
612 1148 650 1206 tu
672 1139 777 1226 petie,
802 1139 992 1223 occupavit,

269 1245 345 1309 Non
369 1251 444 1310 tuae
469 1245 566 1310 sortis
595 1244 765 1325 iuvenem,
789 1242 902 1327 puella

274 1347 375 1413 Dives
399 1354 432 1413 et
454 1348 577 1412 lasciva
608 1352 763 1430 tenetque
786 1351 882 1429 grata
955 1364 966 1382 ·

363 1452 527 1536 Compede
551 1451 710 1515 vinctum.

274 1554 382 1620 Terret
405 1556 577 1620 ambustus
601 1553 773 1617 Phaethon
797 1573 910 1616 avaras

277 1657 373 1741 Spes,
399 1664 433 1723 et
456 1657 642 1742 exemplum
666 1677 764 1741 grave
787 1654 921 1739 praebet
943 1656 1011 1721 ales

272 1761 418 1846 Pegasus
447 1767 612 1827 terrenum
635 1759 780 1845 equitem
803 1763 958 1841 gravatus

362 1864 665 1950 Bellerophontemr

276 1967 409 2052 Semper
432 1974 471 2033 ut
493 1974 526 2032 te
549 1967 650 2052 digna
673 1987 808 2052 sequare
831 1973 883 2049 et,
908 1965 996 2030 ultra

275 2069 382 2148 Quam
405 2072 483 2136 licet
506 2093 634 2156 sperare
658 2070 749 2135 nefas
774 2070 938 2155 putando,

276 2172 448 2258 Disparem
472 2174 565 2239 vites.
613 2174 686 2258 Age
710 2174 793 2256 iam,
818 2194 965 2238 meorum

364 2277 459 2342 Finis
483 2299 651 2360 amorum,

275 2380 365 2465 (Non
390 2382 478 2446 enim
501 2382 638 2466 posthae
663 2380 730 2445 alia
753 2381 864 2445 calebo

274 2484 427 2574 Femina)
452 2487 603 2551 condisce
626 2485 759 2567 modos,
785 2484 927 2549 amanda

272 2586 359 2652 Voce
384 2611 464 2673 quos
489 2589 623 2654 reddas:
648 2587 840 2652 minuentur
863 2592 952 2650 atrae

365 2693 517 2759 Carmine
541 2714 643 2758 curae.

126 2842 291 2905 sanctiorque
315 2844 402 2892 Paene
423 2845 506 2890 natali
527 2845 638 2906 proprio.
681 2849 755 2906 gatur
772 2844 884 2906 Pegasus
901 2840 1042 2906 praebuisse
1053 2839 1229 2902 Bellerophon·

93 2920 190 2969 Statius
213 2920 248 2969 H.
275 2921 336 2970 silv.
354 2923 378 2972 7.
407 2923 427 2970 l.
455 2923 519 2970 diem
543 2923 639 2971 Lucani
680 2931 730 2972 tem
747 2938 823 2986 grave
840 2924 994 2987 exemplum,
1014 2922 1088 2985 idque
1104 2936 1133 2970 eo
1150 2928 1229 2969 osten-

88 3001 224 3060 proprium
248 3003 359 3050 uotalem
383 3003 501 3064 appellat.
539 3000 639 3048 Plinius
680 3004 756 3063 disse,
773 3006 839 3066 qaod
857 3003 1010 3067 gravabatur
1021 3009 1147 3051 terrenum
1160 3003 1228 3064 equi·

90 3079 141 3128 ΙΠ.
158 3080 239 3143 Epist.
256 3081 280 3130 7.
318 3082 419 3143 Vtrqtlli
443 3082 555 3130 natalem
579 3083 638 3129 reli·
680 3087 739 3130 tem.
788 3083 1005 3145 Bellerophontes,
1038 3086 1067 3126 ut
1100 3079 1226 3138 Pha'etou,

89 3159 181 3221 qiosim
195 3174 271 3221 quam
286 3174 360 3208 suum
370 3162 516 3209 celebrabat.
535 3159 639 3207 Pontius
679 3166 750 3208 erant
770 3161 896 3224 exempla,
922 3174 986 3222 quae
1011 3159 1108 3220 Iupiter
1134 3158 1159 3204 in
1176 3159 1229 3216 illo,

89 3235 205 3285 Paullin.
222 3237 307 3287 Carnu.
325 3253 381 3301 pag.
392 3239 431 3287 42.
454 3239 560 3287 Natalia
572 3245 639 3296 taur,
680 3239 793 3302 Pegasus
809 3241 834 3287 iu
847 3240 893 3287 hoc
904 3245 1052 3286 statuerunt.
1083 3238 1229 3298 (irruatur,

41 3364 44 3368 ,
89 3331 104 3363 o
120 3317 260 3366 clarissime
274 3317 378 3366 cereto
391 3319 476 3374 Felix,
487 3321 571 3366 uatali
580 3332 638 3380 pro·
680 3320 746 3382 quod
768 3325 850 3367 tumen
873 3331 932 3366 sono
953 3316 1020 3363 haud
1042 3316 1078 3362 ita
1094 3315 1164 3362 suavi
1180 3321 1228 3362 sta-

87 3397 147 3459 prio
163 3397 227 3444 milui
247 3398 339 3445 rarior.
374 3398 432 3444 Iota
457 3399 509 3446 dieo
534 3413 590 3459 erqo
614 3403 640 3446 et
680 3398 726 3446 tim
747 3398 857 3460 sequitur
880 3411 965 3444 vocem
989 3411 1077 3457 quare,
1095 3395 1230 3457 explicavit

88 3476 160 3524 nolis
176 3476 290 3524 solemnis
308 3477 421 3524 habenda
441 3478 514 3535 Quae
531 3479 577 3525 tibi
594 3493 638 3526 uo-
681 3477 803 3527 Graevius
820 3477 851 3524 ad
868 3476 958 3524 lustin.
976 3475 1038 3524 XX.
1051 3476 1075 3523 3.
1087 3480 1112 3522 et
1123 3474 1227 3538 interpr.

89 3554 160 3602 talia.
193 3552 344 3603 Censorinus
374 3554 404 3603 de
429 3555 479 3604 Die
503 3555 589 3604 Natali
614 3559 637 3609 3.
680 3557 712 3604 ad
728 3558 823 3607 Lucan.
840 3557 875 3605 V.
898 3556 958 3604 258.
975 3561 1004 3602 ut
1026 3552 1150 3602 Graecum
1176 3554 1229 3616 βα-

90 3633 174 3696 Nesas
189 3635 316 3692 arbitror,
331 3636 355 3682 al
371 3635 435 3682 diem
454 3639 538 3692 luunt,
555 3638 639 3697 quite
679 3637 818 3702 ρυνόμενος
836 3636 974 3699 ἔυντυχίαν
991 3633 1101 3690 Cratini,
1119 3633 1227 3682 Priscia-
1251 3635 1253 3640 '

89 3714 154 3760 milti
177 3714 206 3760 la
230 3713 295 3760 hauc
320 3714 397 3760 lucem
418 3713 510 3771 edidit,
527 3729 579 3762 aueo
595 3716 639 3762 illo
679 3728 735 3762 nus
769 3713 836 3762 Vide
857 3712 1018 3776 Spengeliurn
1040 3713 1071 3760 ad
1088 3713 1229 3761 Varronem

86 3791 193 3851 proprio
208 3792 373 3853 ueqliqentiua
388 3792 548 3839 celebravere.
681 3793 711 3842 dc
734 3794 837 3855 Lingua
861 3793 952 3841 Latina
976 3808 1033 3855 pag.
1063 3792 1119 3839 614.
1155 3792 1229 3840 Adde

126 3869 200 3926 Quod
214 3884 246 3917 ea·
264 3871 311 3917 hac
328 3869 405 3917 Luce.
439 3867 490 3928 Qui
506 3872 559 3918 dier
576 3871 638 3919 mihi
680 3871 980 3920 ArntzeniumadPliuii
991 3871 1178 3934 Panegyricum
1187 3872 1228 3919 45.

90 3948 200 3996 sanctior
217 3954 267 4004 est,
285 3947 351 4010 quod
368 3947 537 3998 exhacluce:
551 3965 640 4013 parum
680 3951 712 3998 In
741 3951 813 4000 Statii
840 3950 876 3998 11.
904 3950 999 3999 Achill.
1030 3952 1085 3999 143.
1121 3949 1229 3999 Caetera

88 4026 183 4074 Latina
198 4024 322 4075 videntur.
382 4014 391 4028 ⁵
681 4031 800 4092 depositis
817 4031 964 4091 Lycomedis
980 4032 1049 4092 reqla
1062 4032 1132 4078 curlo
1148 4032 1228 4078 Trau-

123 4107 236 4168 Peqaaue
261 4111 391 4154 terrenum
422 4109 529 4169 equitem
550 4124 640 4169 qraea
681 4111 762 4172 quilla
779 4111 825 4157 aab
840 4124 902 4171 paee
918 4111 983 4157 silet.
1018 4109 1068 4157 Sed
1089 4111 1161 4171 louqo
1185 4123 1227 4156 aa·

89 4191 141 4234 tua.
174 4185 257 4233 Locus
282 4184 369 4247 paullo
397 4184 468 4233 aliter
493 4190 530 4233 est
555 4187 640 4234 distin·
681 4190 736 4251 quei
775 4190 834 4236 Noa
860 4189 965 4249 Ithaco,
989 4189 1115 4250 laremque
1144 4191 1228 4250 erepit,

89 4263 217 4326 gnendus:
235 4266 363 4326 Peqaaua,
390 4271 518 4314 terrenum
535 4268 641 4328 equitem
680 4281 810 4329 tonsaeque
826 4271 960 4328 mouetur,
977 4266 1111 4329 legendum
1130 4267 1229 4314 ridetur

87 4348 222 4404 grauatus,
241 4344 464 4405 Bellerophontem.
502 4345 535 4394 Ut
551 4345 641 4395 intelli·
674 4361 835 4408 somnumque
850 4351 984 4407 murator.

597 4473 740 4499 aoso-u
