2916 5220
140 319 205 381 »114
613 337 797 382 annuens.

187 501 218 552 P.
235 502 276 561 64,
287 517 309 550 e.
327 502 370 552 Ad
388 503 513 565 disputata
536 504 660 565 pertinent
686 502 786 566 Polybii
809 505 912 566 Fregm.
929 505 945 564 ἡ
964 504 1065 562 σύνεσις
1085 505 1100 564 ἡ
1119 507 1275 555 curenciaco

138 581 166 629 iu
183 584 241 641 ταῖς
257 579 371 629 ἑκάστων
389 581 493 645 ψυχαῖς.
512 581 621 631 Senecoe
638 583 716 645 Epist.
734 584 774 631 31.
801 585 886 632 Deum
903 587 931 632 in
949 585 1058 632 hainone
1075 599 1179 647 corpore
1196 585 1275 647 bospi-

36 700 50 717 ,,
140 666 244 710 tantem.

187 738 218 787 P.
236 739 308 798 fida.
335 740 476 789 Horatium
500 754 549 787 non
570 753 673 801 uonosco
694 754 730 801 sq.
764 739 821 787 Hoc
841 753 926 788 meum
943 740 1038 787 dictum
1055 739 1174 788 nonnulli
1192 739 1276 805 inique

138 818 258 868 tulerunt.
292 817 420 880 Cogitant,
437 831 544 881 quaeso,
561 831 638 880 quem
656 832 767 867 severam
784 818 865 880 legem
890 819 1010 867 Horatius
1028 819 1084 867 eliis
1100 827 1126 868 et
1141 819 1191 868 sibi
1207 835 1276 883 prae-

139 899 272 961 scripserit.
309 899 351 948 llx
368 897 455 945 multis
481 911 604 960 apponam
625 897 807 946 chat.1.4.
833 901 991 961 nequeenim
1009 901 1154 950 corscludere
1177 915 1277 950 cereum

142 981 247 1028 Diceris
263 994 313 1028 eme
328 981 400 1027 sotis.
436 980 523 1041 Neque
538 981 562 1026 si
578 980 635 1041 quia
651 981 757 1037 scribat,
775 980 815 1026 uti
831 994 888 1036 nos,
906 977 1020 1029 Sermoni
1040 981 1178 1042 propiora,
1201 985 1278 1041 putes

138 1059 205 1107 bunc
220 1071 272 1107 esre
287 1058 394 1120 poitom.
429 1057 515 1116 Solve,
541 1057 587 1116 ait,
609 1057 670 1106 haec
686 1057 764 1106 Ennii
790 1059 949 1121 “Postquam
965 1059 1093 1108 discordia
1111 1063 1180 1107 tetro
1207 1059 1278 1108 Belli

131 1137 249 1197 ,serratos
272 1143 356 1200 postes
378 1143 515 1200 portusque
539 1137 669 1199 refrepitJ'
696 1139 820 1186 Inseruisse
842 1139 918 1186 etium
940 1139 1038 1186 disiecti
1054 1139 1166 1186 nsensbro
1181 1138 1278 1201 poitoe.

139 1216 172 1263 m
189 1217 268 1278 Epist.
286 1216 321 1265 Il.
341 1220 361 1266 l.
379 1218 412 1268 70
428 1231 463 1280 sq.
490 1218 565 1265 Inter
581 1232 644 1278 quoe
661 1219 766 1264 uerbum
778 1218 881 1265 emicuit
899 1219 922 1266 si
933 1218 1006 1282 sorte
1022 1219 1150 1273 dscmunr,
1179 1217 1211 1266 Si
1224 1233 1278 1266 oer-

137 1310 180 1342 eus
202 1298 291 1357 paullo
315 1298 457 1345 concinnior
480 1310 545 1343 unus
569 1302 593 1344 et
617 1297 692 1355 ulter,
726 1297 827 1345 Iniuste
843 1301 923 1345 totum
944 1298 1015 1344 ducit
1032 1298 1165 1360 venditque
1180 1297 1278 1359 poiseo.

138 1374 234 1424 Omitto
254 1375 299 1423 illa
320 1376 350 1424 de
368 1377 530 1425 mediocribus
548 1376 642 1438 poitis,
664 1377 695 1423 dc
715 1390 757 1424 ore
778 1392 869 1439 meque
890 1383 1025 1437 sonoturo,
1045 1377 1076 1424 de
1093 1377 1207 1439 lepitimo
1220 1377 1278 1439 poi·

139 1462 218 1512 mute,
234 1456 265 1503 de
281 1457 365 1504 anieno
375 1456 482 1504 censoru
493 1457 601 1513 bonesti,
618 1456 649 1503 de
659 1457 718 1504 etilo
733 1469 807 1517 saepe
821 1458 952 1516 vertendo,
970 1455 1027 1504 alia.
1060 1455 1095 1504 Et
1111 1455 1167 1518 quis
1185 1456 1277 1512 credat,

138 1536 273 1584 Horatium
289 1536 315 1583 in
332 1535 489 1585 Carminibus
515 1535 652 1598 scripsisse,
680 1549 743 1599 quae
760 1536 841 1584 multe
857 1536 1018 1598 reprehendi?
1042 1536 1206 1598 Argumenta
1221 1537 1275 1600 qni·

138 1618 195 1664 dem
213 1619 281 1664 “erat
299 1616 384 1671 borno,
401 1613 495 1662 iocatus
512 1621 563 1670 est,
585 1614 624 1662 edi
641 1604 734 1672 nbluit,
751 1615 818 1662 misit
838 1616 917 1662 amico
941 1614 1097 1677 epistolium,
1119 1614 1179 1661 deta
1204 1629 1279 1677 opera

138 1695 262 1757 peccavit,
290 1694 365 1743 lusit''
391 1693 462 1751 talia,
487 1694 601 1756 inquam,
624 1700 773 1756 argumente
798 1708 873 1757 qnam
898 1693 960 1741 nihil
986 1693 1099 1750 valeant,
1125 1707 1199 1742 nemo
1228 1709 1277 1742 non

139 1776 213 1824 uidet.

188 1856 218 1904 P.
236 1857 277 1913 66,
289 1871 310 1903 a.
337 1854 505 1904 conferantur
526 1855 587 1902 haec
610 1855 717 1903 Senecae
742 1855 772 1903 de
794 1853 879 1903 Benef.
897 1854 932 1903 II.
950 1855 991 1902 29.
1017 1855 1055 1901 Et
1079 1868 1136 1902 cum
1153 1855 1276 1915 quaedum

104 1984 111 1994 ,
138 1951 169 1984 ne
193 1937 259 1984 coire
283 1936 381 1997 quidem
410 1936 438 1981 in
462 1948 541 1981 unum
570 1935 676 1982 Natura
699 1936 833 1994 potiatur,
867 1938 897 1981 ut
918 1934 1074 1982 uelocitatem
1098 1947 1232 1995 corporum
1252 1937 1277 1979 et

138 2017 203 2063 riree
218 2028 293 2077 poree
311 2015 476 2062 animalibus:
499 2027 530 2061 er
551 2013 658 2061 diuersis
679 2027 709 2062 oc
733 2013 912 2061 dissidentibus
935 2013 1002 2061 bonis
1019 2012 1141 2059 borsdnem
1158 2026 1210 2059 non
1227 2027 1278 2059 esse

136 2095 312 2156 compositum,
329 2094 453 2140 iniuriom
470 2098 567 2143 vocant.

188 2173 220 2222 P.
237 2172 310 2233 70,a.
339 2169 454 2221 Oudend.
472 2171 503 2218 ad
522 2170 618 2233 Appul.
636 2171 740 2220 Metam.
758 2186 781 2233 p.
798 2171 848 2219 623
875 2184 920 2233 pro
936 2172 1005 2220 ouidi
1021 2169 1082 2232 legit
1099 2171 1151 2217 udi.

189 2253 219 2301 P.
237 2251 311 2310 755e..
337 2251 438 2312 Quanto
454 2250 544 2298 melius
561 2249 614 2311 ipse
630 2250 751 2298 Horatius
767 2250 848 2312 Epist.
865 2251 887 2299 Ι.
906 2251 929 2297 b.
948 2251 973 2297 4.
1007 2251 1072 2296 Vino
1094 2250 1161 2296 bibes
1183 2249 1276 2296 iterum

143 2335 227 2382 Tauro
243 2331 339 2393 diffuso
350 2357 382 2365 —
401 2331 448 2379 Sin
466 2331 553 2377 melius
569 2331 633 2391 quid
649 2331 734 2388 bobes,
751 2344 858 2390 arcesse,
875 2331 914 2379 uel
929 2329 1062 2390 impmium
1073 2327 1127 2388 fer.

187 2411 218 2459 P.
244 2411 285 2458 94.
320 2411 450 2456 Iuvenior.
484 2408 581 2463 Illene,
606 2408 692 2467 Dens,
715 2413 753 2456 est
775 2410 935 2464 invenustus,
959 2407 979 2454 si
1005 2403 1094 2453 Venus
1120 2419 1169 2454 non
1199 2407 1277 2454 adsit?

139 2490 244 2554 Propria
260 2496 285 2538 et
302 2488 410 2550 figurata
426 2488 508 2549 inepte
523 2488 711 2550 permiscentur.

187 2571 217 2619 P.
235 2570 309 2628 seb.
337 2569 538 2630 Mercuriusque.
566 2568 606 2615 De
631 2568 758 2615 Mercurio
784 2567 878 2617 Seneca
903 2568 933 2615 de
957 2565 1043 2614 Benef.
1067 2564 1089 2614 I.
1110 2567 1134 2613 3.
1160 2569 1233 2629 Erpo
1253 2575 1277 2616 et

140 2650 285 2699 Mercurius
304 2663 355 2694 uno
370 2652 431 2695 stoi.
468 2648 525 2695 Non
542 2648 602 2708 qum
619 2647 736 2709 beneficio
753 2649 837 2696 oratio
852 2648 1020 2703 commendat,
1041 2649 1085 2693 sed
1105 2647 1166 2707 quein
1182 2648 1278 2708 pictori

136 2731 175 2776 ito
191 2729 273 2778 υἰωηι
290 2732 335 2775 est.
369 2726 512 2775 Mercurius
529 2725 564 2773 ibi
581 2731 631 2773 stat
648 2739 706 2774 cnm
724 2724 827 2775 Gratiis.

186 2807 217 2855 P.
237 2807 292 2863 114,
305 2806 327 2853 b.
354 2805 483 2853 Iuvenalis
511 2804 564 2854 Sat.
582 2804 617 2852 X.
646 2805 700 2853 185.
728 2807 780 2854 Sed
802 2806 887 2868 qualis
904 2801 999 2853 rediit?
1025 2819 1111 2865 nempe
1138 2820 1189 2851 uno
1214 2821 1278 2852 noce

137 2887 248 2934 eruentis
274 2882 418 2938 Fluctibus,
435 2898 466 2931 ao
483 2885 560 2931 turdo
575 2898 621 2945 per
637 2885 714 2932 mano
731 2884 856 2932 oodovero
875 2898 962 2946 proro-
995 2881 1125 2930 Iuvenalis
1146 2897 1277 2946 nunquam

138 2963 272 3012 addidisset
289 2962 401 3010 Xerxem
420 2963 498 3010 classe
514 2964 565 3011 cito
581 2967 720 3024 penetrasse
737 2962 763 3009 in
780 2975 835 3009 ores
852 2961 923 3023 regni
938 2961 1051 3009 latentes.

188 3043 218 3093 P.
239 3044 293 3099 115,
303 3057 325 3091 a.
350 3041 450 3104 Regina
466 3039 563 3090 Graeco
580 3055 692 3089 sermone
710 3040 840 3098 utebatur,
856 3039 899 3102 qni
916 3040 973 3088 inde
990 3039 1022 3087 ab
1038 3038 1141 3100 imperio
1157 3041 1275 3089 Macedo·

138 3125 194 3171 nico
210 3122 356 3172 invaluerat.

188 3204 218 3252 P.
238 3205 293 3258 115,
305 3202 329 3249 b.
358 3201 424 3262 Quid
442 3216 486 3263 pro
503 3203 582 3250 closae
599 3203 652 3250 cito
669 3203 802 3264 reparavit
823 3201 854 3248 ab
871 3201 978 3249 Horatio
994 3201 1113 3265 scriptum
1131 3202 1174 3260 sit,
1196 3215 1276 3265 neque

138 3299 204 3332 nune
228 3283 319 3332 divino.
361 3282 474 3331 Scribere
498 3281 591 3344 potuit:
616 3297 661 3330 nec
686 3283 792 3329 latentes
820 3281 934 3329 Classico
960 3284 1055 3332 circum
1079 3283 1185 3330 iteruoit
1210 3297 1275 3330 oros.

138 3363 260 3422 Classica,
285 3376 349 3426 quae
366 3360 454 3409 cecinit
473 3375 572 3423 pugnae
592 3360 723 3418 Actiacae,
745 3373 794 3407 non
820 3360 912 3408 iterum
935 3362 1023 3408 cecinit
1042 3361 1136 3409 circum
1158 3362 1276 3409 interiora

139 3444 295 3506 Acgypti,nt
304 3441 398 3490 bellum
408 3446 540 3503 repararet.
559 3441 885 3497 Iterouitclussieo‚cantus
900 3440 1069 3498 classicorum,
1082 3447 1109 3488 ut
1123 3440 1145 3488 I.
1160 3439 1275 3491 Carml.

138 3539 196 3572 cros
211 3525 296 3584 inpetu
312 3523 460 3569 iterabimus
476 3535 579 3582 aequor,
602 3520 627 3567 h.
645 3534 665 3568 e.
691 3534 777 3567 cursus
801 3534 846 3582 per
871 3535 964 3583 aequor
985 3527 1130 3584 repetemus.
1156 3520 1276 3569 Horatius

139 3604 232 3652 circum
249 3608 273 3650 et
289 3603 358 3650 circo
378 3600 516 3663 promiscue
533 3599 627 3658 utitur,
648 3606 676 3645 ut
693 3606 777 3646 tamen
801 3598 895 3662 aliquid
917 3599 1020 3647 auribus
1042 3600 1137 3647 dedisse
1153 3600 1275 3650 rideatur.

139 3682 188 3730 Hic
204 3683 301 3745 quidem
328 3683 422 3729 circum
444 3679 531 3727 fortius
549 3684 628 3728 sonet.
665 3679 791 3736 Classico,
814 3685 843 3726 ut
860 3685 948 3726 notum
965 3686 1013 3736 est,
1030 3678 1135 3742 populos
1157 3679 1189 3726 ad
1206 3693 1276 3726 arma

139 3770 241 3819 vocant,
258 3761 375 3810 militibus
392 3761 453 3808 dant
468 3759 568 3821 signum
585 3772 692 3821 pugnae.
725 3759 842 3806 Lucanus
859 3758 908 3808 1v.
928 3760 982 3807 186.
1019 3759 1134 3808 Classico
1151 3761 1211 3807 dent
1228 3762 1275 3809 bel·

139 3845 204 3890 laerte:
222 3856 304 3890 soecos
322 3847 350 3888 tu
366 3841 461 3901 neqliqe
477 3844 575 3888 contus.
611 3839 691 3899 Sipno
702 3837 809 3899 serunt:
832 3853 904 3886 cesso.
940 3841 998 3886 Iom
1021 3841 1073 3886 iam
1097 3839 1181 3886 ciuilis
1201 3839 1277 3900 Enyo

142 3922 272 3978 Concidet,
289 3927 314 3969 et
334 3921 428 3969 Coesrcr
444 3934 560 3981 penarum
577 3919 696 3980 priuatus
714 3919 816 3966 amobit.
842 3918 924 3966 Locus
941 3918 1016 3966 variis
1033 3916 1113 3964 modis
1129 3915 1276 3980 explicatus.

139 4003 220 4063 Lego:
240 4001 355 4048 Classico
365 3999 433 4059 flent
450 3999 550 4046 bellum.
578 3995 651 4046 Cives
669 3997 776 4045 Romani
793 4003 880 4044 contra
896 3997 961 4045 cives
983 4000 1007 4045 in
1025 3997 1076 4045 acie
1092 3996 1176 4059 positi,
1194 3996 1216 4043 si
1232 4013 1276 4059 pn-

139 4097 214 4139 enam
232 4081 380 4134 detrectant,
405 4091 543 4140 manusque
567 4076 677 4124 fraterno
701 4077 821 4138 sanguine
846 4078 973 4124 maculare
997 4083 1107 4138 negent,
1135 4074 1229 4123 Caesar
1254 4082 1277 4122 et

140 4159 272 4221 Pompeius
288 4157 382 4205 frustra
398 4156 501 4204 classica
517 4154 620 4203 flabunt.
654 4154 765 4204 Classica
781 4155 860 4217 igitur
877 4155 936 4203 flent
952 4154 1060 4212 bellum,
1086 4161 1126 4210 tn,
1148 4153 1277 4210 Romane,

138 4253 187 4286 non
206 4238 273 4292 audi,
285 4250 359 4284 cesse.
377 4236 513 4297 Eleganter
524 4234 593 4296 fleret
610 4236 715 4292 bellum,
733 4241 761 4282 ut
778 4241 873 4284 conunt
890 4237 995 4293 bellium,
1006 4250 1124 4297 pupnone,
1142 4240 1277 4294 receptum,

130 4319 212 4371 teilo,
229 4316 348 4378 receptui.
382 4315 470 4362 Latino
488 4328 586 4377 quoque
602 4314 725 4360 dicoretur
737 4315 809 4376 flunt
826 4316 900 4370 bello,
919 4317 1037 4376 receptui.
