2916 5220
586 327 761 390 LIBER-
807 329 870 389 lli.
1231 329 1294 392 239

341 515 475 599 Spernit
498 523 638 599 «prestes
661 512 717 577 tibi
739 511 819 577 silea
832 512 994 596 J'rorrrles:

343 616 468 682 Gaudet
491 620 625 681 r'urr'suur
643 615 809 701 peprrle'sse
819 615 935 700 fossor

434 721 495 784 Ter
513 720 599 804 pede
621 730 749 784 terrant

161 885 198 936 17.
220 883 262 930 nbi
286 884 312 929 in
339 881 413 929 simili
440 881 581 944 praesentia
609 881 705 928 Fauni:
744 881 808 941 pede
833 886 936 928 terrum.
974 880 1058 930 Sonus
1078 882 1193 944 ingratus
1210 883 1297 944 fossor

159 964 214 1011 Nec
235 961 378 1008 Martiales
400 961 532 1007 husam
560 961 631 1020 lupos
656 972 705 1005 me·
747 967 787 1009 ter
804 965 907 1008 terram.
925 960 1046 1009 Horatius
1060 959 1170 1008 vitasset.
1204 962 1296 1008 luri-ru

158 1047 241 1088 tuunt.
267 1039 317 1088 Sed
338 1038 370 1085 ad
391 1037 455 1084 banc
479 1038 601 1086 rationem
626 1037 706 1085 dicen·
747 1037 881 1086 ridiculum
897 1039 1034 1100 epitheton,
1050 1039 1117 1100 quod
1130 1038 1189 1086 solis
1206 1038 1295 1088 Gram-

158 1120 221 1166 dum
237 1117 330 1165 fuerat:
355 1119 415 1180 aqui
430 1124 520 1166 errant
541 1119 609 1164 inter
626 1118 705 1177 lupos.
748 1115 855 1172 maticis,
881 1117 948 1164 omni
970 1130 1043 1164 verae
1064 1116 1203 1178 elegantiae
1223 1133 1297 1166 sensu

158 1199 247 1260 Lupus
272 1211 358 1245 errans
382 1197 447 1244 inter
477 1209 567 1258 agnos,
592 1195 706 1257 quamvis
747 1194 880 1249 destitutis,
888 1194 1024 1256 pulchrum
1032 1194 1109 1242 videri
1117 1196 1202 1258 possit.
1219 1196 1297 1257 Quasi

158 1275 277 1330 andaceS,
294 1289 335 1323 eos
351 1276 470 1323 devorare
487 1281 575 1336 potest,
586 1274 633 1321 nisi
644 1274 705 1320 scia·
748 1274 824 1321 fossor
841 1282 948 1332 terram,
964 1288 1028 1336 quae
1038 1274 1085 1337 ipsi
1097 1282 1132 1322 tot
1144 1275 1242 1323 labores
1252 1291 1295 1338 pa·

159 1369 289 1402 museum
314 1355 353 1404 bic
374 1369 427 1404 esse
443 1354 575 1402 innoxium
591 1362 617 1401 et
634 1360 706 1399 natu·
748 1355 810 1410 riat,
827 1354 913 1401 ulcisci
929 1353 1032 1415 pedibus
1056 1353 1129 1413 uelit,
1146 1353 1221 1402 saltet
1237 1355 1298 1401 adeo

159 1447 213 1480 ram
230 1433 376 1496 deposuisse.
392 1435 488 1496 Lupus,
506 1433 526 1479 si
543 1432 628 1494 possit,
644 1446 706 1478 sem·
748 1431 780 1478 ad
796 1432 859 1478 iram
876 1431 1040 1493 explendam,
1050 1446 1100 1479 non
1112 1433 1296 1481 animicaussu:

159 1527 203 1574 per
219 1513 284 1560 inter
300 1527 378 1575 agnos
395 1512 500 1568 errabit,
517 1526 576 1559 nam
593 1524 633 1558 cos
651 1509 705 1557 ubi·
749 1511 842 1572 gaudet
867 1518 948 1558 terrae
972 1511 1037 1559 vices
1062 1511 1172 1559 reddere.
1210 1511 1298 1574 Neque

159 1605 208 1653 que
224 1593 342 1653 sequitur.
368 1592 448 1640 Aliud
469 1598 507 1639 est
527 1588 622 1639 Ovidii:
651 1589 708 1636 Nat
748 1587 829 1650 placet
844 1590 907 1650 pede
922 1588 957 1636 sic
973 1588 1040 1636 nude
1056 1589 1173 1651 positum.
1204 1589 1296 1651 Quam-

158 1669 505 1732 lupasinterores,tempore
515 1667 603 1715 diluvii
618 1680 708 1728 nempe
749 1682 825 1729 quam
842 1668 952 1715 Ennius:
971 1668 1004 1714 M
1005 1684 1078 1723 asae,
1096 1685 1160 1730 quae
1180 1686 1297 1732 rrmqrrum

159 1745 326 1794 Deucalionei.
350 1746 432 1796 Aliud
449 1748 515 1809 quod
533 1745 624 1808 legitur
641 1745 707 1807 apud
748 1749 854 1808 pedibas
876 1749 988 1810 pulsatis
1017 1749 1162 1811 Olympum.
1200 1749 1296 1800 Catull.

160 1824 707 1888 virg.111.Georg.sss.repeste,quanu0
751 1825 834 1875 Carm.
856 1825 927 1875 LXI.
963 1829 1034 1876 Pelle
1058 1829 1163 1877 harnam
1184 1832 1298 1892 pedibus.

160 1904 341 1954 tinsididumae
352 1908 467 1968 ausique
476 1904 707 1968 sapaceaNuncin-
751 1905 845 1955 Seneca
856 1904 942 1968 Oedip.
959 1907 1015 1954 433.
1038 1907 1117 1957 Naue
1133 1910 1220 1958 Edoni
1237 1912 1299 1972 pede

160 1989 246 2046 terque
261 1999 335 2032 cauea
350 1990 375 2033 et
388 1986 560 2034 circumtecta
573 1988 706 2046 rapsatur.
747 1987 862 2046 pulsarit
888 1986 949 2034 Sola
965 1987 1089 2050 Paneuei.
1115 1985 1164 2037 Sed
1180 1988 1298 2036 videLu·

193 2064 300 2126 Sparpit
316 2068 425 2125 aprestes
447 2065 494 2111 tibi
510 2065 576 2111 ulau
590 2061 706 2122 frondes.
749 2072 808 2111 crot.
826 2063 860 2111 V.
882 2064 951 2111 1041.
969 2065 1033 2113 duro
1055 2070 1151 2114 terrum
1169 2069 1232 2128 pede
1245 2069 1297 2129 pel·

159 2141 298 2190 December
314 2141 374 2189 solia
389 2142 518 2189 arboribus
529 2141 633 2190 excutit.
660 2141 708 2190 Sed
749 2144 799 2190 lere
816 2148 929 2190 truamur.
947 2141 1078 2191 Horatius:
1098 2146 1174 2194 Naue
1189 2147 1252 2207 pede
1268 2147 1297 2193 li-

159 2221 215 2283 quis
232 2220 522 2269 hocserioadhonorem
533 2221 616 2269 Fauni
629 2227 708 2268 truns-
748 2224 805 2269 beru
823 2223 958 2269 Pulsanda
974 2223 1056 2269 tellus.
1081 2219 1154 2270 Ovid.
1170 2223 1297 2273 VLFsst.

160 2298 238 2347 ferat?
273 2299 301 2348 Si
318 2298 382 2347 silva
406 2298 498 2348 faceret
518 2306 628 2361 tempore
653 2313 707 2346 ver·
749 2301 805 2348 330.
837 2301 876 2347 Et
892 2301 997 2348 struem
1013 2302 1087 2349 celeri
1108 2306 1147 2349 ter
1161 2304 1223 2364 pede
1238 2305 1296 2364 pul·

159 2391 205 2434 no,
222 2385 286 2426 esset
303 2393 375 2426 omen
392 2379 568 2427 tristissimum.
590 2378 709 2426 Absurde
749 2385 789 2425 rut
807 2380 916 2426 huntam.
938 2378 979 2426 Ita
996 2378 1115 2427 Horatius
1126 2379 1166 2426 hic
1179 2381 1298 2442 posuisset

160 2455 266 2505 imitatio
289 2473 376 2505 versus
402 2458 550 2521 Virgilium,
577 2472 651 2520 quem
684 2463 709 2504 et
749 2457 892 2519 epitheton,
922 2457 987 2520 quod
1016 2471 1074 2504 cum
1100 2459 1163 2520 pede
1186 2459 1298 2508 iunctum

161 2535 316 2585 Scholiastae
332 2536 447 2585 laudant:
472 2538 586 2599 spurpite
606 2538 708 2584 baneam
750 2536 830 2598 magis
853 2535 979 2584 decentem
1001 2535 1109 2584 laetitiae
1132 2551 1232 2585 sensum
1257 2539 1297 2588 uel

152 2614 235 2677 foliis.
751 2621 834 2662 motus
859 2616 972 2663 saltantis
988 2615 1161 2678 incompositos
1177 2617 1297 2678 exprime-

196 2695 298 2742 Guudet
308 2695 415 2743 inruant
423 2695 548 2757 pepulisse
552 2694 638 2757 fossor
659 2694 709 2742 Ter
752 2700 797 2751 ret,
816 2709 840 2742 u.
857 2708 878 2742 c.
896 2696 994 2744 indocto
1011 2696 1079 2756 pede.

650 2846 813 2871 -οοφ-

282 2915 297 2942 δ

540 2996 787 3062 OARMEN
832 2999 927 3062 XIX.

345 3133 523 3218 Quantum
547 3148 649 3214 distet
672 3151 713 3214 ab
737 3151 858 3215 Inacho

389 3253 514 3318 Codrus
521 3301 530 3336 ,
555 3275 614 3338 pro
637 3253 745 3338 patria
768 3275 834 3318 non
858 3253 994 3318 timidus
1019 3253 1118 3334 mori,

344 3355 466 3422 Narras
491 3361 524 3420 et
547 3377 652 3440 genus
676 3355 778 3421 Aeaci

387 3459 433 3523 Et
455 3464 604 3544 pugnata
628 3480 718 3524 sacro
740 3457 829 3523 bella
852 3459 913 3523 sub
937 3457 1017 3522 Ilio:

344 3560 415 3639 Quo
440 3561 560 3626 Chium
583 3561 690 3646 pretio
714 3561 831 3626 cadum

310 3729 463 3780 CARMEN
488 3732 564 3781 XIX·
753 3704 791 3763 tii,
808 3703 911 3766 scriptos
928 3705 960 3753 ad
978 3705 1097 3762 amicum,
1120 3704 1191 3753 cuius
1211 3718 1300 3753 nomen

753 3784 845 3833 reticet.
869 3782 1015 3832 Cuiusmodi
1038 3784 1120 3833 multa
1145 3791 1205 3832 sunt
1233 3785 1300 3846 apud

197 3825 321 3909 Librum
343 3860 446 3924 implere
471 3863 547 3925 possis
568 3863 712 3911 enarrandis
753 3862 959 3925 Elegiographos.
993 3863 1098 3911 Amicus
1131 3861 1177 3910 iste
1202 3862 1300 3910 videtur

162 3940 291 3988 variorum
307 3940 471 4003 interpretum
488 3941 615 3990 sententiis
633 3942 663 3990 de
675 3957 713 3990 ar·
753 3942 828 3990 homo
849 3941 926 3989 fuisse
947 3956 993 3989 sua
1012 3942 1150 3990 eruditione
1166 3941 1300 4003 superbus,

162 4026 284 4081 gumento
300 4025 325 4066 et
342 4019 520 4082 significatione
533 4020 608 4068 huius
625 4021 712 4068 carmi-
754 4035 851 4084 semper
868 4020 974 4069 Inachos
992 4027 1015 4068 et
1036 4019 1129 4070 Cedros
1146 4026 1171 4068 et
1187 4020 1301 4082 antiquos

162 4098 210 4146 nis.
244 4098 279 4146 Et
299 4103 337 4146 est
356 4112 432 4147 arena
449 4099 501 4148 sine
517 4100 593 4149 calce.
629 4099 712 4160 Quare
754 4101 840 4149 heroes
857 4112 966 4161 crepans.
1000 4098 1118 4147 Horatius
1135 4113 1185 4147 non
1202 4098 1302 4147 amabat

163 4175 262 4226 Sivrius
278 4191 311 4226 ex
328 4192 379 4225 uno
404 4177 461 4226 fecit
482 4178 537 4228 tria.
572 4180 646 4241 Quod
662 4193 712 4227 me·
754 4179 878 4228 hominem
896 4177 1040 4234 molestum,
1061 4179 1103 4241 qni
1119 4177 1223 4240 putabat
1240 4176 1302 4226 alios

162 4254 225 4311 lius,
251 4270 327 4317 quam
344 4270 429 4306 omnes
451 4257 511 4306 istae
529 4258 711 4321 disputationes.
754 4265 807 4306 tam
827 4258 931 4306 libenter
952 4257 1033 4319 ipsum
1059 4257 1155 4315 audire,
1180 4271 1255 4319 quam
1277 4271 1303 4306 se

163 4333 233 4382 Puto
258 4340 314 4382 octo
335 4342 434 4384 tantum
451 4352 537 4386 versus
561 4352 613 4386 esse
634 4337 713 4386 Hora·
755 4336 852 4385 audiret
868 4343 892 4385 et
910 4337 1074 4385 admiraretur
1084 4337 1234 4400 loquentem.
1252 4336 1303 4386 Ita-
