2916 5220
588 301 763 366 LIBER
808 305 871 366 Ill.

341 487 477 574 Gygen?
513 487 575 551 llle
598 486 694 551 Notis
719 492 811 550 actus
835 485 876 550 ad
901 485 1034 551 Oricum

339 590 420 655 Post
442 590 559 655 insana
583 589 706 674 Caprae
730 589 850 670 sidera,
874 588 1011 673 frigidas

385 693 506 758 Noctes
531 714 597 757 non
621 692 692 757 sine
715 692 831 757 multis

427 796 593 861 Insomnis
616 795 770 878 lacrymis
794 795 872 879 agit.

335 900 440 985 Atqui
464 898 625 964 sollicitae
649 897 789 976 nuncius
813 897 979 983 hospitae,

339 1003 507 1088 Suspirare
532 1001 655 1068 Chloen
680 1006 713 1066 et
736 1000 889 1065 miseram
914 1000 980 1065 tuis

383 1105 504 1170 Dicens
528 1104 662 1190 ignibus
687 1105 755 1185 uri,

425 1209 543 1273 Tentat
566 1207 658 1272 mille
683 1206 772 1271 vafer
794 1207 910 1272 modis.

270 1328 273 1334 '
339 1314 387 1378 Ut
410 1314 566 1378 Proetum
590 1311 708 1375 mulier
731 1311 855 1394 perfida
878 1311 1047 1376 credulum

338 1416 445 1481 Falsis
469 1413 638 1500 impulerit
661 1413 869 1496 criminibus,
895 1413 994 1478 nimis

383 1519 482 1584 Casto
507 1517 753 1603 Bellerophonti

428 1622 593 1687 Maturare
616 1643 745 1701 necem,
770 1621 875 1686 refert.

339 1727 459 1790 Narrat
480 1748 583 1810 paene
607 1727 722 1790 datum
747 1725 845 1790 Pelea
868 1726 1016 1806 Tartaro,

340 1829 550 1914 Magnessam
575 1829 780 1914 Hippolyten
804 1828 884 1894 dum
908 1828 996 1913 fugit
1019 1829 1207 1895 abstinens:

384 1933 429 1998 Et
451 1955 583 2017 peccare
606 1933 760 1997 docentes

432 2036 549 2101 Fallax
573 2035 727 2100 historias
752 2040 880 2101 monet:

157 2243 255 2292 Duker.
273 2243 305 2290 ad
321 2241 390 2291 Flori
403 2240 440 2289 11.
450 2241 474 2288 2.
492 2247 517 2290 ct
527 2240 596 2291 Cort.
616 2241 708 2289 adPli·
748 2257 848 2292 manas.
884 2242 978 2292 Seneca
993 2241 1067 2290 Here.
1094 2243 1155 2291 Fur.
1172 2244 1228 2291 420.
1247 2261 1296 2292 eron

159 2322 196 2371 nii
213 2322 292 2384 Epist.
311 2319 387 2370 XIII.
405 2321 429 2369 6.
747 2322 832 2370 vincet
845 2321 926 2382 fidem
947 2321 992 2368 Vis
1017 2322 1071 2368 alia
1088 2327 1218 2369 nostram:
1245 2338 1294 2371 rico-

190 2399 271 2450 Aetaa
290 2400 325 2447 ad
343 2400 455 2448 Oricum.
484 2398 606 2448 Graecam
625 2396 707 2444 termi-
747 2401 818 2460 νὶαν,
846 2400 963 2455 Alcidae,
987 2404 1041 2446 tua.
1067 2397 1127 2446 Vid.
1152 2400 1238 2448 Heins.
1265 2403 1295 2449 ad

158 2479 286 2526 nationem
303 2477 346 2525 alii
362 2476 515 2539 praeferunt,
527 2478 628 2526 Oricon.
645 2475 705 2524 Vid.
747 2477 850 2526 Remed.
862 2477 965 2526 Amoris
983 2477 1082 2525 vs.492.
1103 2479 1231 2541 Frigidior
1243 2483 1295 2542 plu·

156 2557 296 2605 Burmann.
314 2556 346 2605 ad
363 2555 478 2618 Propert.
496 2555 517 2604 I.
534 2555 557 2603 8.
574 2555 615 2603 20.
747 2559 783 2605 eie
793 2557 842 2620 fae
863 2559 965 2606 videare
990 2563 1057 2605 tace.
1092 2554 1191 2620 OptIme
1216 2558 1293 2606 Hem·

191 2636 320 2685 Macram
341 2637 393 2684 tais
418 2634 512 2685 Dama
532 2637 632 2697 mnibus
654 2637 705 2682 uri.
747 2635 884 2683 sterhnsius
901 2635 933 2683 ad
954 2635 1019 2683 hanc
1041 2635 1163 2684 rationem
1179 2637 1294 2685 emenda·

157 2714 250 2776 Longa
270 2714 401 2762 verborum
421 2713 567 2762 circuitione
587 2726 648 2776 opus
669 2718 706 2761 est
747 2713 784 2761 vit
809 2714 922 2776 Propert.
946 2715 968 2762 Ι.
986 2715 1009 2762 5.
1030 2715 1053 2762 3.
1082 2715 1154 2773 Quid
1174 2717 1221 2764 titt
1246 2717 1295 2774 via,

157 2797 188 2841 ut
204 2791 263 2840 hinc
280 2807 380 2840 sensum
397 2791 491 2851 elicias,
513 2793 571 2841 huic
592 2793 646 2841 loco
663 2807 703 2841 ac·
746 2793 855 2842 inserte?
873 2791 947 2843 Meae
964 2795 1059 2842 sentire
1067 2791 1186 2855 furores?
1210 2793 1296 2855 Vulgo

156 2872 350 2920 commodatum.
367 2872 455 2936 Neque
472 2873 545 2921 credo
562 2872 704 2921 Romanum
747 2886 817 2920 naor.

158 2951 220 3000 haec
236 2949 308 2998 aliter
324 2964 376 3000 esse
393 2957 564 3014 accepturum,
585 2950 645 2997 nisi:
667 2951 703 2997 di·
780 2952 875 2999 Fallax
893 2952 1112 3000 historiasmonct.
1142 2950 1220 3000 MSS.
1232 2964 1293 2998 non·

156 3043 228 3087 cens,
245 3029 380 3088 oAsterie,
393 3029 490 3080 Chloen
498 3035 523 3077 te
534 3042 624 3076 amare.
637 3027 704 3076 Nam
745 3030 818 3078 nulla
830 3037 917 3091 movet,
925 3031 991 3093 quod
1000 3030 1128 3079 Bentleius
1142 3029 1214 3078 alteri
1226 3046 1294 3092 prae·

158 3111 202 3156 ari
217 3109 704 3171 mimalicniaaestaltqaemamare.
746 3108 800 3157 fert.
825 3108 911 3158 Movet
919 3117 956 3158 est
965 3109 1065 3165 excitat,
1074 3109 1138 3156 eruit
1147 3122 1178 3156 ex
1188 3107 1295 3170 antiquis

158 3185 233 3236 Ovid.
250 3186 285 3236 V.
301 3186 401 3235 Heroid.
422 3187 476 3236 152.
498 3203 515 3235 a
535 3191 621 3244 nostro
643 3202 702 3235 aaa·
747 3188 875 3249 poetarum
891 3186 995 3244 fabulis,
1019 3186 1062 3234 ubi
1082 3186 1152 3249 quasi
1170 3186 1295 3234 dormiunt

157 3269 213 3315 eiua
229 3269 285 3328 ipae
294 3264 359 3328 fait.
376 3265 426 3313 III.
443 3266 512 3314 Fast.
521 3266 578 3314 545.
597 3267 706 3314 Araerat
747 3266 871 3315 oblivione
908 3265 1025 3328 sepultae.
1073 3264 1115 3314 Sic
1147 3267 1295 3314 ‹torneientes

158 3345 259 3392 Aaaeae
277 3344 342 3392 Dtao
357 3345 508 3392 mlacratilis
528 3345 591 3405 ipae.
624 3343 705 3392 Hora·
746 3360 857 3405 movere,
882 3347 960 3392 κινεῖν
984 3343 1091 3403 dicitur;
1121 3349 1213 3401 nannet,
1238 3357 1295 3391 cum

158 3421 209 3469 tius
225 3437 274 3470 non
294 3428 345 3469 tam
366 3420 469 3469 obscure
490 3420 596 3484 scripsit.
622 3421 703 3484 Repo-
748 3423 824 3471 tacita
840 3423 1008 3472 admonitione
1025 3430 1123 3480 narrat,
1140 3430 1169 3471 ut
1185 3423 1295 3486 periculo

158 3515 260 3561 namus,
286 3515 337 3548 una
361 3501 439 3549 eIecta
454 3499 567 3548 literula:
590 3502 706 3549 richerum
748 3503 837 3551 talium
854 3504 1027 3567 exemplorum
1044 3503 1189 3560 deterritus,
1214 3517 1244 3552 ea
1264 3517 1295 3550 ne

159 3584 201 3630 tat
218 3583 315 3633 Dicens
336 3584 434 3644 ipaibas
459 3583 508 3630 ari.
542 3583 593 3630 Tui
609 3582 705 3639 mariti,
747 3583 816 3645 sequi
832 3582 899 3631 velit.
933 3581 994 3630 Vim
1018 3581 1085 3630 vocis
1107 3581 1205 3644 egregie
1222 3595 1294 3644 expo-

159 3661 200 3708 tue'
217 3660 304 3724 Gygia
329 3659 371 3709 Sic
387 3675 454 3720 mea,
472 3666 530 3722 tua,
552 3667 581 3707 ut
598 3660 704 3710 Graeco·
748 3662 798 3709 suit
810 3661 953 3712 Gronovius
966 3661 1049 3710 Diatr.
1060 3661 1176 3711 Statiana
1192 3677 1244 3723 cap.
1255 3662 1294 3709 49.

160 3754 217 3788 mm
234 3740 290 3803 ἐμὴ,
305 3739 351 3800 σὴ,
368 3755 453 3798 meaa,
474 3746 544 3796 taus,
566 3738 708 3802 frequenter
747 3746 772 3788 et
788 3740 931 3788 Markland.
949 3740 980 3789 ad
998 3740 1059 3790 silv.
1077 3740 1111 3789 V.
1129 3739 1153 3788 2.
1170 3755 1227 3801 pag.
1238 3740 1294 3788 362.

161 3835 176 3866 a
192 3817 271 3881 poetis
288 3824 451 3879 usurpantur.
476 3817 566 3867 Horat.
583 3817 604 3866 I.
622 3816 707 3867 Carm.
749 3818 799 3868 Sed
820 3819 962 3881 Wagnerus
984 3818 1016 3866 ad
1036 3817 1127 3880 Virgil.
1146 3818 1210 3866 VII.
1227 3817 1294 3865 Aen.

163 3898 201 3946 15.
228 3898 288 3945 Noa
305 3898 349 3945 hoe
362 3898 495 3958 pollicitae
512 3902 577 3945 tuoe.
603 3895 707 3946 Ovidl.
748 3897 804 3945 641.
833 3897 1024 3955 animadvertit,
1055 3911 1138 3944 oroneo
1163 3913 1216 3945 rem
1245 3911 1295 3943 non

161 3976 219 4024 Art.
238 3976 299 4024 Am.
316 3976 373 4024 322.
408 3979 493 4038 Atque
508 3978 559 4032 ait,
585 3983 646 4025 ecta
671 3982 706 4027 te·
750 3991 801 4026 csse
818 3977 952 4035 Latinum,
969 3984 994 4024 et
1019 3979 1063 4025 hoc
1088 3982 1113 4024 te
1137 3991 1220 4025 moiseo
1244 3990 1295 4025 esse

160 4069 233 4102 aaa:
256 4056 310 4114 lte,
326 4057 424 4116 placete
440 4070 498 4104 mea
524 4055 626 4104 Heroid.
639 4057 659 4105 I.
668 4057 708 4106 83.
750 4055 826 4103 aliud.
860 4055 915 4104 Hoc
941 4056 962 4104 si
987 4069 1075 4104 verum
1100 4060 1149 4114 est,
1174 4069 1219 4103 nec
1244 4057 1296 4104 vidi

161 4140 208 4182 tua
224 4136 286 4193 aim,
304 4140 350 4181 tau
367 4136 440 4184 dtecr
462 4141 566 4197 oportet.
586 4139 711 4198 Pareiope
749 4134 908 4197 exemplum,
930 4147 980 4196 quo
1000 4132 1091 4182 salsum
1116 4147 1168 4182 esse
1192 4134 1293 4182 demon-

160 4213 253 4260 com'ua
269 4227 365 4274 semper
384 4215 409 4262 U
410 4216 484 4276 lya-ata
501 4230 550 4263 ero.
572 4215 635 4264 XII.
655 4215 709 4264 158.
751 4220 854 4272 stratur,
872 4212 922 4275 legi
939 4212 1025 4274 possit:
1038 4214 1077 4261 Et
1085 4228 1189 4276 peccare
1199 4229 1295 4264 retenea-

163 4289 320 4339 Clamarem:
351 4306 420 4340 meas
445 4297 489 4341 eat.
528 4295 710 4356 Iair'cerernqae
751 4298 787 4342 tea
811 4293 905 4341 Fallax
931 4293 1050 4343 nataae
1074 4295 1149 4344 docet.
1183 4294 1296 4343 Nunnius
