2916 5220
548 314 723 376 LIBllll
771 317 813 377 lI.

296 502 366 576 lum
390 504 452 563 ium
475 499 617 564 residunt
641 499 783 565 cruribus
806 522 939 586 asperae

300 602 424 685 Pelles,
449 612 478 667 et
500 601 602 667 ulmum
624 613 725 668 mutor
749 608 782 668 iu
805 605 910 669 alitem

341 706 505 790 Superos,
530 715 760 791 uoseuuturque
783 707 862 772 leues

383 810 452 873 Per
475 809 589 895 (liquos
611 809 810 895 humerosque
827 810 965 895 plumae.

112 938 137 984 p.
155 923 211 973 473.
229 922 297 970 Zeno
309 922 402 971 habens
419 935 495 969 annos
506 927 561 970 octo
577 928 602 969 et
618 936 659 970 no·
703 937 757 969 ram
774 929 864 978 tentat,
881 923 971 985 digitos
983 925 1129 973 ethnrneros
1142 934 1248 976 conteni-

112 999 218 1063 naginta
243 1000 357 1062 prodibat
383 1000 408 1047 in
434 999 584 1048 concionem.
618 998 661 1049 of·
702 1001 794 1064 piatur,
811 1016 931 1065 suamque
947 1003 999 1065 ipse
1009 1003 1248 1055 transformationem

112 1079 183 1128 tenso
204 1080 279 1142 pede,
297 1079 465 1127 exclamabat:
487 1080 511 1127 τί
528 1097 557 1143 με
577 1077 660 1143 βοᾷςς
702 1080 829 1137 describit,
852 1087 980 1145 tamquam
1005 1091 1129 1145 spectator
1149 1085 1248 1148 aliquis,

111 1159 218 1222 Diogen.
229 1159 312 1207 Laert.
323 1159 349 1206 in
357 1159 463 1216 Zenone,
480 1175 503 1221 p.
522 1159 579 1206 454:
598 1158 660 1205 παί-

111 1254 161 1295 σας
181 1237 206 1287 δὲ
225 1241 273 1298 τῆν
288 1241 337 1302 γῆν
353 1239 386 1302 τῇ
405 1238 484 1303 χειρὶ,
507 1238 566 1302 φησὶ
588 1239 616 1286 τὸ
634 1237 660 1286 lrr

112 1321 159 1376 τῆς
184 1317 293 1380 Νιόβης.
321 1315 451 1382 Ἔρχομαι.
479 1317 502 1365 τί
525 1315 550 1380 μ’
576 1317 658 1375 (eriere,⁸

111 1397 222 1459 Appian.
247 1397 277 1445 B.
302 1395 374 1445 civil.
392 1396 413 1443 I.
438 1396 491 1445 loo.
518 1396 617 1452 Σύλλας
638 1395 659 1445 d'

111 1475 140 1523 ἐν
154 1479 208 1532 τοῖς
227 1475 314 1540 ἀγροῖς
332 1474 456 1524 ἐνύπνιον
482 1472 567 1530 ἔδοξεν
588 1474 658 1535 ἰδεῖν,

111 1552 152 1602 ὅτι
171 1555 252 1603 αὐτὸν
270 1552 393 1617 ὁδαὶμων
409 1552 456 1613 ἤδη
476 1554 573 1613 καλοίη.
597 1551 657 1602 Ovi-

111 1633 166 1680 dius
189 1633 252 1683 VII.
277 1633 378 1683 Heroid.
399 1632 452 1680 101.
486 1634 540 1682 Hie
560 1648 601 1694 eqo
621 1649 659 1681 rire

109 1714 177 1762 aursi
192 1719 250 1762 uoto
266 1719 357 1776 quater
368 1729 409 1762 ore
419 1713 504 1762 eiture’.
526 1713 584 1773 lpse
600 1727 659 1761 sorio

111 1793 183 1840 tersui
199 1794 278 1840 dimi.-
298 1793 388 1840 Elirsu
405 1793 469 1840 uerri.
488 1792 570 1837 Nullo
587 1806 658 1838 moro

109 1876 156 1918 est.
174 1871 395 1927 Veniuemmttoi
406 1872 597 1918 debitoeouiur.
615 1871 657 1918 Ex

110 1947 221 2011 Virgilio
245 1962 347 2010 nempe,
371 1948 415 2012 qui
435 1948 485 1997 IV.
512 1950 577 1997 Aen.
600 1949 656 1997 460.

109 2027 244 2076 decadem
260 2027 372 2076 Didone:
402 2030 474 2077 Hirro
490 2030 608 2077 exaudiri
619 2044 657 2077 ro-

109 2121 148 2154 cee
172 2111 197 2155 et
219 2108 294 2154 verba
314 2108 426 2155 coeuntis
447 2110 508 2155 Visa
524 2108 582 2155 oiri.
612 2108 655 2156 Li-

110 2185 164 2232 vius
181 2185 217 2233 X.
234 2185 275 2234 28.
307 2186 395 2233 Gallos
414 2187 587 2248 Samnitesque
603 2188 656 2235 rer-

110 2265 176 2312 lurr'e
193 2265 286 2312 neutris
298 2278 328 2312 ar
339 2266 453 2312 Deorum
469 2266 583 2313 arsenium
599 2282 656 2316 esse.

110 2344 214 2404 Rupere
230 2344 265 2390 ad
280 2357 304 2390 se
321 2357 351 2390 uo
367 2357 454 2390 vorare
469 2344 576 2391 Decium
589 2347 657 2392 deuo-

109 2427 256 2470 territorum
267 2422 352 2468 umere.
371 2419 465 2468 Seneca
475 2420 603 2470 Phoeniss.
616 2424 655 2476 37.

107 2502 206 2561 qmitor
225 2505 304 2548 vocar.
332 2500 434 2562 Sequor,
458 2515 553 2562 sequor.
582 2502 654 2551 Here.

702 1160 741 1207 vel
767 1161 838 1222 polita
862 1158 952 1209 Ovidio
976 1160 1078 1208 similis?
1112 1161 1161 1210 Sed
1182 1166 1248 1225 quod

701 1239 830 1302 praecipue
851 1241 876 1287 in
898 1241 943 1288 tali
967 1240 1075 1302 imagine
1096 1241 1188 1290 indicat
1212 1244 1248 1306 pi-

701 1325 794 1367 ctorem
811 1320 923 1382 ineptum
940 1327 965 1368 et
982 1327 1115 1382 agrestem,
1133 1328 1192 1368 sunt
1209 1337 1248 1370 us·

698 1413 776 1458 perae
791 1399 868 1459 pellea
893 1401 919 1447 in
943 1399 1063 1447 eruribus.
1098 1400 1148 1448 Res
1173 1401 1248 1463 plena

700 1476 749 1523 odii
765 1482 789 1524 et
802 1477 900 1526 fastidii.
919 1479 1088 1527 Suarisrime!
1105 1480 1248 1527 exclamant

699 1555 852 1619 interpretes,
860 1558 902 1618 qui
910 1555 1035 1605 oesthetici
1043 1564 1171 1604 vocantur.
1180 1557 1246 1605 Nam

699 1640 736 1683 est
757 1636 894 1683 secundum
914 1640 1038 1683 naturam.
1071 1634 1247 1694 concederem,

699 1713 742 1761 sed
759 1714 889 1773 alicime,
907 1714 956 1762 alio
972 1720 1089 1776 tempore.
1115 1715 1150 1762 Et
1166 1715 1249 1763 multa

699 1798 757 1839 sunt
778 1794 913 1841 secundum
934 1799 1063 1849 naturam,
1083 1807 1146 1855 quae
1162 1800 1246 1842 tamen

698 1872 845 1920 vestimento
865 1873 1010 1935 obtegimus.
1041 1872 1096 1919 Iam
1114 1875 1192 1934 pelles
1211 1875 1247 1921 in-

698 1950 777 2012 telligi
794 1953 867 2000 credo
883 1952 973 2014 pellem
991 1951 1017 1998 in
1034 1952 1134 2008 dextro,
1151 1958 1176 2000 et
1192 1952 1245 2013 pel·

699 2028 748 2076 lem
775 2030 800 2076 in
825 2031 924 2078 sinistro
948 2044 1028 2078 crure.
1063 2030 1158 2078 Parnm
1181 2038 1245 2094 apte.

699 2109 733 2156 Et
749 2109 854 2158 scribere
870 2109 954 2158 debuit
976 2110 1057 2171 pella.
1087 2109 1144 2157 Non
1167 2112 1246 2172 potuit

698 2194 799 2250 propter
814 2195 929 2236 metrum.
947 2188 981 2235 Et
998 2193 1081 2234 tamen
1098 2195 1182 2235 auctor
1195 2204 1245 2236 me·

699 2273 765 2313 trum
784 2266 884 2313 violavit
901 2266 925 2312 in
939 2280 1055 2326 asperus,
1065 2272 1094 2313 ut
1104 2273 1141 2314 est
1153 2266 1178 2312 in
1191 2267 1245 2328 plu-

698 2346 766 2393 rimis
784 2353 808 2395 et
824 2345 921 2408 optimis
946 2343 1022 2393 MSS.
1051 2343 1173 2392 Ultimum
1195 2344 1245 2406 syl-

698 2425 781 2473 labam
793 2425 911 2472 Horatius
922 2438 970 2471 non
983 2422 1147 2484 corripuisset.
1166 2423 1244 2471 Porro

698 2504 765 2551 deest
776 2504 801 2550 in
814 2501 1009 2565 Metamorphosi
1020 2500 1157 2562 aequalitas
1169 2515 1242 2562 quae·

109 2577 163 2628 Oet.
178 2578 250 2629 1725.
273 2581 351 2628 Vocat
368 2595 421 2628 eece
436 2581 487 2626 iom
505 2596 544 2628 me
559 2583 656 2642 qeuitor
698 2584 767 2639 dam,
784 2582 865 2645 qualis
883 2581 908 2628 in
926 2580 998 2628 rebus
1019 2587 1044 2629 et
1060 2578 1141 2626 verbis
1158 2584 1242 2641 postu·

107 2665 134 2706 et
148 2660 243 2721 peredit
257 2660 335 2720 polos.
366 2660 454 2716 Venio,
470 2665 553 2722 poter.
575 2661 655 2709 Tacit.
697 2662 776 2720 latur,
797 2676 842 2710 nco
863 2661 916 2709 sine
936 2659 1034 2707 fastidio
1049 2658 1185 2720 legentium
1203 2672 1244 2705 ne-

109 2737 131 2784 I.
148 2737 293 2786 Annalfib.
312 2740 408 2786 Varum
420 2753 519 2788 ceruam
530 2744 556 2787 et
566 2742 656 2789 uurlire
698 2741 810 2803 gligitur.
828 2738 899 2790 Conf.
917 2737 1037 2799 Quinctil.
1054 2737 1103 2784 IX.
1121 2736 1203 2784 Instit.
1220 2738 1243 2786 4.

107 2819 177 2865 risus
192 2823 232 2866 est
252 2818 321 2866 uelut
340 2823 475 2866 coeuntem.
501 2815 596 2866 Omitto
613 2833 654 2866 no·
697 2819 783 2869 Cicero
810 2821 836 2867 in
862 2818 959 2881 Topicis
984 2819 1007 2869 7.
1046 2819 1082 2864 Iu
1104 2817 1245 2877 partitione

108 2904 163 2944 tum
179 2896 244 2944 illud
264 2897 328 2960 fota
352 2902 454 2952 ooeout,
479 2897 509 2944 de
530 2911 579 2960 quo
600 2899 655 2946 vide
696 2901 771 2960 quusi
787 2901 897 2947 membro.
913 2903 985 2946 suut.-
1008 2903 1038 2944 ut
1055 2898 1178 2959 eorporIs,
1200 2911 1241 2944 oer-

107 2976 248 3024 Burmann.
265 2977 296 3023 ad
312 2975 405 3037 Virgil.
423 2975 457 3022 X.
474 2975 540 3024 Aen.
558 2977 613 3026 471.
631 2983 655 3024 et
695 2983 761 3038 put,
779 2979 887 3035 bumerr',
908 2991 1010 3033 urermm,
1037 2978 1131 3032 lutere,
1152 2991 1242 3032 crura,

108 3056 211 3119 interpr.
229 3056 260 3104 ad
278 3055 323 3105 Sil.
341 3055 398 3102 ital.
416 3054 491 3102 XVI.
509 3056 564 3103 699.
693 3059 775 3117 perles.
800 3057 931 3119 Inceperat
951 3056 1135 3104 Grammaticus
1152 3070 1167 3101 a
1183 3070 1241 3103 eru·

141 3136 201 3182 Iam
217 3136 270 3182 ium
286 3135 528 3183 residuuter'uribus
544 3149 654 3196 asperae.
696 3138 774 3183 ribus.
804 3135 968 3198 Progreditur
990 3133 1020 3180 ad
1041 3148 1160 3194 superae.
1194 3131 1244 3179 Hie

39 3206 47 3219 “’
107 3213 204 3262 Iterum
221 3220 329 3277 quatuor
346 3213 423 3276 spurii
435 3228 527 3262 versus.
544 3214 591 3262 Est
600 3215 655 3263 the·
695 3213 804 3275 primurn
821 3214 949 3270 humerm,
971 3226 1030 3260 mox
1052 3211 1141 3273 digitos
1158 3224 1243 3272 exspe-

107 3292 281 3354 mapobtieum
292 3291 502 3354 Metamorphosis
510 3295 590 3354 eqqui.
608 3293 655 3342 Rei
695 3299 833 3351 etaveram,
854 3299 882 3340 ut
897 3309 991 3355 perque
1012 3294 1125 3340 liuttere-s
1142 3292 1242 3352 sliqitos·

107 3371 184 3434 ipsius
210 3371 403 3434 repraesentatio
427 3372 543 3421 abhorret
560 3373 590 3420 ab
608 3373 655 3420 hoc
695 3386 748 3433 que.
766 3372 893 3435 Denique,
910 3371 931 3418 si
948 3370 1067 3418 Horatius
1084 3369 1123 3416 hic
1141 3369 1244 3418 dixisset

107 3450 230 3508 carmine,
252 3465 332 3514 neque
353 3450 431 3498 verba
450 3450 554 3499 Horatio
578 3452 655 3515 digna
696 3455 779 3497 erutor
796 3452 824 3497 iu
840 3451 939 3507 etitem,
956 3463 1006 3497 non
1023 3447 1107 3495 statim
1118 3448 1243 3511 repetivis-

106 3534 173 3576 snnt.
198 3528 288 3591 Imago
305 3529 400 3591 aliqua,
418 3543 481 3592 quae
496 3529 550 3577 sola
558 3531 655 3578 exsistit
696 3533 733 3575 set
759 3530 819 3578 Ales
835 3532 916 3578 uisam
940 3531 1116 3591 Hyperboreos
1137 3543 1242 3590 eurrapos.

107 3608 132 3655 in
149 3608 298 3670 cogitatione
314 3609 416 3666 mentis,
434 3608 517 3656 divino
528 3607 585 3670 igne
602 3624 653 3656 cor·
696 3606 785 3656 Graeci
800 3609 885 3670 poetae
902 3621 951 3655 non
974 3606 1050 3656 semel
1071 3607 1108 3654 usi
1126 3615 1183 3654 sunt
1200 3607 1245 3654 tali

107 3693 204 3749 raptae,
221 3702 271 3735 non
289 3701 340 3736 esse
357 3687 429 3735 debet
446 3687 519 3734 nimis
538 3701 655 3750 corporea
696 3687 818 3749 imagine,
838 3701 911 3735 nemo
929 3694 979 3735 tam
1005 3687 1089 3749 inepta
1110 3686 1245 3735 Metamor-

106 3779 188 3827 neque
204 3780 249 3828 per
265 3780 349 3814 omnes
366 3765 484 3814 minutias
493 3766 653 3828 depingenda.
695 3764 773 3826 phosi.
811 3766 899 3813 Testor
923 3765 963 3812 vel
989 3764 1146 3826 Euripidem,
1176 3763 1245 3809 euius

107 3842 205 3906 Figura
224 3844 300 3907 cygni
322 3845 372 3892 iam
394 3845 452 3892 sutis
475 3845 625 3907 intelligitur
641 3859 655 3893 e
696 3841 863 3905 fragmentum
876 3843 984 3891 servavit
1000 3842 1115 3892 Clemens
1132 3840 1244 3889 Alexan-

107 3923 201 3971 rerbis:
219 3924 277 3972 Nou
294 3926 364 3972 tenui
377 3939 462 3985 pertua
472 3923 550 3986 feror
561 3939 605 3984 per
621 3926 652 3972 li·
697 3922 793 3968 dnnus:
811 3921 920 3986 Χρύσεαι
937 3920 967 3979 δή
985 3938 1027 3984 μοι
1048 3917 1165 3982 πτέρυγες
1188 3918 1246 3981 περ1

106 4003 212 4063 quidum
237 4003 353 4059 aethera,
378 4010 402 4050 et
427 4006 508 4051 oleum
529 4004 581 4051 oles
598 4005 655 4065 Hp·
697 4001 778 4062 νώτῳ,
796 4000 837 4047 καὶ
854 4001 887 4047 τὰ
902 3997 1027 4063 Σειρήνων
1039 3996 1141 4060 ἐρόεντα
1153 3994 1247 4044 πέδιλα

107 4083 237 4142 perbereos
257 4095 362 4141 europus.
396 4081 517 4130 Horatius
542 4097 567 4130 se
588 4088 655 4130 terra
698 4077 838 4143 ἁρμόζεται·
858 4077 970 4140 Βάσομαι
984 4075 1004 4124 d
1017 4076 1042 4133 ἐς
1056 4073 1145 4139 αἰθέρα
1164 4074 1247 4122 πολὺν

107 4159 195 4208 levans
212 4159 266 4207 alas
283 4161 381 4223 accipit,
398 4167 423 4209 et
433 4161 482 4208 iam
500 4161 575 4209 volat.
593 4161 655 4222 Quis
697 4157 808 4222 ἀερθεὶς,
828 4156 887 4215 Ζηνὶ
905 4154 1055 4219 προςμίξων.
1072 4151 1247 4202 Doederlinius

107 4238 132 4285 in
163 4251 194 4284 ea
218 4238 374 4299 cogitationis
399 4239 524 4288 eeleritate
553 4254 655 4286 manum
697 4235 877 4299 distinguebat:
921 4235 1034 4294 Superue
1061 4237 1249 4292 nascunturque

107 4316 178 4377 qnasi
201 4316 233 4363 ad
250 4330 323 4364 crura
341 4318 452 4376 deducit,
474 4318 564 4380 pellem
587 4332 655 4379 aspe-
698 4319 760 4365 leues
789 4319 842 4364 Per
859 4315 951 4377 eliqitos
967 4310 1248 4373 huorerosqueplumue.

1074 4395 1113 4454 12

35 4576 309 4697 ‚s
