2916 5220
586 332 759 395 LIBER
805 332 868 393 ΠΙ.

383 520 440 582 Du
463 521 562 582 noetis
584 516 721 598 mediae,
747 515 807 598 du,
826 537 926 600 puer,
952 518 1083 601 eruyterr's

337 622 512 684 „llareuaet
537 617 636 683 tribea
659 627 715 682 etet
737 639 843 682 uocem

384 723 560 786 Miscentur
583 721 703 805 cyathis
720 721 839 806 pocula
863 720 1034 786 caementa.

343 826 407 906 Qui
428 826 543 888 Musae
566 825 651 888 emat
676 828 832 909 imperes,

388 930 419 992 Τ
415 949 507 993 aaut
530 937 577 992 tet·
600 929 725 1013 mattea
748 933 900 994 attonitus
916 937 1005 1013 petet

346 1032 440 1096 Vates
448 1057 458 1093 .·
483 1041 547 1095 tres
564 1031 710 1115 prohibet
732 1053 835 1117 cupra

381 1137 543 1199 neaeram
565 1144 702 1199 metueres
724 1144 851 1222 teeyere
879 1134 1015 1216 Gratia,

337 1237 447 1302 Narelia
471 1241 577 1302 taneta
600 1236 766 1302 amoribus.

382 1343 532 1404 Iaaecire
555 1344 655 1405 iacet:
681 1362 736 1405 ear
758 1342 966 1426 Berecyntiae

345 1443 477 1508 Cessent
486 1443 631 1527 flumina
653 1442 773 1508 tibiae?

387 1546 453 1612 Car
469 1546 590 1631 pendet
612 1551 710 1611 tacita
720 1546 837 1632 fistule
860 1569 928 1612 eam
951 1547 1047 1633 lyra?

157 1713 184 1760 in
202 1713 326 1771 convivio,
348 1714 412 1776 quod
430 1713 540 1762 nondum
557 1714 709 1762 eratoonsti·
748 1713 1035 1776 corruptumTractavit
1043 1715 1221 1777 quaestionem:
1235 1715 1295 1778 ΠεριΙ

158 1797 251 1840 tutum.
283 1793 324 1842 De
342 1793 519 1841 cousuetudine
541 1791 639 1841 bibendi
663 1807 707 1840 no·
749 1795 795 1841 τοῦ
812 1794 828 1852 ἢ
843 1792 918 1843 πέντε
936 1793 1055 1855 πίνειν,ὴ
1069 1792 1139 1858 τρία,
1157 1795 1173 1852 ὴ
1192 1792 1295 1857 μήτέσ-

157 1877 223 1920 ctom
245 1877 270 1919 et
286 1872 373 1919 lunam
397 1872 496 1920 honoris
522 1887 621 1929 caussa,
646 1872 708 1920 nihil
750 1889 823 1935 σαρα.
862 1871 933 1921 Conf.
960 1871 1116 1934 Appuleium
1136 1871 1163 1918 in
1188 1871 1295 1920 Floridis

158 1955 263 1999 constat.
287 1951 322 1999 Ilt
338 1965 383 1999 cur
400 1952 484 1998 statim
495 1950 548 1999 sine
559 1951 708 2014 spiramento
750 1949 780 1998 T.
798 1950 834 1999 11.
851 1965 907 2013 pag.
925 1950 965 1998 96.
991 1956 1016 1998 et
1033 1958 1089 1998 anto
1111 1964 1195 2000 omnes
1216 1951 1296 1999 Athe·

159 2028 234 2077 simul
251 2031 331 2086 nacti,
347 2032 437 2087 lance,
456 2029 595 2079 Murenae?
749 2045 840 2078 naeum
848 2031 881 2079 X.
891 2031 932 2079 35.
950 2030 991 2078 ubi
1002 2038 1100 2079 servata
1116 2037 1175 2078 sunt
1191 2046 1224 2079 ex
1240 2045 1296 2093 poe-

195 2109 291 2157 Tribus
316 2113 362 2156 aut
378 2123 462 2156 tionem
485 2106 628 2157 illuceatur
649 2125 707 2171 cyu-
749 2110 779 2157 tis
797 2107 841 2158 ἕνα
862 2110 904 2156 καὶ
922 2109 974 2166 δύο,
992 2114 1057 2172 τρεῖς
1077 2109 1140 2173 πρὸς
1159 2107 1295 2174 τέτταρας,

159 2188 213 2235 thir
231 2188 323 2248 poeula
352 2188 490 2236 continendis.
528 2187 656 2236 Ausonius
682 2189 708 2235 in
749 2190 806 2238 leon
831 2189 887 2252 ἴσῳ,
913 2190 969 2238 alia
1004 2189 1175 2237 Memorabilia
1199 2202 1296 2251 quoque

159 2262 272 2313 Praefat.
297 2264 385 2328 Idyllii
405 2264 453 2313 XI.
475 2266 543 2314 etin
562 2267 614 2328 ipso
635 2267 706 2331 Idyl·
749 2275 785 2317 est
802 2269 872 2316 locus
889 2267 1042 2330 Antiphauis
1060 2266 1165 2317 Comici:
1193 2266 1226 2313 Τὸ
1245 2284 1295 2314 πο-

159 2344 195 2392 lio
211 2345 273 2393 haec
289 2345 320 2393 de
336 2358 439 2392 numero
455 2346 563 2392 teruario
573 2345 708 2407 explicavit
749 2347 836 2411 τήριόν
851 2365 894 2411 μοι
911 2347 939 2396 τὸ
963 2344 1028 2410 μέγα
1046 2344 1179 2410 προσφέρει
1195 2344 1295 2406 λαβών.

158 2423 353 2485 etipsecarmen
362 2423 708 2482 finxit,euiusinitium:Ter
749 2424 910 2488 Ἐπεχεάμην
934 2424 1065 2488 ἄκρατον,
1091 2423 1149 2486 οὐχὶ
1179 2421 1295 2482 παιδίου,

159 2501 222 2558 bite,
235 2503 274 2550 vel
291 2503 362 2550 totae
381 2508 471 2551 ternos.
490 2501 533 2551 Sit·
550 2504 656 2564 rayntt'ea
668 2505 708 2552 lea·
749 2503 922 2565 Kudbouclbl)
937 2504 1003 2552 θεῶν
1020 2520 1046 2552 τε
1063 2503 1105 2551 καὶ
1121 2502 1231 2551 θεαινῶν
1246 2521 1295 2566 μυ-

158 2586 204 2630 eat.
228 2583 273 2630 Vel
289 2583 342 2630 tria
356 2584 634 2645 potanti,veltertrc'u
644 2587 707 2633 mal·
748 2585 826 2648 ρίους.
853 2580 949 2632 Ἐπειτ’
973 2582 1017 2630 ἐπὶ
1039 2581 1139 2640 τούτοις
1165 2583 1230 2629 πᾶσι
1250 2585 1296 2641 τῆς

159 2662 452 2724 tiplicuutt'Impurt'bua
463 2663 546 2712 neuim
563 2664 707 2713 tornacen-
750 2664 841 2726 σεμνῆς
865 2662 945 2722 θεᾶς,
985 2661 1035 2709 Καὶ
1064 2661 1109 2709 τοῦ
1136 2659 1295 2724 γλυκυτάτου

160 2745 245 2788 texere
258 2744 354 2789 catatu.
381 2741 431 2802 Qui
447 2742 510 2789 tales
527 2756 612 2790 versus
629 2741 708 2792 facere
748 2739 877 2803 βασιλέως
894 2739 1026 2804 διμοιρίαν,

159 2824 186 2868 et
203 2819 274 2869 edere
290 2826 381 2882 potest,
394 2820 435 2867 hic
451 2820 482 2869 de
499 2819 589 2882 spuriis
604 2821 708 2870 Horatio
783 2822 924 2869 Attonitae.
950 2817 1089 2868 Commeat.
1107 2822 1236 2880 expertas,
1252 2820 1294 2867 do·

160 2897 253 2945 additis
269 2912 319 2946 non
338 2898 411 2947 valde
431 2898 549 2947 sollicitus
567 2899 621 2947 erit.
648 2899 708 2949 Sen-
749 2905 813 2949 ctus.
846 2900 961 2948 Fortasse
982 2897 1050 2946 aliud
1070 2896 1145 2954 vidit,
1163 2912 1238 2961 quam
1254 2903 1294 2946 at·

159 2991 218 3024 sum
243 2984 326 3026 autem
342 2979 386 3026 vix
411 2976 565 3026 tolerabilem
586 2977 645 3025 hinc
665 2978 708 3026 eli·
750 2981 852 3028 territae.

159 3057 218 3105 cias.
235 3056 301 3106 Vide
318 3057 391 3105 modo
401 3056 561 3119 interpretes,
573 3057 600 3106 iu
612 3058 709 3107 diversa
783 3058 867 3106 Nautis
883 3058 970 3106 iuncta
986 3059 1118 3107 οουοήοοε.
1136 3059 1179 3106 Ex
1192 3057 1296 3105 Horatio

159 3136 287 3184 abeuntes.
309 3135 448 3185 Commodis
463 3151 509 3198 pro
523 3138 604 3199 plenis
617 3139 709 3201 accepit
749 3136 770 3185 Ι.
780 3135 864 3186 Caum.
879 3138 901 3185 4.
921 3139 1076 3199 Iactetueyue
1089 3139 1216 3199 Nymphis
1230 3137 1297 3184 Gra·

159 3215 323 3278 Rutgersius,
339 3213 458 3262 laudante
474 3214 596 3272 Bentlei0‚
613 3221 637 3264 et
645 3216 709 3264 Bur·
750 3217 801 3263 tiae
818 3217 935 3264 decentes.
969 3216 1004 3263 Et
1025 3213 1098 3262 alibi:
1124 3216 1220 3263 Gratia
1240 3229 1297 3262 eant

160 3309 245 3342 mann.
263 3295 290 3342 in
305 3293 412 3343 Anthol.
423 3293 445 3342 1.
457 3309 514 3356 pag.
531 3294 587 3342 636.
605 3294 708 3356 Vereor,
751 3297 878 3357 Nymphis
897 3293 1049 3356 yenaim‘aqae
1068 3293 1195 3341 acroribus
1220 3293 1297 3339 audet

160 3380 203 3431 ut,
220 3375 260 3422 hic
277 3374 388 3436 quidem,
405 3373 465 3422 satis
482 3374 578 3422 Latine.
750 3376 851 3423 Ducere
871 3375 942 3421 audo
957 3375 1050 3421 abaco.
1070 3370 1124 3421 Cur
1144 3376 1227 3419 autem
1244 3369 1296 3427 hic,

198 3455 250 3513 Qut
265 3455 358 3502 Maras
371 3460 441 3500 umut
453 3454 571 3514 turparet.
588 3453 709 3513 “Pocula,
750 3450 793 3499 ubi
809 3457 907 3500 tantum
924 3450 1059 3514 quaeritur,
1076 3450 1135 3513 quid
1152 3449 1240 3499 Gratia
1256 3464 1297 3498 vc·

160 3533 234 3590 dicit,
251 3534 393 3582 contineant
413 3532 453 3580 vel
471 3538 519 3581 tres
536 3534 651 3595 cyathos,
669 3533 709 3582 vel
749 3531 795 3590 lit,
820 3532 881 3595 quid
897 3546 949 3580 non
965 3530 1037 3588 velit,
1063 3545 1092 3579 ea
1109 3529 1205 3578 dicatur
1222 3531 1297 3580 nadis

159 3626 258 3660 novem.
282 3611 362 3661 Vates
378 3611 464 3659 bibant
481 3625 494 3659 e
511 3612 643 3660 maioribus
660 3612 709 3660 illis
749 3611 838 3659 inacte
853 3613 986 3669 sermione,
1004 3624 1055 3658 non
1071 3608 1193 3671 intelligo.

160 3705 252 3740 novem
273 3690 434 3754 cyathorum,
456 3689 516 3752 quia
539 3691 630 3739 Musae
650 3698 709 3739 sunt
783 3692 905 3740 Iaauat're
920 3691 999 3739 iuuat.
1022 3689 1154 3748 emanire,
1171 3689 1296 3745 bacchari,

159 3769 296 3830 imparea.'’
322 3769 372 3819 Sed
389 3769 432 3832 qui
449 3771 539 3834 pocula
559 3772 636 3818 trium
652 3785 708 3832 cya-
743 3771 848 3834 farere,
870 3777 928 3820 sunt
949 3771 1098 3819 Horatiana:
1119 3769 1162 3818 scd
1183 3781 1233 3815 non
1250 3766 1297 3814 nisi

160 3847 263 3895 thorum
275 3849 412 3909 exsiccant,
427 3849 485 3911 quia
502 3848 604 3898 Gratiae
620 3851 710 3899 nolunt
749 3849 815 3898 iusta
832 3857 916 3899 tantae
932 3849 1042 3898 laetitiae
1059 3862 1158 3906 caussa,
1176 3861 1240 3909 quae
1257 3845 1296 3892 hic

160 3940 239 3989 supra
254 3926 322 3976 hunc
339 3941 471 3975 numerum
492 3941 533 3976 eos
555 3934 657 3990 tangere
674 3929 709 3977 vi·
750 3928 948 3977 nullatraditur.
969 3927 1036 3976 Nam
1049 3925 1113 3974 illud
1122 3925 1227 3987 aayarc‘s
1238 3923 1296 3972 Ma·

160 4020 238 4063 uum,
259 4005 298 4054 illi
316 4006 391 4054 etiam
406 4006 498 4054 habeut
516 4021 649 4055 numerum
664 4008 708 4055 im-
750 4022 837 4064 renue,
854 4012 982 4068 tamquam
995 4004 1062 4053 aliud
1073 4017 1162 4066 agens,
1175 4002 1296 4065 apposuit.

159 4099 248 4149 parem
265 4092 290 4135 et
309 4091 448 4148 sequuntur
459 4086 526 4134 Deae
537 4088 642 4148 impares
652 4094 709 4144 tres,
784 4086 951 4146 Berecyntiae
966 4083 1072 4132 Certant
1078 4081 1190 4141 stantiae
1206 4082 1295 4130 tibiae?

160 4172 191 4213 ut
208 4171 277 4214 vates
297 4166 365 4215 Deas
385 4167 491 4228 impares
511 4179 608 4214 novem.
630 4166 710 4215 Doleo
751 4163 903 4212 ExHoratio
913 4162 961 4211 IV.
968 4161 1052 4212 carm.
1064 4161 1134 4209 tut.
1145 4161 1263 4222 lyraeque
1271 4166 1297 4208 et

160 4243 330 4293 Plutarchum
357 4246 383 4293 in
410 4244 574 4308 Symposiacis
602 4244 634 4293 Τ.
659 4244 709 4293 III.
752 4245 920 4306 Berecyntiae
938 4242 1099 4291 Delectubere
1116 4241 1192 4289 tibiae
1208 4239 1298 4287 Mittis

160 4322 253 4372 Moral.
271 4339 327 4387 pag.
345 4325 402 4377 678.
420 4341 436 4374 a
455 4325 564 4374 librariis
581 4326 642 4374 adeo
658 4338 710 4373 esse
732 4373 734 4391 Ι
753 4323 920 4380 carminibus,
938 4336 987 4370 aaa
1003 4318 1168 4382 siaefittala.
1201 4317 1297 4377 Audis,

1124 4402 1164 4463 16
